2332 3854
288 195 359 248 86
973 209 1127 248 LIBER
1167 209 1202 247 1.
1245 209 1366 247 CAP.
1409 208 1555 249 Lxxl.

374 310 637 355 Praeterea:
667 310 1002 355 contrariorum
1018 311 1219 355 rationes
1244 310 1292 354 in
1315 310 1469 355 anima
1484 312 1579 355 non
1594 321 1700 356 sunt
1723 312 1993 367 contrariae,
2020 311 2244 358 alias'non

289 377 427 422 simul
453 388 603 422 essent
627 378 673 422 in
702 378 870 434 anima,
895 392 980 423 nec
1008 377 1145 423 simul
1177 387 1589 436 cognoscerentur;
1618 378 1740 423 -ratio
1778 393 1905 438 ergo,
1937 392 2026 438 qua
2059 379 2240 439 cogno-

287 445 426 489 scitur
451 443 642 499 malum,
668 459 763 489 non
789 455 1012 504 repugnat
1035 445 1176 498 bon0,
1204 444 1283 489 sed
1310 445 1456 504 magis
1483 445 1540 490 ad
1570 445 1797 490 rationem
1824 445 1933 490 boni
1955 445 2169 505 pertinet.
2191 446 2242 490 Si

286 512 424 570 igitur
449 513 496 555 in
523 513 625 556 Deo
653 522 838 571 propter
871 526 1001 556 suam
1027 511 1283 556 absolutam
1314 512 1642 572 perfectionem
1670 512 1962 557 inveniuntur
1988 511 2149 558 omnes
2177 526 2247 557 ra-

286 579 435 623 tiones
460 579 690 633 bonitatis,
718 589 766 622 ut
792 593 926 637 supra
949 579 1008 636 (c.
1040 579 1134 637 40.)
1162 579 1405 638 probatum
1438 589 1518 634 est,
1549 579 1818 639 relinquitur
1839 579 1962 638 quod
1981 579 2026 623 in
2058 578 2157 640 ipso
2188 581 2246 625 sit

286 646 418 700 ratio,
442 661 531 705 qua
558 645 733 689 malum
761 645 1068 704 cognoscitur,
1097 655 1141 690 et
1166 646 1231 691 sic
1259 655 1324 690 est
1351 647 1488 690 etiam
1516 645 1746 690 malorum
1773 646 2129 705 cognoscitivus,

378 714 520 757 Item:
548 728 707 757 verum
735 722 802 756 est
826 713 1000 756 bonum
1033 711 1312 767 intellectus;
1340 727 1393 757 ex
1424 713 1515 757 hoc
1550 714 1672 757 enim
1707 712 1867 772 aliquis
1900 710 2159 759 intellectti's'
2187 713 2250 758 di-

292 781 408 824 citur
434 782 594 834 bonus,
623 779 745 839 quod
778 794 938 823 verum
971 781 1222 839 cognoscit.
1256 780 1430 824 Verum
1464 790 1616 825 autem
1647 795 1742 825 non
1784 780 1935 825 solum
1971 790 2039 825 est
2072 778 2247 833 bonum

291 862 389 892 esse
415 848 604 900 bonum,
632 847 709 890 sed
737 847 875 890 etiam
898 846 1074 891 malum
1101 861 1199 892 esse
1220 847 1420 902 malum;
1443 849 1559 892 sicut
1581 848 1704 892 enim
1730 862 1891 892 verum
1908 857 1975 892 est
2001 861 2098 892 esse
2118 847 2247 908 'quod

299 925 379 969 est,
410 915 473 957 ita
500 928 659 957 verum
687 923 753 958 est
777 927 870 957 non
895 928 992 959 esse
1019 915 1142 974 quod
1164 929 1257 959 non
1281 924 1361 959 est,
1389 915 1573 959 Bonum
1598 916 1736 974 igitur
1759 914 2019 959 intellectus
2036 911 2175 960 etiam
2198 913 2246 959 in

291 981 556 1039 cognitione
584 980 695 1024 mali
723 981 941 1025 consistit.
977 982 1067 1025 Sed
1095 996 1201 1025 cum
1228 981 1404 1026 divinus
1433 981 1690 1026 intellectus
1713 983 1770 1026 sit
1789 981 2014 1041 perfectus
2027 981 2248 1038 bonitate,

286 1062 379 1091 non
394 1056 543 1107 potest
565 1047 629 1091 illi
648 1048 804 1092 deesse
818 1048 974 1108 -aliqua
991 1047 1371 1093 intellectualium
1387 1048 1748 1107 perfectionum;
1768 1049 1895 1094 adest
1915 1048 2051 1108 igitur
2072 1046 2139 1093 illi
2157 1062 2251 1093 ma·

288 1115 442 1159 lorum
470 1115 688 1173 cognitio.

377 1181 614 1239 Amplius:
642 1182 768 1226 Deus
796 1183 1038 1241 cognoscit
1062 1197 1215 1227 rerum
1248 1181 1603 1237 distinctionem,
1635 1193 1686 1227 ut
1716 1196 1852 1242 supra
1884 1183 1944 1240 (c.
1983 1182 2071 1241 50.)
2099 1192 2247 1228 osten·

289 1263 393 1293 sum
421 1259 500 1293 est.
530 1249 621 1293 Sed
647 1249 694 1292 in
711 1249 888 1294 ratione
912 1249 1214 1294 distinctionis
1229 1259 1297 1294 est
1321 1250 1533 1308 negati03
1561 1250 1771 1294 distincta
1784 1249 1907 1294 enim
1933 1258 2038 1294 sunt
2054 1251 2250 1309 quorum

290 1330 435 1359 unum
471 1330 566 1359 non
598 1326 667 1360 est
699 1315 835 1370 aliud,
863 1317 983 1361 unde
1017 1326 1061 1362 et
1091 1317 1239 1376 prima
1276 1331 1393 1376 quae
1420 1316 1578 1376 seipsis
1606 1317 1956 1376 distinguuntur,
1981 1316 2144 1361 mutuo
2180 1316 2251 1361 sui

288 1383 585 1442 negationem
611 1382 866 1437 includunt,
891 1383 1069 1428 ratione
1097 1385 1225 1442 cujus
1250 1384 1494 1443 negativae
1521 1384 1858 1444 propositiones
1875 1383 1923 1428 in
1949 1384 2012 1428 eis
2038 1393 2144 1435 sunt
2165 1384 2247 1428 im-

289 1450 503 1504 mediate,
526 1460 576 1494 ut
601 1450 727 1494 nulla
744 1451 970 1528 quantitas
988 1461 1055 1495 est
1076 1451 1338 1496 substantia.
1359 1451 1615 1510 Cognoscit
1635 1451 1774 1510 igitur
1787 1451 1914 1496 Deus
1938 1445 2248 1510 negationem.

291 1517 493 1562 Privatio
520 1527 673 1562 autem
700 1518 884 1576 negatio
918 1519 1144 1578 quaedam
1178 1528 1246 1563 est
1274 1519 1322 1562 in
1351 1518 1565 1596 ‘subjecto
1599 1518 1917 1574 determinato,
1942 1527 1993 1563 ut
2016 1517 2064 1562 in
2089 1526 2251 1578 quarto

291 1585 493 1644 Metaph.
518 1585 569 1643 (t.
589 1599 627 1628 c.
646 1584 710 1642 4.)
739 1585 1016 1639 ostenditur3
1044 1585 1285 1644 cognoscit
1300 1596 1438 1644 igitur
1453 1586 1773 1645 privationem,
1801 1595 1845 1630 et
1869 1599 1950 1646 per
1966 1587 2252 1674 consequens

291 1651 482 1706 malum,
510 1653 632 1710 quod
657 1651 773 1695 nihil
799 1662 866 1696 est
892 1653 1013 1697 aliud
1040 1666 1179 1712 quam
1203 1652 1398 1711 privatio
1426 1652 1603 1697 debitae
1627 1644 1933 1712 perfectionis.

378 1719 642 1763 Praeterea:
672 1721 709 1763 si
724 1719 852 1763 Deus
871 1720 1111 1778 cognoscit
1128 1734 1288 1764 omnes
1306 1720 1480 1779 species
1504 1735 1669 1774 rerum,
1692 1729 1740 1764 ut
1766 1734 1900 1780 supra
1923 1720 1983 1779 (c.
2005 1732 2077 1780 49.
2097 1729 2142 1764 et
2164 1719 2253 1777 50.)

298 1786 540 1845 probatum
568 1795 648 1840 est,
676 1796 720 1830 et
753 1787 892 1830 etiam
924 1801 950 1830 a
986 1787 1254 1846 quibusdam
1296 1786 1584 1846 philosophis
1622 1786 1902 1842 conceditur,
1937 1797 1983 1832 et
2017 1786 2248 1846 probatur,

293 1862 475 1911 oportet
508 1853 631 1912 quod
664 1863 918 1911 cognoscat
950 1854 1190 1907 contraria,
1223 1864 1322 1897 tum
1359 1855 1465 1913 quia
1492 1854 1798 1913 quorumdam
1830 1860 2051 1913 generum
2076 1852 2251 1912 species

296 1930 401 1964 sunt
427 1920 697 1974 contrariae,
723 1931 821 1964 tum
849 1921 954 1979 quia
981 1920 1262 1965 differentiae
1290 1935 1512 1979 generum
1545 1931 1649 1965 sunt
1675 1921 1947 1976 contrariae,
1972 1930 2023 1965 ut
2051 1929 2177 1980 patet
2204 1919 2254 1964 in

297 1987 479 2031 decimo
505 1987 708 2046 Metaph.
736 1988 787 2044 (t.
812 2002 850 2033 c.
883 1988 984 2046 13.).
1015 1987 1105 2031 Sed
1131 1988 1179 2031 in
1207 1988 1444 2032 contrariis
1477 1987 1724 2032 includitur
1750 1987 1981 2048 oppositio
2007 1986 2186 2032 formae
2208 1996 2254 2032 et

291 2054 572 2113 privationis,
599 2063 647 2098 ut
677 2054 848 2098 ibidem
873 2055 1090 2109 habetur;
1118 2069 1229 2114 ergo
1258 2065 1439 2114 oportet
1465 2055 1587 2114 quod
1613 2055 1740 2100 Deus
1767 2063 2018 2115 cognoscat
2037 2053 2250 2115 privatio·

290 2135 414 2176 nem,
442 2131 486 2166 et
511 2135 591 2180 per
618 2135 906 2181 consequens
933 2121 1123 2167 malurn.

379 2189 569 2234 Adhuc:
597 2189 723 2233 Deus
741 2189 980 2248 cognoscit
995 2204 1090 2234 non
1108 2189 1260 2234 solum
1276 2189 1491 2244 formam,
1509 2188 1588 2234 sed
1611 2189 1751 2234 etiam
1777 2188 2033 2247 materiam,
2050 2188 2253 2253 utsupra

291 2256 351 2313 (c.
378 2254 472 2313 65.)
500 2266 735 2300 ostensum
763 2266 843 2300 est.
871 2256 1064 2301 Materia
1092 2267 1245 2301 autem
1273 2271 1379 2301 cum
1398 2257 1455 2301 sit
1481 2271 1560 2301 ens
1586 2257 1633 2300 in
1657 2256 1878 2315 potentia,
1912 2254 2134 2316 cognosci
2158 2256 2257 2315 per-

290 2323 408 2367 fecte
433 2337 528 2367 non
554 2333 717 2382 potest,
743 2323 832 2367 nisi
859 2334 1166 2383 cognoscatur
1199 2324 1254 2368 ad
1288 2338 1403 2383 quae
1438 2324 1533 2382 ejus
1565 2324 1768 2383 potentia
1799 2337 1848 2368 se
1890 2320 2252 2378 extendit,‘sicut

289 2390 428 2439 etiam
454 2390 500 2434 in
528 2390 742 2435 omnibus
785 2390 884 2435 aliis
918 2391 1132 2450 potentiis
1161 2391 1339 2436 accidit.
1367 2391 1579 2435 Extendit
1616 2399 1768 2435 autem
1801 2405 1849 2435 se
1879 2389 2085 2451 potentIa
2111 2398 2257 2443 mate·

292 2457 385 2500 riae
418 2457 474 2501 ad
514 2456 713 2501 formam
747 2467 792 2503 et
821 2458 1150 2517 privationem3
1193 2458 1315 2517 quod
1343 2459 1466 2503 enim
1505 2467 1655 2517 potest
1682 2471 1794 2516 esse,
1821 2467 1972 2516 potest
1997 2456 2137 2503 etiam
2161 2453 2256 2502 non

294 2537 406 2568 esse.
440 2523 562 2583 Ergo
605 2525 730 2569 Deus
769 2525 1010 2584 cognoscit
1049 2525 1370 2585 privationem,
1404 2535 1447 2570 et
1479 2525 1543 2569 sic
1578 2525 1816 2584 cognoscit
1847 2539 1932 2585 per
1972 2536 2256 2586 consequens

293 2590 480 2635 malum.

380 2658 518 2702 Item:
547 2659 587 2703 si
612 2659 740 2704 Deus
768 2659 1009 2718 cognoscit
1035 2659 1203 2719 aliquid
1231 2660 1352 2705 aliud
1379 2674 1405 2704 a
1432 2674 1494 2715 se,
1526 2659 1726 2704 maxime
1759 2669 2012 2718 cognoscet
2037 2651 2160 2720 quod
2187 2668 2256 2704 est

294 2725 546 2784 optimum;
572 2726 663 2771 hoc
691 2736 845 2771 autem
872 2737 941 2771 est
967 2727 1081 2772 ordo
1108 2728 1319 2782 universi,
1343 2727 1398 2771 ad
1425 2741 1562 2786 quem
1589 2726 1706 2771 sicut
1731 2726 1786 2770 ad
1813 2726 1952 2771 finem
1979 2725 2135 2770 omnia
2161 2738 2258 2786 par-

291 2792 499 2836 ticularia
528 2793 651 2838 bona
689 2794 966 2839 ordinantur.
1000 2795 1052 2838 In
1090 2794 1248 2839 ordine
1292 2804 1444 2839 autem
1481 2793 1679 2838 universi
1712 2803 1817 2837 sunt
1855 2792 2097 2853 quaedam,
2134 2806 2251 2852 quae

293 2870 398 2904 sunt
424 2860 479 2903 ad
512 2861 846 2905 removendum
878 2871 1174 2916 nocumenta,
1208 2876 1324 2920 quae
1356 2870 1544 2920 possent
1569 2875 1624 2905 ex
1656 2859 1928 2919 quibusdam
1960 2859 2060 2904 aliis
2096 2873 2255 2920 prove·

298 2927 410 2981 nire,
437 2937 486 2971 ut
511 2936 634 2986 patet
659 2923 706 2971 in
737 2927 808 2971 his
842 2936 958 2987 q'uae
995 2929 1158 2973 dantur
1194 2928 1466 2973 animalibus
1501 2929 1556 2972 ad
1590 2926 1930 2983 defensionem3
1947 2938 2070 2987 ergo
2099 2926 2254 2987 hujus-

295 2995 424 3039 modi
448 3005 729 3039 nocumenta
754 2995 881 3040 Deus
909 2996 1168 3055 cognoscit;
1198 2996 1438 3054 cognoscit
1469 2995 1607 3054 igitur
1632 2994 1768 3038 mala.

380 3062 650 3106 Praeterea·
683 3062 729 3106 in
761 3062 893 3107 nobis
927 3063 1157 3107 malorum
1191 3063 1396 3121 cognitio
1423 3075 1659 3120 nunquam
1685 3061 1979 3121 vituperatur,
2005 3040 2257 3107 secundum

290 3129 335 3172 id
362 3129 484 3188 quod
509 3143 589 3188 per
606 3143 654 3174 se
680 3129 896 3173 scientiae
915 3140 995 3183 est,
1018 3130 1063 3174 id
1082 3139 1149 3174 est
1165 3129 1417 3174 secundum
1432 3128 1653 3187 judicium
1671 3129 1794 3187 quod
1816 3128 2010 3174 habetur
2026 3128 2081 3173 de
2101 3127 2255 3183 malis;

293 3195 372 3239 sed
400 3210 479 3254 per
506 3196 732 3250 accidens,
767 3196 1020 3240 secundum
1047 3196 1169 3255 quod
1207 3210 1285 3255 per
1318 3194 1548 3239 malorum
1582 3194 1998 3241 considerationem
2029 3194 2256 3240 interdum
2330 3226 2332 3228 -

292 3261 453 3321 aliquis
481 3263 537 3306 ad
564 3262 686 3307 mala
712 3263 968 3307 inclinatur.
993 3262 1095 3307 Hoc
1124 3272 1277 3307 autem
1304 3276 1398 3306 non
1426 3272 1493 3306 est
1514 3262 1559 3306 in
1586 3260 1705 3316 Deo,
1724 3262 1828 3321 quia
1850 3260 2146 3307 immutabilis
2174 3270 2256 3316 est,

292 3338 341 3372 ut
366 3343 501 3387 supra
527 3330 590 3387 (c.
623 3331 710 3388 ¹3·)
737 3340 971 3375 ostensum
996 3342 1091 3387 est,
1118 3330 1234 3375 nihil
1259 3330 1395 3389 igitur
1433 3330 1646 3389 prohibet
1676 3330 1785 3389 quin
1816 3330 1943 3376 Deus
1974 3328 2151 3374 malum
2183 3342 2260 3374 co-

298 3406 504 3507 gnolfflcuaitc-
533 3473 686 3508 autem
714 3475 939 3510 consonat
965 3464 1087 3525 quod
1115 3464 1278 3510 dicitur
1305 3462 1433 3525 (Sap.
1460 3463 1563 3508 VII.
1610 3462 1714 3523 30.),
1741 3462 1865 3524 quod
1885 3460 2251 3524 Deifisapimtiam

293 3543 377 3573 non
408 3531 545 3575 vincit
575 3532 742 3576 malitia
756 3547 772 3585 ,·
792 3541 836 3577 et
858 3532 1014 3591 (Prov.
1042 3531 1142 3577 XV.
1175 3530 1264 3590 11.)
1292 3529 1482 3577 dicitur:
1509 3530 1704 3590 Infernas
1734 3537 1774 3577 et
1786 3526 2143 3592 pardffioffcoram
2167 3528 2256 3576 Do·

288 3597 403 3641 mino
414 3611 430 3649 ;
460 3606 504 3641 et
524 3596 571 3641 in
593 3596 710 3643 Psal.
730 3597 937 3643 LXVIII.
966 3597 1031 3644 6.:
1063 3599 1231 3645 Delicta
1253 3612 1345 3645 mea
1363 3612 1388 3643 a
1416 3603 1450 3644 te
1465 3611 1549 3643 non
1566 3603 1658 3643 sunt
1678 3594 1922 3644 abscon'dita
1933 3611 1951 3651 ,·
1979 3592 2028 3642 ἐτ’
2045 3594 2150 3655 (Job
2170 3591 2253 3641 xt.
