2332 3854
846 182 1001 224 mmm
1037 181 1095 223 τι.
1136 182 1257 223 car».
1299 180 1369 222 m.
1991 166 2090 237 185

140 284 271 331 modi
301 285 425 331 enim
459 283 636 330 formae
668 298 785 345 quae
818 286 988 332 habent
1021 299 1120 333 esse
1145 285 1193 331 in
1219 284 1407 331 materia
1441 282 1710 343 obligatum,
1742 296 1837 329 non
1871 283 2097 344 recipiunt

52 360 64 376 'v
141 351 312 412 aliquid
336 350 466 412 <quod
499 351 549 397 in
585 354 776 397 materia
805 366 899 398 non
924 354 1180 412 recipiatur.
1213 351 1338 398 Cum
1369 350 1506 411 igitur
1528 351 1731 410 receptio
1763 350 2017 395 formarum
2049 351 2095 396 in

55 419 66 467 ζ.
139 417 375 464 intellectu
400 432 494 464 non
519 419 576 464 sit
600 420 801 479 receptio
832 420 1084 465 formarum
1111 420 1158 465 in
1182 420 1388 475 materia,
1418 417 1701 478 impossibile
1724 428 1791 464 est
1814 418 1937 478 quod
1970 418 2100 463 intel-

140 484 286 531 lentus
307 485 370 530 sit
392 484 542 530 forma
568 485 828 530 materialis.

228 552 493 598 Praeterea:
519 552 670 598 dicere
687 553 809 611 quod
835 553 1092 599 intellectus
1118 554 1175 599 sit
1199 553 1348 598 forma
1373 567 1467 598 non
1485 553 1746 606 subsistenS,
1771 551 1850 597 sed
1872 552 2092 598 materiae

137 619 374 674 immersa,
406 619 529 664 idem
556 630 625 665 est
654 619 906 664 secundum
932 634 1044 674 rem,
1071 634 1124 664 ac
1156 621 1193 664 si
1229 621 1418 674 dicatur,
1445 619 1567 680 quod
1602 618 1860 664 intellectus
1884 618 1942 663 sit
1973 632 2098 663 com·

141 686 316 747 positus
348 701 403 731 ex
428 688 615 731 materia
642 696 688 731 et
716 684 891 741 forma3
926 686 1073 731 differt
1109 697 1262 732 autem
1288 686 1439 731 solum
1472 686 1724 732 secundum
1753 698 1939 730 nomen.
1973 685 2098 730 Nam

138 752 292 813 primo
309 753 451 797 modo
478 753 702 798 diceretur
716 751 973 798 intellectus
989 753 1138 797 forma
1162 754 1260 813 ipsa
1289 753 1556 813 compositi:
1591 752 1794 798 secundo
1818 766 1928 797 vero
1954 752 2097 797 modo

54 840 57 843 »
135 819 368 865 diceretur
392 819 648 865 intellectus
663 820 815 879 ipsum
834 821 1166 879 compositum;
1184 822 1222 865 si
1246 820 1383 878 igitur
1398 820 1565 865 falsum
1592 830 1672 875 est,
1698 818 1981 865 intellectum
1997 833 2098 864 esse

139 887 450 947 compositum
477 901 531 932 ex
562 887 753 932 materia
774 897 820 932 et
844 887 1007 942 forma,
1039 886 1205 932 falsum
1233 888 1317 932 erit
1341 888 1463 946 quod
1480 889 1536 932 sit
1556 887 1705 932 forma
1721 900 1814 932 non
1835 886 2097 940 subsistens,

135 953 223 998 aed
253 953 513 999 materialis.

917 1125 1172 1183 CAPUT
1211 1126 1332 1182 LII.

366 1260 528 1309 QUOD
568 1261 625 1302 IN
667 1261 1018 1302 SUBSTANTIIS
1060 1261 1605 1303 INTELLECTUALIBUS
1647 1261 1876 1301 CREATIS

685 1336 916 1375 DIFFERT
948 1337 1092 1388 ESSE,
1132 1338 1203 1376 ET
1246 1336 1404 1383 QUOD
1445 1337 1564 1375 EST.

795 1439 854 1498 (I.
875 1439 986 1484 Sent.
1013 1439 1104 1485 dist.
1127 1454 1163 1499 3.
1191 1445 1342 1498 quaest.
1369 1439 1442 1498 L).

230 1548 340 1595 Non
365 1558 434 1594 est
458 1548 741 1608 opinandum
767 1549 890 1608 quod
907 1549 1115 1609 quamvis
1142 1549 1419 1595 substantiae
1434 1548 1765 1593 intellectuales
1781 1562 1876 1593 non
1902 1548 1991 1593 sint
2006 1562 2103 1594 cor-

143 1628 326 1676 poreae,
350 1630 436 1661 nec
453 1630 508 1660 ex
525 1616 714 1661 materia
731 1626 776 1661 et
790 1615 939 1661 forma
966 1618 1264 1676 compositae,
1280 1630 1365 1660 nec
1391 1616 1439 1660 in
1464 1616 1656 1660 materia
1683 1616 1962 1670 exsistentes,
1986 1615 2103 1660 sicut

45 1726 48 1734 ,
83 1704 89 1716 .
146 1681 325 1728 formae
357 1682 698 1737 immateriales,
730 1683 854 1743 quod
890 1694 1076 1743 propter
1107 1684 1197 1728 hoc
1235 1683 1414 1728 divinae
1451 1682 1732 1742 simplicitati
1772 1682 2101 1742 adaequentur:

140 1749 373 1795 invenitur
397 1750 520 1795 enim
537 1751 583 1794 in
610 1750 674 1794 eis
701 1749 852 1810 aliqua
878 1751 1169 1810 compositio,
1193 1765 1247 1795 ex
1274 1764 1330 1795 eo
1347 1750 1470 1810 quod
1485 1764 1580 1795 non
1599 1760 1667 1795 est
1683 1750 1806 1794 idem
1832 1751 1879 1795 in
1906 1749 1970 1794 eis
1988 1763 2102 1804 esse,

16 1820 58 1857 4*
135 1825 191 1862 et
213 1815 339 1876 quod
363 1826 445 1862 est.
473 1815 522 1861 Si
553 1817 678 1862 enim
705 1831 803 1862 esse
828 1827 899 1862 est
921 1817 1186 1872 subsistens,
1206 1817 1328 1862 nihil
1364 1828 1542 1877 praeter
1566 1817 1718 1876 ipsum
1757 1830 1858 1862 esse
1885 1817 1924 1861 ei
1951 1816 2104 1875 adjun-

139 1882 281 1942 p'tur,
299 1882 413 1942 quia
430 1883 574 1928 etiam
594 1883 643 1928 in
664 1883 736 1929 his
758 1884 953 1943 quotum
976 1899 1076 1929 esse
1091 1899 1186 1930 non
1203 1894 1271 1929 est
1294 1885 1556 1939 subsistens,
1588 1884 1710 1943 quod
1735 1883 1852 1929 inest
1873 1884 2103 1929 exsistenti

139 1959 322 2009 ⁴praeter
350 1963 451 1996 esse
483 1951 594 2008 ejus,
628 1959 695 1995 est
729 1951 916 2010 quidem
946 1952 1178 1997 exsistenti
1211 1952 1405 2006 unitum,
1426 1965 1521 1996 non
1556 1961 1709 1996 autem
1735 1960 1802 1996 est
1827 1963 1970 1996 unum
1996 1964 2102 1995 cum

143 2029 246 2062 esse
271 2016 383 2075 ejus,
407 2016 497 2063 nisi
521 2031 601 2076 per
626 2018 853 2074 accidens,
878 2019 924 2063 in
950 2029 1170 2078 quantum
1189 2029 1258 2063 est
1281 2033 1423 2064 unum
1445 2018 1700 2078 subjectum
1725 2018 1899 2063 habens
1917 2031 2030 2072 esse,
2055 2027 2101 2063 et

141 2083 191 2127 id
209 2083 332 2143 quod
357 2093 426 2128 est
449 2093 626 2144 praeter
652 2099 775 2139 aese3
801 2086 917 2130 sicut
940 2096 1065 2144 patet
1089 2086 1211 2145 quod
1230 2086 1423 2140 Socrati,
1441 2096 1619 2146 praeter
1636 2099 1770 2131 suum
1786 2099 1884 2130 esse
1902 2085 2105 2130 substan-

139 2149 268 2204 tiale,
299 2150 418 2196 inest
447 2150 617 2206 album,
640 2153 763 2211 quod
787 2153 973 2212 quidem
999 2153 1229 2199 diversum
1255 2163 1325 2198 est
1346 2154 1399 2198 ab
1428 2155 1523 2212 ejus
1550 2167 1648 2198 esse
1673 2152 1981 2198 substantiali:
2007 2166 2103 2198 non

152 2216 276 2262 enim
300 2217 422 2262 idem
456 2228 524 2262 est
549 2232 648 2263 esse
665 2218 923 2274 Socratem,
949 2230 995 2265 et
1009 2234 1107 2265 esse
1126 2220 1294 2275 album,
1320 2221 1407 2265 nisi
1423 2234 1504 2280 per
1530 2220 1756 2264 accidens.
1785 2219 1835 2264 Si
1856 2220 1993 2278 igitur
2008 2233 2103 2264 non

150 2284 208 2331 sit
231 2297 330 2330 esse
354 2284 402 2329 in
428 2283 579 2344 aliqua
604 2286 868 2341 substantia,
892 2300 986 2331 non
1012 2288 1266 2332 remanebit
1290 2287 1452 2347 aliquis
1478 2287 1643 2332 modus
1683 2288 1731 2331 in
1765 2301 1856 2346 quo
1888 2287 2031 2346 possit
2063 2287 2105 2331 ei

138 2350 265 2399 uniri
294 2350 407 2397 iuud
424 2351 547 2411 quod
562 2362 630 2397 est
654 2364 831 2412 praeter
847 2367 959 2399 esse.
977 2353 1087 2399 Esse
1114 2364 1283 2409 autem,
1307 2355 1356 2398 in
1383 2363 1603 2414 quantum
1621 2365 1687 2399 est
1709 2368 1822 2408 esse,
1843 2368 1938 2399 non
1955 2364 2106 2413 potest

13 2400 44 2447 ⁸<
83 2438 90 2444 ·
138 2426 246 2465 -eaee
272 2418 528 2463 diversum:
555 2429 704 2478 potest
730 2430 883 2465 autem
909 2421 1203 2466 diversificari
1228 2436 1308 2480 per
1334 2420 1505 2480 aliquid
1530 2421 1653 2480 quod
1690 2431 1757 2466 est
1781 2431 1959 2479 praeter
1990 2435 2105 2476 esse,

140 2483 268 2533 tit-‘ut
297 2499 396 2531 esse
419 2485 583 2546 lapidis
609 2496 678 2532 est
709 2486 829 2532 aliud
847 2488 901 2533 ab
920 2502 1018 2533 esse
1049 2488 1265 2533 hominis.
1292 2488 1410 2533 Illud
1436 2488 1572 2548 igitur
1603 2488 1726 2548 quod
1754 2498 1820 2533 est
1841 2488 2104 2543 subsistens,

135 2565 241 2599 >non
261 2562 413 2612 potest
433 2567 532 2599 esse
547 2554 637 2599 nisi
649 2569 790 2599 unum
815 2565 1008 2600 tantum.
1035 2555 1290 2601 Ostensnm
1317 2565 1385 2600 est
1400 2566 1553 2600 autem
1567 2556 1688 2615 (Lib.
1705 2557 1738 2599 I.
1767 2570 1805 2600 c.
1832 2568 1903 2600 22.
1931 2566 1976 2601 et
1995 2555 2105 2613 42.),

146 2619 273 2680 quod
292 2620 420 2666 Deus
443 2631 514 2666 est
543 2636 679 2667 suum
712 2636 810 2668 esse
831 2623 1096 2668 subsistens.
1122 2623 1250 2669 Nihil
1274 2623 1410 2683 igitur
1435 2623 1557 2668 aliud
1583 2634 1761 2682 praeter
1780 2623 1930 2682 ipsum
1956 2633 2105 2683 potest

148 2699 248 2733 mse
268 2701 407 2733 suum
432 2702 544 2734 esse.
573 2689 772 2748 Oportet
794 2690 932 2749 igitur
956 2691 1004 2735 in
1041 2691 1169 2735 omni
1205 2690 1455 2735 substantia
1481 2704 1598 2749 quae
1625 2699 1691 2735 est
1728 2700 1905 2749 praeter
1937 2690 2103 2750 ipsum,

148 2767 248 2800 esse
273 2754 394 2799 aliud
426 2755 572 2814 ipsam
605 2756 918 2810 substantiam,
945 2766 990 2801 et
1016 2756 1143 2800 aliud
1161 2758 1256 2815 ejus
1289 2770 1400 2801 esse.

236 2820 472 2880 Amplius.
496 2832 658 2867 natura
685 2824 959 2878 communis,
991 2838 1030 2868 si
1045 2834 1252 2882 separata
1276 2823 1570 2883 intelligatur,
1587 2837 1682 2868 non
1713 2833 1867 2902 potest
1891 2838 1991 2869 esse
2015 2823 2103 2868 nisi

140 2902 253 2945 ma,
277 2891 485 2949 quamvis
510 2890 730 2936 habentes
745 2901 956 2935 naturam
971 2891 1102 2936 illam
1119 2891 1269 2950 plures
1295 2891 1473 2950 possint
1492 2891 1714 2937 inveniri:
1743 2892 1780 2936 si
1798 2892 1919 2936 enim
1941 2902 2101 2937 natura

150 2955 358 3002 animalis
374 2971 453 3017 per
464 2971 512 3002 se
523 2967 731 3017 separata
748 2958 1022 3012 subsisteret,
1040 2973 1135 3003 non
1151 2959 1338 3003 haberet
1354 2973 1408 3003 ea
1421 2973 1537 3018 quae
1554 2969 1659 3003 sunt
1668 2958 1886 3013 hominis,
1897 2958 1973 3004 vel
1987 2973 2103 3017 quae

149 3033 252 3068 sunt
265 3023 396 3068 bovis
409 3039 421 3078 ;
436 3025 530 3083 iarn
547 3025 672 3069 enim
685 3039 778 3070 non
797 3035 916 3070 esset
932 3025 1102 3069 animal
1117 3034 1309 3080 tantum,
1326 3025 1405 3070 sed
1421 3026 1582 3080 horno,
1600 3025 1674 3070 vel
1691 3026 1789 3070 bos.
1807 3025 2015 3070 Remotis
2033 3040 2107 3071 au-

148 3099 240 3135 tem
264 3088 527 3135 differentiis
545 3091 846 3136 constitutivis
865 3092 1136 3152 specierum,
1161 3102 1368 3136 remanet
1383 3102 1543 3136 natura
1562 3092 1738 3151 generis
1764 3092 1977 3137 indivisa:
2001 3093 2106 3152 quia

149 3155 339 3201 eaedem
352 3155 631 3202 differentiae
658 3172 774 3217 quae
795 3168 900 3203 sunt
914 3159 1232 3204 constitutivae
1250 3159 1519 3218 specierum,
1537 3169 1641 3203 sunt
1673 3159 1889 3204 divisivae
1913 3161 2106 3218 generis.

151 3221 227 3267 Sic
243 3222 379 3282 igitur
389 3223 428 3268 si
444 3223 534 3268 hoc
544 3224 711 3284 ipsum,
723 3225 847 3284 quod
864 3237 1059 3282 estesse,
1078 3227 1134 3271 sit
1152 3240 1414 3281 commune,
1431 3226 1548 3271 sicut
1570 3240 1712 3285 genus
1729 3240 1827 3271 esse
1845 3236 2107 3286 separatum

150 3302 230 3349 per
254 3303 303 3333 se
329 3289 589 3344 subsistens,
610 3305 704 3335 non
727 3301 878 3351 potest
901 3306 1000 3337 esse
1026 3293 1114 3337 nisi
1139 3307 1305 3339 unum:
1328 3294 1366 3338 si
1390 3307 1500 3337 vero
1527 3307 1621 3337 non
1648 3293 1874 3337 dividatur
1899 3292 2104 3338 differen-

150 3354 224 3400 tiis
249 3355 366 3400 sicut
391 3370 549 3415 genus,
581 3357 659 3401 sed
685 3371 765 3417 per
796 3358 887 3403 hoc
914 3360 1038 3418 quod
1064 3370 1132 3404 est
1156 3360 1290 3418 hujus
1321 3358 1396 3404 vel
1420 3358 1541 3403 illius
1568 3373 1681 3413 esse,
1706 3359 1799 3418 jam
1835 3360 1926 3404 hoc
1954 3360 2105 3419 magis

152 3431 222 3467 est
241 3436 416 3476 verum,
434 3423 557 3482 quod
571 3437 667 3468 non
683 3434 832 3483 potest
848 3437 946 3479 esse
972 3440 1051 3484 per
1075 3441 1123 3471 se
1141 3426 1360 3471 exsistens
1383 3426 1472 3470 nisi
1487 3440 1645 3471 unum.
1666 3425 1953 3486 Relinquitur
1966 3426 2105 3486 igitur

151 3487 276 3548 qnod
301 3502 407 3534 cum
430 3489 558 3535 Deus
583 3490 641 3535 sit
665 3504 746 3536 ens
772 3491 1033 3547 subsistens,
1058 3492 1173 3538 nihil
1205 3492 1327 3537 aliud
1352 3502 1530 3551 praeter
1554 3493 1705 3553 ipsum
1731 3501 1802 3539 est
1828 3507 1964 3540 suum
1988 3508 2102 3541 esse.

241 3554 433 3601 Adhuc:
472 3556 754 3617 impossibile
792 3566 861 3604 est
890 3559 1014 3619 quod
1045 3560 1103 3605 sit
1136 3558 1300 3619 duplex
1340 3572 1438 3605 esse
1471 3560 1664 3606 omnino
1707 3559 1960 3607 infinitum:
2003 3575 2102 3608 esse

1794 3765 1814 3781 ρ
