<?xml version="1.0" encoding="UTF-8"?>
<!DOCTYPE html PUBLIC "-//W3C//DTD XHTML 1.0 Transitional//EN"
    "http://www.w3.org/TR/xhtml1/DTD/xhtml1-transitional.dtd">
<html xmlns="http://www.w3.org/1999/xhtml" xml:lang="en" lang="en">
 <head>
  <title>
</title>
<meta http-equiv="Content-Type" content="text/html;charset=utf-8" />
  <meta name='ocr-system' content='tesseract 3.04.00' />
  <meta name='ocr-capabilities' content='ocr_page ocr_carea ocr_par ocr_line ocrx_word'/>
</head>
<body>
  <div class='ocr_page' id='page_1' title='image "./divithomaeaquina00thom_0252.png"; bbox 0 0 2332 3854; ppageno 0'>
   <div class='ocr_carea' id='block_1_1' title="bbox 272 229 1573 289">
    <p class='ocr_par' dir='ltr' id='par_1_1' title="bbox 272 229 1573 289">
     <span class='ocr_line' id='line_1_1' title="bbox 272 229 1573 289; baseline -0.002 -19"><span class='ocrx_word' id='word_1_1' title='bbox 272 231 381 287; x_wconf 85' lang='lat'>240</span> <span class='ocrx_word' id='word_1_2' title='bbox 932 230 1088 268; x_wconf 89' lang='lat' dir='ltr'>LIBER</span> <span class='ocrx_word' id='word_1_3' title='bbox 1126 230 1183 267; x_wconf 92' lang='lat'>11.</span> <span class='ocrx_word' id='word_1_4' title='bbox 1227 229 1347 289; x_wconf 64' lang='lat' dir='ltr'>CAP5</span> <span class='ocrx_word' id='word_1_5' title='bbox 1388 229 1573 268; x_wconf 85' lang='lat' dir='ltr'>LXXIX.</span> 
     </span>
    </p>
   </div>
   <div class='ocr_carea' id='block_1_2' title="bbox 269 330 2240 2738">
    <p class='ocr_par' dir='ltr' id='par_1_2' title="bbox 269 330 2234 792">
     <span class='ocr_line' id='line_1_2' title="bbox 361 330 2231 392; baseline 0.002 -17"><span class='ocrx_word' id='word_1_6' title='bbox 361 332 505 376; x_wconf 85' lang='lat' dir='ltr'>Item:</span> <span class='ocrx_word' id='word_1_7' title='bbox 533 331 893 390; x_wconf 92' lang='lat' dir='ltr'>unumquodque</span> <span class='ocrx_word' id='word_1_8' title='bbox 927 332 1049 389; x_wconf 92' lang='lat' dir='ltr'>quod</span> <span class='ocrx_word' id='word_1_9' title='bbox 1072 330 1284 389; x_wconf 87' lang='lat' dir='ltr'>recipitur</span> <span class='ocrx_word' id='word_1_10' title='bbox 1307 331 1355 375; x_wconf 90' lang='lat' dir='ltr'>in</span> <span class='ocrx_word' id='word_1_11' title='bbox 1382 331 1552 390; x_wconf 90' lang='lat' dir='ltr'>aliquo,</span> <span class='ocrx_word' id='word_1_12' title='bbox 1577 332 1792 392; x_wconf 84' lang='lat' dir='ltr'><strong>recipitur</strong></span> <span class='ocrx_word' id='word_1_13' title='bbox 1817 333 1864 377; x_wconf 90' lang='lat' dir='ltr'>in</span> <span class='ocrx_word' id='word_1_14' title='bbox 1890 347 1948 378; x_wconf 88' lang='lat' dir='ltr'>eo</span> <span class='ocrx_word' id='word_1_15' title='bbox 1979 333 2231 378; x_wconf 79' lang='lat' dir='ltr'>secundum</span> 
     </span>
     <span class='ocr_line' id='line_1_3' title="bbox 271 399 2233 460; baseline 0.001 -17"><span class='ocrx_word' id='word_1_16' title='bbox 271 400 463 443; x_wconf 88' lang='lat' dir='ltr'>modum</span> <span class='ocrx_word' id='word_1_17' title='bbox 491 400 586 457; x_wconf 87' lang='lat' dir='ltr'>ejus</span> <span class='ocrx_word' id='word_1_18' title='bbox 611 399 659 442; x_wconf 93' lang='lat' dir='ltr'>in</span> <span class='ocrx_word' id='word_1_19' title='bbox 681 413 773 457; x_wconf 92' lang='lat' dir='ltr'>quo</span> <span class='ocrx_word' id='word_1_20' title='bbox 801 410 881 442; x_wconf 85' lang='lat' dir='ltr'>est.</span> <span class='ocrx_word' id='word_1_21' title='bbox 909 399 1104 442; x_wconf 87' lang='lat' dir='ltr'>Formae</span> <span class='ocrx_word' id='word_1_22' title='bbox 1129 408 1283 443; x_wconf 90' lang='lat' dir='ltr'>autem</span> <span class='ocrx_word' id='word_1_23' title='bbox 1308 413 1462 443; x_wconf 89' lang='lat' dir='ltr'>rerum</span> <span class='ocrx_word' id='word_1_24' title='bbox 1489 399 1766 457; x_wconf 88' lang='lat' dir='ltr'>recipiuntur</span> <span class='ocrx_word' id='word_1_25' title='bbox 1789 400 1837 443; x_wconf 91' lang='lat' dir='ltr'>in</span> <span class='ocrx_word' id='word_1_26' title='bbox 1868 399 2102 445; x_wconf 89' lang='lat' dir='ltr'>intellectu</span> <span class='ocrx_word' id='word_1_27' title='bbox 2132 414 2233 460; x_wconf 86' lang='lat' dir='ltr'>pos·</span> 
     </span>
     <span class='ocr_line' id='line_1_4' title="bbox 270 465 2232 526; baseline 0.001 -16"><span class='ocrx_word' id='word_1_28' title='bbox 270 466 389 510; x_wconf 78' lang='lat' dir='ltr'>sibili</span> <span class='ocrx_word' id='word_1_29' title='bbox 415 477 550 526; x_wconf 91' lang='lat' dir='ltr'>prout</span> <span class='ocrx_word' id='word_1_30' title='bbox 572 477 676 510; x_wconf 92' lang='lat' dir='ltr'>sunt</span> <span class='ocrx_word' id='word_1_31' title='bbox 700 465 1008 523; x_wconf 82' lang='lat' dir='ltr'>intelligibiles</span> <span class='ocrx_word' id='word_1_32' title='bbox 1032 475 1157 520; x_wconf 81' lang='lat' dir='ltr'>actu3</span> <span class='ocrx_word' id='word_1_33' title='bbox 1185 475 1289 510; x_wconf 87' lang='lat' dir='ltr'>sunt</span> <span class='ocrx_word' id='word_1_34' title='bbox 1315 475 1468 510; x_wconf 89' lang='lat' dir='ltr'>autem</span> <span class='ocrx_word' id='word_1_35' title='bbox 1495 466 1804 525; x_wconf 88' lang='lat' dir='ltr'>intelligibiles</span> <span class='ocrx_word' id='word_1_36' title='bbox 1831 477 1934 511; x_wconf 90' lang='lat' dir='ltr'>actu</span> <span class='ocrx_word' id='word_1_37' title='bbox 1964 477 2098 526; x_wconf 91' lang='lat' dir='ltr'>prout</span> <span class='ocrx_word' id='word_1_38' title='bbox 2128 477 2232 512; x_wconf 80' lang='lat' dir='ltr'>sunt</span> 
     </span>
     <span class='ocr_line' id='line_1_5' title="bbox 272 531 2234 593; baseline 0.001 -15"><span class='ocrx_word' id='word_1_39' title='bbox 272 534 600 578; x_wconf 85' lang='lat' dir='ltr'>immateriales</span> <span class='ocrx_word' id='word_1_40' title='bbox 635 545 677 577; x_wconf 93' lang='lat' dir='ltr'>et</span> <span class='ocrx_word' id='word_1_41' title='bbox 710 531 1005 586; x_wconf 84' lang='lat' dir='ltr'>universales,</span> <span class='ocrx_word' id='word_1_42' title='bbox 1038 542 1083 576; x_wconf 90' lang='lat' dir='ltr'>et</span> <span class='ocrx_word' id='word_1_43' title='bbox 1114 547 1192 590; x_wconf 92' lang='lat' dir='ltr'>per</span> <span class='ocrx_word' id='word_1_44' title='bbox 1225 547 1511 592; x_wconf 90' lang='lat' dir='ltr'>consequens</span> <span class='ocrx_word' id='word_1_45' title='bbox 1543 533 1920 592; x_wconf 89' lang='lat' dir='ltr'>incorruptibiles.</span> <span class='ocrx_word' id='word_1_46' title='bbox 1952 535 2075 593; x_wconf 90' lang='lat' dir='ltr'>Ergo</span> <span class='ocrx_word' id='word_1_47' title='bbox 2106 533 2234 581; x_wconf 87' lang='lat' dir='ltr'>intel·</span> 
     </span>
     <span class='ocr_line' id='line_1_6' title="bbox 269 598 2231 660; baseline 0 -15"><span class='ocrx_word' id='word_1_48' title='bbox 269 601 413 646; x_wconf 90' lang='lat' dir='ltr'>lectus</span> <span class='ocrx_word' id='word_1_49' title='bbox 430 600 655 659; x_wconf 86' lang='lat' dir='ltr'>possibilis</span> <span class='ocrx_word' id='word_1_50' title='bbox 675 598 1119 657; x_wconf 88' lang='lat' dir='ltr'>estincorruptibilis.</span> <span class='ocrx_word' id='word_1_51' title='bbox 1140 599 1246 653; x_wconf 85' lang='lat' dir='ltr'>Sed,</span> <span class='ocrx_word' id='word_1_52' title='bbox 1265 600 1381 644; x_wconf 89' lang='lat' dir='ltr'>sicut</span> <span class='ocrx_word' id='word_1_53' title='bbox 1396 601 1637 659; x_wconf 88' lang='lat' dir='ltr'>probatum</span> <span class='ocrx_word' id='word_1_54' title='bbox 1655 611 1723 644; x_wconf 92' lang='lat' dir='ltr'>est</span> <span class='ocrx_word' id='word_1_55' title='bbox 1739 615 1874 659; x_wconf 90' lang='lat' dir='ltr'>supra</span> <span class='ocrx_word' id='word_1_56' title='bbox 1890 601 1952 659; x_wconf 86' lang='lat' dir='ltr'>(e.</span> <span class='ocrx_word' id='word_1_57' title='bbox 1979 615 2044 660; x_wconf 83' lang='lat'>59.</span> <span class='ocrx_word' id='word_1_58' title='bbox 2062 610 2108 647; x_wconf 87' lang='lat' dir='ltr'>et</span> <span class='ocrx_word' id='word_1_59' title='bbox 2121 599 2231 658; x_wconf 61' lang='grc' dir='ltr'>ὀμ),</span> 
     </span>
     <span class='ocr_line' id='line_1_7' title="bbox 269 665 2233 726; baseline 0.001 -15"><span class='ocrx_word' id='word_1_60' title='bbox 269 667 525 711; x_wconf 89' lang='lat' dir='ltr'>intellectus</span> <span class='ocrx_word' id='word_1_61' title='bbox 552 665 778 725; x_wconf 87' lang='lat' dir='ltr'>possibilis</span> <span class='ocrx_word' id='word_1_62' title='bbox 806 676 873 710; x_wconf 88' lang='lat' dir='ltr'>est</span> <span class='ocrx_word' id='word_1_63' title='bbox 894 666 1063 724; x_wconf 89' lang='lat' dir='ltr'>aliquid</span> <span class='ocrx_word' id='word_1_64' title='bbox 1090 666 1271 711; x_wconf 90' lang='lat' dir='ltr'>animae</span> <span class='ocrx_word' id='word_1_65' title='bbox 1297 667 1542 711; x_wconf 84' lang='lat' dir='ltr'>humanae.</span> <span class='ocrx_word' id='word_1_66' title='bbox 1575 667 1656 712; x_wconf 90' lang='lat' dir='ltr'>Est</span> <span class='ocrx_word' id='word_1_67' title='bbox 1685 667 1822 726; x_wconf 89' lang='lat' dir='ltr'>igitur</span> <span class='ocrx_word' id='word_1_68' title='bbox 1848 667 2002 712; x_wconf 89' lang='lat' dir='ltr'>anima</span> <span class='ocrx_word' id='word_1_69' title='bbox 2030 668 2233 718; x_wconf 79' lang='lat' dir='ltr'>humana</span> 
     </span>
     <span class='ocr_line' id='line_1_8' title="bbox 270 733 638 792; baseline -0.006 -14"><span class='ocrx_word' id='word_1_70' title='bbox 270 733 638 792; x_wconf 85' lang='lat' dir='ltr'>incorruptibilis.</span> 
     </span>
    </p>

    <p class='ocr_par' dir='ltr' id='par_1_3' title="bbox 269 779 2236 1194">
     <span class='ocr_line' id='line_1_9' title="bbox 359 779 2232 859; baseline 0.001 -15"><span class='ocrx_word' id='word_1_71' title='bbox 359 801 547 844; x_wconf 88' lang='lat' dir='ltr'>Adhuc:</span> <span class='ocrx_word' id='word_1_72' title='bbox 582 813 682 843; x_wconf 86' lang='lat' dir='ltr'>esse</span> <span class='ocrx_word' id='word_1_73' title='bbox 714 798 999 857; x_wconf 87' lang='lat' dir='ltr'>intelligibile</span> <span class='ocrx_word' id='word_1_74' title='bbox 1032 808 1100 843; x_wconf 89' lang='lat' dir='ltr'>est</span> <span class='ocrx_word' id='word_1_75' title='bbox 1130 800 1471 858; x_wconf 88' lang='lat' dir='ltr'>permanentius</span> <span class='ocrx_word' id='word_1_76' title='bbox 1504 815 1640 859; x_wconf 88' lang='lat' dir='ltr'>quam</span> <span class='ocrx_word' id='word_1_77' title='bbox 1676 815 1775 846; x_wconf 91' lang='lat' dir='ltr'>esse</span> <span class='ocrx_word' id='word_1_78' title='bbox 1806 800 2030 848; x_wconf 87' lang='lat' dir='ltr'>sensibile.</span> <span class='ocrx_word' id='word_1_79' title='bbox 2064 779 2157 848; x_wconf 89' lang='lat' dir='ltr'>Sed</span> <span class='ocrx_word' id='word_1_80' title='bbox 2185 801 2232 846; x_wconf 88' lang='lat' dir='ltr'>id</span> 
     </span>
     <span class='ocr_line' id='line_1_10' title="bbox 270 866 2233 929; baseline 0.001 -18"><span class='ocrx_word' id='word_1_81' title='bbox 270 868 392 927; x_wconf 91' lang='lat' dir='ltr'>quod</span> <span class='ocrx_word' id='word_1_82' title='bbox 419 882 467 911; x_wconf 91' lang='lat' dir='ltr'>se</span> <span class='ocrx_word' id='word_1_83' title='bbox 493 867 665 910; x_wconf 87' lang='lat' dir='ltr'>habet</span> <span class='ocrx_word' id='word_1_84' title='bbox 654 881 701 910; x_wconf 79' lang='lat' dir='ltr'>in</span> <span class='ocrx_word' id='word_1_85' title='bbox 727 867 859 910; x_wconf 93' lang='lat' dir='ltr'>rebus</span> <span class='ocrx_word' id='word_1_86' title='bbox 887 866 1173 910; x_wconf 88' lang='lat' dir='ltr'>sensibilibus</span> <span class='ocrx_word' id='word_1_87' title='bbox 1205 881 1285 926; x_wconf 90' lang='lat' dir='ltr'>per</span> <span class='ocrx_word' id='word_1_88' title='bbox 1317 867 1508 912; x_wconf 90' lang='lat' dir='ltr'>modum</span> <span class='ocrx_word' id='word_1_89' title='bbox 1540 868 1774 927; x_wconf 88' lang='lat' dir='ltr'>proprium</span> <span class='ocrx_word' id='word_1_90' title='bbox 1807 869 1942 928; x_wconf 86' lang='lat' dir='ltr'>primi</span> <span class='ocrx_word' id='word_1_91' title='bbox 1974 868 2233 929; x_wconf 83' lang='lat' dir='ltr'>recipientis</span> 
     </span>
     <span class='ocr_line' id='line_1_11' title="bbox 271 933 2232 994; baseline 0 -15"><span class='ocrx_word' id='word_1_92' title='bbox 271 945 338 979; x_wconf 87' lang='lat' dir='ltr'>est</span> <span class='ocrx_word' id='word_1_93' title='bbox 362 934 702 991; x_wconf 87' lang='lat' dir='ltr'>incorruptibile</span> <span class='ocrx_word' id='word_1_94' title='bbox 726 933 978 977; x_wconf 88' lang='lat' dir='ltr'>secundum</span> <span class='ocrx_word' id='word_1_95' title='bbox 1005 947 1134 977; x_wconf 90' lang='lat' dir='ltr'>suam</span> <span class='ocrx_word' id='word_1_96' title='bbox 1162 934 1474 988; x_wconf 86' lang='lat' dir='ltr'>substantiam,</span> <span class='ocrx_word' id='word_1_97' title='bbox 1498 935 1673 979; x_wconf 90' lang='lat' dir='ltr'>scilicet</span> <span class='ocrx_word' id='word_1_98' title='bbox 1698 936 1890 980; x_wconf 89' lang='lat' dir='ltr'>materia</span> <span class='ocrx_word' id='word_1_99' title='bbox 1907 936 2066 994; x_wconf 81' lang='lat' dir='ltr'>prima.</span> <span class='ocrx_word' id='word_1_100' title='bbox 2084 934 2232 980; x_wconf 90' lang='lat' dir='ltr'>Multo</span> 
     </span>
     <span class='ocr_line' id='line_1_12' title="bbox 269 999 2234 1060; baseline 0.001 -15"><span class='ocrx_word' id='word_1_101' title='bbox 269 1002 406 1059; x_wconf 88' lang='lat' dir='ltr'>igitur</span> <span class='ocrx_word' id='word_1_102' title='bbox 437 1000 596 1044; x_wconf 89' lang='lat' dir='ltr'>fortius</span> <span class='ocrx_word' id='word_1_103' title='bbox 629 1000 886 1044; x_wconf 89' lang='lat' dir='ltr'>intellectus</span> <span class='ocrx_word' id='word_1_104' title='bbox 929 999 1169 1058; x_wconf 88' lang='lat' dir='ltr'>possibilis,</span> <span class='ocrx_word' id='word_1_105' title='bbox 1211 1000 1288 1059; x_wconf 93' lang='lat' dir='ltr'>qui</span> <span class='ocrx_word' id='word_1_106' title='bbox 1331 1010 1396 1044; x_wconf 91' lang='lat' dir='ltr'>est</span> <span class='ocrx_word' id='word_1_107' title='bbox 1434 1001 1689 1060; x_wconf 91' lang='lat' dir='ltr'>receptivus</span> <span class='ocrx_word' id='word_1_108' title='bbox 1731 1001 1986 1046; x_wconf 85' lang='lat' dir='ltr'>formarum</span> <span class='ocrx_word' id='word_1_109' title='bbox 2023 1001 2234 1060; x_wconf 87' lang='lat' dir='ltr'>intelligi-</span> 
     </span>
     <span class='ocr_line' id='line_1_13' title="bbox 270 1066 2236 1129; baseline 0.002 -18"><span class='ocrx_word' id='word_1_110' title='bbox 270 1068 444 1111; x_wconf 91' lang='lat' dir='ltr'>bilium.</span> <span class='ocrx_word' id='word_1_111' title='bbox 472 1068 594 1125; x_wconf 86' lang='lat' dir='ltr'>Ergo</span> <span class='ocrx_word' id='word_1_112' title='bbox 618 1078 662 1112; x_wconf 88' lang='lat' dir='ltr'>et</span> <span class='ocrx_word' id='word_1_113' title='bbox 688 1068 841 1110; x_wconf 88' lang='lat' dir='ltr'>anima</span> <span class='ocrx_word' id='word_1_114' title='bbox 867 1067 1085 1120; x_wconf 87' lang='lat' dir='ltr'>humana,</span> <span class='ocrx_word' id='word_1_115' title='bbox 1118 1068 1246 1125; x_wconf 86' lang='lat' dir='ltr'>cujus</span> <span class='ocrx_word' id='word_1_116' title='bbox 1277 1067 1534 1112; x_wconf 90' lang='lat' dir='ltr'>intellectus</span> <span class='ocrx_word' id='word_1_117' title='bbox 1567 1066 1794 1128; x_wconf 85' lang='lat' dir='ltr'>possibilis</span> <span class='ocrx_word' id='word_1_118' title='bbox 1827 1082 1894 1114; x_wconf 92' lang='lat' dir='ltr'>est</span> <span class='ocrx_word' id='word_1_119' title='bbox 1924 1084 2041 1129; x_wconf 88' lang='lat' dir='ltr'>pars,</span> <span class='ocrx_word' id='word_1_120' title='bbox 2074 1080 2143 1115; x_wconf 90' lang='lat' dir='ltr'>est</span> <span class='ocrx_word' id='word_1_121' title='bbox 2172 1071 2236 1115; x_wconf 88' lang='lat' dir='ltr'>in·</span> 
     </span>
     <span class='ocr_line' id='line_1_14' title="bbox 271 1135 589 1194; baseline -0.006 -14"><span class='ocrx_word' id='word_1_122' title='bbox 271 1135 589 1194; x_wconf 85' lang='lat' dir='ltr'>corruptibilis.</span> 
     </span>
    </p>

    <p class='ocr_par' dir='ltr' id='par_1_4' title="bbox 270 1200 2237 1529">
     <span class='ocr_line' id='line_1_15' title="bbox 362 1200 2234 1262; baseline 0.001 -16"><span class='ocrx_word' id='word_1_123' title='bbox 362 1201 600 1261; x_wconf 90' lang='lat' dir='ltr'>Amplius:</span> <span class='ocrx_word' id='word_1_124' title='bbox 627 1201 799 1246; x_wconf 87' lang='lat' dir='ltr'>faciens</span> <span class='ocrx_word' id='word_1_125' title='bbox 827 1211 894 1245; x_wconf 90' lang='lat' dir='ltr'>est</span> <span class='ocrx_word' id='word_1_126' title='bbox 913 1200 1229 1245; x_wconf 89' lang='lat' dir='ltr'>honorabilius</span> <span class='ocrx_word' id='word_1_127' title='bbox 1251 1201 1388 1255; x_wconf 89' lang='lat' dir='ltr'>facto,</span> <span class='ocrx_word' id='word_1_128' title='bbox 1415 1211 1464 1246; x_wconf 92' lang='lat' dir='ltr'>ut</span> <span class='ocrx_word' id='word_1_129' title='bbox 1491 1203 1629 1246; x_wconf 90' lang='lat' dir='ltr'>etiam</span> <span class='ocrx_word' id='word_1_130' title='bbox 1656 1202 1927 1247; x_wconf 88' lang='lat' dir='ltr'>Aristoteles</span> <span class='ocrx_word' id='word_1_131' title='bbox 1949 1202 2059 1247; x_wconf 87' lang='lat' dir='ltr'>dicit</span> <span class='ocrx_word' id='word_1_132' title='bbox 2078 1203 2234 1262; x_wconf 82' lang='lat' dir='ltr'>(tertio</span> 
     </span>
     <span class='ocr_line' id='line_1_16' title="bbox 270 1267 2237 1330; baseline 0 -16"><span class='ocrx_word' id='word_1_133' title='bbox 270 1272 341 1314; x_wconf 92' lang='lat' dir='ltr'>De</span> <span class='ocrx_word' id='word_1_134' title='bbox 370 1270 537 1323; x_wconf 87' lang='lat' dir='ltr'>anima,</span> <span class='ocrx_word' id='word_1_135' title='bbox 564 1279 595 1314; x_wconf 90' lang='lat' dir='ltr'>t.</span> <span class='ocrx_word' id='word_1_136' title='bbox 614 1284 650 1313; x_wconf 88' lang='lat' dir='ltr'>c.</span> <span class='ocrx_word' id='word_1_137' title='bbox 677 1269 781 1329; x_wconf 87' lang='lat'>19.).</span> <span class='ocrx_word' id='word_1_138' title='bbox 810 1269 900 1312; x_wconf 88' lang='lat' dir='ltr'>Sed</span> <span class='ocrx_word' id='word_1_139' title='bbox 926 1267 1183 1312; x_wconf 88' lang='lat' dir='ltr'>intellectus</span> <span class='ocrx_word' id='word_1_140' title='bbox 1211 1282 1350 1326; x_wconf 89' lang='lat' dir='ltr'>agens</span> <span class='ocrx_word' id='word_1_141' title='bbox 1375 1268 1484 1313; x_wconf 89' lang='lat' dir='ltr'>facit</span> <span class='ocrx_word' id='word_1_142' title='bbox 1510 1280 1613 1313; x_wconf 91' lang='lat' dir='ltr'>actu</span> <span class='ocrx_word' id='word_1_143' title='bbox 1639 1269 1955 1328; x_wconf 86' lang='lat' dir='ltr'>intelligibilia,</span> <span class='ocrx_word' id='word_1_144' title='bbox 1976 1280 2025 1314; x_wconf 91' lang='lat' dir='ltr'>ut</span> <span class='ocrx_word' id='word_1_145' title='bbox 2041 1284 2096 1315; x_wconf 84' lang='lat' dir='ltr'>ex</span> <span class='ocrx_word' id='word_1_146' title='bbox 2112 1284 2237 1330; x_wconf 88' lang='lat' dir='ltr'>prae-</span> 
     </span>
     <span class='ocr_line' id='line_1_17' title="bbox 270 1335 2236 1396; baseline 0 -15"><span class='ocrx_word' id='word_1_147' title='bbox 270 1338 420 1381; x_wconf 90' lang='lat' dir='ltr'>missis</span> <span class='ocrx_word' id='word_1_148' title='bbox 447 1347 582 1396; x_wconf 89' lang='lat' dir='ltr'>patet.</span> <span class='ocrx_word' id='word_1_149' title='bbox 613 1336 772 1388; x_wconf 91' lang='lat' dir='ltr'>Quum</span> <span class='ocrx_word' id='word_1_150' title='bbox 799 1336 936 1394; x_wconf 90' lang='lat' dir='ltr'>igitur</span> <span class='ocrx_word' id='word_1_151' title='bbox 961 1335 1264 1394; x_wconf 88' lang='lat' dir='ltr'>intelligibilia</span> <span class='ocrx_word' id='word_1_152' title='bbox 1290 1344 1408 1389; x_wconf 89' lang='lat' dir='ltr'>actu,</span> <span class='ocrx_word' id='word_1_153' title='bbox 1435 1336 1480 1379; x_wconf 90' lang='lat' dir='ltr'>in</span> <span class='ocrx_word' id='word_1_154' title='bbox 1508 1346 1729 1394; x_wconf 91' lang='lat' dir='ltr'>quantum</span> <span class='ocrx_word' id='word_1_155' title='bbox 1755 1336 2033 1395; x_wconf 89' lang='lat' dir='ltr'>hujusmodi,</span> <span class='ocrx_word' id='word_1_156' title='bbox 2059 1337 2149 1381; x_wconf 92' lang='lat' dir='ltr'>sint</span> <span class='ocrx_word' id='word_1_157' title='bbox 2171 1336 2236 1381; x_wconf 88' lang='lat' dir='ltr'>in-</span> 
     </span>
     <span class='ocr_line' id='line_1_18' title="bbox 273 1402 2235 1463; baseline 0 -15"><span class='ocrx_word' id='word_1_158' title='bbox 273 1404 597 1463; x_wconf 88' lang='lat' dir='ltr'>corruptibilia,</span> <span class='ocrx_word' id='word_1_159' title='bbox 616 1403 762 1447; x_wconf 91' lang='lat' dir='ltr'>multo</span> <span class='ocrx_word' id='word_1_160' title='bbox 783 1402 943 1447; x_wconf 89' lang='lat' dir='ltr'>fortius</span> <span class='ocrx_word' id='word_1_161' title='bbox 960 1402 1218 1447; x_wconf 89' lang='lat' dir='ltr'>intellectus</span> <span class='ocrx_word' id='word_1_162' title='bbox 1237 1417 1376 1461; x_wconf 88' lang='lat' dir='ltr'>agens</span> <span class='ocrx_word' id='word_1_163' title='bbox 1393 1403 1477 1446; x_wconf 90' lang='lat' dir='ltr'>erit</span> <span class='ocrx_word' id='word_1_164' title='bbox 1492 1402 1860 1462; x_wconf 87' lang='lat' dir='ltr'>incorruptibilis.</span> <span class='ocrx_word' id='word_1_165' title='bbox 1883 1402 2005 1462; x_wconf 87' lang='lat' dir='ltr'>Ergo</span> <span class='ocrx_word' id='word_1_166' title='bbox 2022 1413 2068 1448; x_wconf 88' lang='lat' dir='ltr'>et</span> <span class='ocrx_word' id='word_1_167' title='bbox 2083 1403 2235 1448; x_wconf 86' lang='lat' dir='ltr'>anima</span> 
     </span>
     <span class='ocr_line' id='line_1_19' title="bbox 271 1469 1978 1529; baseline 0 -13"><span class='ocrx_word' id='word_1_168' title='bbox 271 1472 489 1526; x_wconf 88' lang='lat' dir='ltr'>humana,</span> <span class='ocrx_word' id='word_1_169' title='bbox 517 1473 644 1529; x_wconf 85' lang='lat' dir='ltr'>cujus</span> <span class='ocrx_word' id='word_1_170' title='bbox 670 1470 827 1514; x_wconf 90' lang='lat' dir='ltr'>lumen</span> <span class='ocrx_word' id='word_1_171' title='bbox 852 1480 919 1514; x_wconf 90' lang='lat' dir='ltr'>est</span> <span class='ocrx_word' id='word_1_172' title='bbox 943 1469 1200 1513; x_wconf 90' lang='lat' dir='ltr'>intellectus</span> <span class='ocrx_word' id='word_1_173' title='bbox 1228 1483 1382 1527; x_wconf 88' lang='lat' dir='ltr'>agens,</span> <span class='ocrx_word' id='word_1_174' title='bbox 1405 1480 1454 1513; x_wconf 91' lang='lat' dir='ltr'>ut</span> <span class='ocrx_word' id='word_1_175' title='bbox 1480 1484 1534 1513; x_wconf 86' lang='lat' dir='ltr'>ex</span> <span class='ocrx_word' id='word_1_176' title='bbox 1559 1470 1819 1529; x_wconf 88' lang='lat' dir='ltr'>praemissis</span> <span class='ocrx_word' id='word_1_177' title='bbox 1841 1480 1978 1529; x_wconf 87' lang='lat' dir='ltr'>patet.</span> 
     </span>
    </p>

    <p class='ocr_par' dir='ltr' id='par_1_5' title="bbox 269 1536 2240 2404">
     <span class='ocr_line' id='line_1_20' title="bbox 359 1536 2239 1596; baseline -0.001 -14"><span class='ocrx_word' id='word_1_178' title='bbox 359 1540 502 1583; x_wconf 90' lang='lat' dir='ltr'>Item:</span> <span class='ocrx_word' id='word_1_179' title='bbox 534 1537 660 1582; x_wconf 90' lang='lat' dir='ltr'>nulla</span> <span class='ocrx_word' id='word_1_180' title='bbox 691 1537 843 1582; x_wconf 88' lang='lat' dir='ltr'>forma</span> <span class='ocrx_word' id='word_1_181' title='bbox 877 1537 1182 1595; x_wconf 89' lang='lat' dir='ltr'>corrumpitur</span> <span class='ocrx_word' id='word_1_182' title='bbox 1213 1536 1299 1580; x_wconf 91' lang='lat' dir='ltr'>nisi</span> <span class='ocrx_word' id='word_1_183' title='bbox 1330 1536 1404 1580; x_wconf 89' lang='lat' dir='ltr'>vel</span> <span class='ocrx_word' id='word_1_184' title='bbox 1438 1537 1618 1580; x_wconf 90' lang='lat' dir='ltr'>actione</span> <span class='ocrx_word' id='word_1_185' title='bbox 1652 1537 1882 1591; x_wconf 88' lang='lat' dir='ltr'>contrarii,</span> <span class='ocrx_word' id='word_1_186' title='bbox 1913 1536 1988 1581; x_wconf 89' lang='lat' dir='ltr'>vel</span> <span class='ocrx_word' id='word_1_187' title='bbox 2029 1551 2110 1596; x_wconf 91' lang='lat' dir='ltr'>per</span> <span class='ocrx_word' id='word_1_188' title='bbox 2142 1551 2239 1582; x_wconf 88' lang='lat' dir='ltr'>cor·</span> 
     </span>
     <span class='ocr_line' id='line_1_21' title="bbox 269 1603 2236 1664; baseline -0.001 -14"><span class='ocrx_word' id='word_1_189' title='bbox 269 1607 530 1664; x_wconf 89' lang='lat' dir='ltr'>ruptionem</span> <span class='ocrx_word' id='word_1_190' title='bbox 555 1606 627 1649; x_wconf 91' lang='lat' dir='ltr'>sui</span> <span class='ocrx_word' id='word_1_191' title='bbox 651 1605 856 1662; x_wconf 89' lang='lat' dir='ltr'>subjecti,</span> <span class='ocrx_word' id='word_1_192' title='bbox 881 1603 953 1648; x_wconf 89' lang='lat' dir='ltr'>vel</span> <span class='ocrx_word' id='word_1_193' title='bbox 977 1618 1056 1662; x_wconf 89' lang='lat' dir='ltr'>per</span> <span class='ocrx_word' id='word_1_194' title='bbox 1079 1603 1306 1647; x_wconf 87' lang='lat' dir='ltr'>defectum</span> <span class='ocrx_word' id='word_1_195' title='bbox 1332 1617 1442 1647; x_wconf 89' lang='lat' dir='ltr'>suae</span> <span class='ocrx_word' id='word_1_196' title='bbox 1470 1617 1659 1658; x_wconf 87' lang='lat' dir='ltr'>causae:</span> <span class='ocrx_word' id='word_1_197' title='bbox 1686 1618 1767 1662; x_wconf 91' lang='lat' dir='ltr'>per</span> <span class='ocrx_word' id='word_1_198' title='bbox 1793 1603 2025 1648; x_wconf 86' lang='lat' dir='ltr'>actionem</span> <span class='ocrx_word' id='word_1_199' title='bbox 2049 1603 2236 1664; x_wconf 87' lang='lat' dir='ltr'>quidem</span> 
     </span>
     <span class='ocr_line' id='line_1_22' title="bbox 272 1670 2236 1730; baseline -0.001 -12"><span class='ocrx_word' id='word_1_200' title='bbox 272 1674 501 1728; x_wconf 86' lang='lat' dir='ltr'>contrarii,</span> <span class='ocrx_word' id='word_1_201' title='bbox 528 1673 644 1717; x_wconf 88' lang='lat' dir='ltr'>sicut</span> <span class='ocrx_word' id='word_1_202' title='bbox 671 1672 798 1716; x_wconf 90' lang='lat' dir='ltr'>calor</span> <span class='ocrx_word' id='word_1_203' title='bbox 824 1672 1065 1716; x_wconf 88' lang='lat' dir='ltr'>destruitur</span> <span class='ocrx_word' id='word_1_204' title='bbox 1089 1685 1168 1730; x_wconf 91' lang='lat' dir='ltr'>per</span> <span class='ocrx_word' id='word_1_205' title='bbox 1186 1671 1417 1714; x_wconf 84' lang='lat' dir='ltr'>actionem</span> <span class='ocrx_word' id='word_1_206' title='bbox 1433 1670 1583 1729; x_wconf 87' lang='lat' dir='ltr'>frigidi</span> <span class='ocrx_word' id='word_1_207' title='bbox 1597 1687 1607 1724; x_wconf 91' lang='lat'>;</span> <span class='ocrx_word' id='word_1_208' title='bbox 1623 1685 1704 1729; x_wconf 94' lang='lat' dir='ltr'>per</span> <span class='ocrx_word' id='word_1_209' title='bbox 1722 1671 2064 1729; x_wconf 87' lang='lat' dir='ltr'>corruptionem</span> <span class='ocrx_word' id='word_1_210' title='bbox 2080 1681 2236 1717; x_wconf 84' lang='lat' dir='ltr'>autem</span> 
     </span>
     <span class='ocr_line' id='line_1_23' title="bbox 270 1737 2235 1800; baseline -0.002 -15"><span class='ocrx_word' id='word_1_211' title='bbox 270 1741 341 1786; x_wconf 90' lang='lat' dir='ltr'>sui</span> <span class='ocrx_word' id='word_1_212' title='bbox 366 1742 570 1800; x_wconf 88' lang='lat' dir='ltr'>subjecti,</span> <span class='ocrx_word' id='word_1_213' title='bbox 597 1741 728 1793; x_wconf 89' lang='lat' dir='ltr'>sicut,</span> <span class='ocrx_word' id='word_1_214' title='bbox 752 1741 980 1783; x_wconf 91' lang='lat' dir='ltr'>destructo</span> <span class='ocrx_word' id='word_1_215' title='bbox 1005 1737 1157 1792; x_wconf 91' lang='lat' dir='ltr'>oculo,</span> <span class='ocrx_word' id='word_1_216' title='bbox 1185 1737 1429 1782; x_wconf 91' lang='lat' dir='ltr'>destruitur</span> <span class='ocrx_word' id='word_1_217' title='bbox 1452 1738 1520 1781; x_wconf 90' lang='lat' dir='ltr'>vis</span> <span class='ocrx_word' id='word_1_218' title='bbox 1545 1738 1713 1792; x_wconf 83' lang='lat' dir='ltr'>visiva3</span> <span class='ocrx_word' id='word_1_219' title='bbox 1739 1751 1820 1796; x_wconf 89' lang='lat' dir='ltr'>per</span> <span class='ocrx_word' id='word_1_220' title='bbox 1836 1737 2064 1782; x_wconf 86' lang='lat' dir='ltr'>defectum</span> <span class='ocrx_word' id='word_1_221' title='bbox 2081 1747 2235 1783; x_wconf 85' lang='lat' dir='ltr'>autem</span> 
     </span>
     <span class='ocr_line' id='line_1_24' title="bbox 271 1803 2237 1864; baseline -0.002 -11"><span class='ocrx_word' id='word_1_222' title='bbox 271 1823 450 1862; x_wconf 91' lang='lat' dir='ltr'>causae,</span> <span class='ocrx_word' id='word_1_223' title='bbox 473 1810 590 1852; x_wconf 89' lang='lat' dir='ltr'>sicut</span> <span class='ocrx_word' id='word_1_224' title='bbox 614 1807 770 1851; x_wconf 90' lang='lat' dir='ltr'>lumen</span> <span class='ocrx_word' id='word_1_225' title='bbox 795 1806 910 1850; x_wconf 79' lang='lat' dir='ltr'>a‘e&#39;ris</span> <span class='ocrx_word' id='word_1_226' title='bbox 936 1805 1101 1858; x_wconf 81' lang='lat' dir='ltr'>deficit,</span> <span class='ocrx_word' id='word_1_227' title='bbox 1129 1804 1368 1849; x_wconf 89' lang='lat' dir='ltr'>deficiente</span> <span class='ocrx_word' id='word_1_228' title='bbox 1395 1803 1504 1848; x_wconf 86' lang='lat' dir='ltr'>solis</span> <span class='ocrx_word' id='word_1_229' title='bbox 1531 1806 1799 1863; x_wconf 89' lang='lat' dir='ltr'>praesentia,</span> <span class='ocrx_word' id='word_1_230' title='bbox 1826 1818 1943 1864; x_wconf 86' lang='lat' dir='ltr'>quae</span> <span class='ocrx_word' id='word_1_231' title='bbox 1966 1814 2063 1850; x_wconf 88' lang='lat' dir='ltr'>erat</span> <span class='ocrx_word' id='word_1_232' title='bbox 2093 1805 2237 1864; x_wconf 43' lang='lat' dir='ltr'>ipsius*</span> 
     </span>
     <span class='ocr_line' id='line_1_25' title="bbox 271 1872 2237 1931; baseline -0.002 -11"><span class='ocrx_word' id='word_1_233' title='bbox 271 1890 422 1920; x_wconf 88' lang='lat' dir='ltr'>causa.</span> <span class='ocrx_word' id='word_1_234' title='bbox 452 1875 542 1919; x_wconf 90' lang='lat' dir='ltr'>Sed</span> <span class='ocrx_word' id='word_1_235' title='bbox 569 1875 722 1918; x_wconf 89' lang='lat' dir='ltr'>anima</span> <span class='ocrx_word' id='word_1_236' title='bbox 747 1874 951 1917; x_wconf 89' lang='lat' dir='ltr'>humana</span> <span class='ocrx_word' id='word_1_237' title='bbox 977 1887 1071 1916; x_wconf 91' lang='lat' dir='ltr'>non</span> <span class='ocrx_word' id='word_1_238' title='bbox 1097 1882 1247 1931; x_wconf 90' lang='lat' dir='ltr'>potest</span> <span class='ocrx_word' id='word_1_239' title='bbox 1269 1873 1500 1930; x_wconf 88' lang='lat' dir='ltr'>corrumpi</span> <span class='ocrx_word' id='word_1_240' title='bbox 1526 1886 1606 1930; x_wconf 88' lang='lat' dir='ltr'>per</span> <span class='ocrx_word' id='word_1_241' title='bbox 1627 1872 1859 1916; x_wconf 87' lang='lat' dir='ltr'>actionem</span> <span class='ocrx_word' id='word_1_242' title='bbox 1881 1872 2120 1926; x_wconf 81' lang='lat' dir='ltr'>contrarii3</span> <span class='ocrx_word' id='word_1_243' title='bbox 2141 1886 2237 1916; x_wconf 87' lang='lat' dir='ltr'>non</span> 
     </span>
     <span class='ocr_line' id='line_1_26' title="bbox 276 1938 2240 2000; baseline -0.002 -13"><span class='ocrx_word' id='word_1_244' title='bbox 276 1953 344 1987; x_wconf 90' lang='lat' dir='ltr'>est</span> <span class='ocrx_word' id='word_1_245' title='bbox 369 1945 492 1986; x_wconf 87' lang='lat' dir='ltr'>enim</span> <span class='ocrx_word' id='word_1_246' title='bbox 519 1942 561 1985; x_wconf 91' lang='lat' dir='ltr'>ei</span> <span class='ocrx_word' id='word_1_247' title='bbox 588 1941 756 2000; x_wconf 89' lang='lat' dir='ltr'>aliquid</span> <span class='ocrx_word' id='word_1_248' title='bbox 784 1940 1078 1992; x_wconf 90' lang='lat' dir='ltr'>contrarium,</span> <span class='ocrx_word' id='word_1_249' title='bbox 1105 1953 1247 1997; x_wconf 92' lang='lat' dir='ltr'>quum</span> <span class='ocrx_word' id='word_1_250' title='bbox 1272 1952 1352 1997; x_wconf 91' lang='lat' dir='ltr'>per</span> <span class='ocrx_word' id='word_1_251' title='bbox 1376 1938 1659 1982; x_wconf 90' lang='lat' dir='ltr'>intellectum</span> <span class='ocrx_word' id='word_1_252' title='bbox 1682 1938 1947 1997; x_wconf 87' lang='lat' dir='ltr'>possibilem</span> <span class='ocrx_word' id='word_1_253' title='bbox 1964 1939 2062 1998; x_wconf 84' lang='lat' dir='ltr'>ipsa</span> <span class='ocrx_word' id='word_1_254' title='bbox 2084 1939 2144 1984; x_wconf 90' lang='lat' dir='ltr'>sit</span> <span class='ocrx_word' id='word_1_255' title='bbox 2164 1952 2240 1984; x_wconf 92' lang='lat' dir='ltr'>co-</span> 
     </span>
     <span class='ocr_line' id='line_1_27' title="bbox 276 2006 2239 2069; baseline -0.002 -15"><span class='ocrx_word' id='word_1_256' title='bbox 276 2010 533 2069; x_wconf 86' lang='lat' dir='ltr'>gnoscitiva</span> <span class='ocrx_word' id='word_1_257' title='bbox 580 2019 624 2053; x_wconf 89' lang='lat' dir='ltr'>et</span> <span class='ocrx_word' id='word_1_258' title='bbox 655 2008 886 2067; x_wconf 85' lang='lat' dir='ltr'>receptiva</span> <span class='ocrx_word' id='word_1_259' title='bbox 919 2006 1128 2050; x_wconf 89' lang='lat' dir='ltr'>omnium</span> <span class='ocrx_word' id='word_1_260' title='bbox 1162 2006 1508 2050; x_wconf 88' lang='lat' dir='ltr'>contrariorum.</span> <span class='ocrx_word' id='word_1_261' title='bbox 1544 2006 1766 2050; x_wconf 88' lang='lat' dir='ltr'>Similiter</span> <span class='ocrx_word' id='word_1_262' title='bbox 1796 2017 1950 2050; x_wconf 89' lang='lat' dir='ltr'>autem</span> <span class='ocrx_word' id='word_1_263' title='bbox 1979 2020 2128 2066; x_wconf 87' lang='lat' dir='ltr'>neque</span> <span class='ocrx_word' id='word_1_264' title='bbox 2158 2020 2239 2066; x_wconf 89' lang='lat' dir='ltr'>per</span> 
     </span>
     <span class='ocr_line' id='line_1_28' title="bbox 274 2072 2237 2136; baseline -0.002 -15"><span class='ocrx_word' id='word_1_265' title='bbox 274 2077 617 2136; x_wconf 90' lang='lat' dir='ltr'>corruptionem</span> <span class='ocrx_word' id='word_1_266' title='bbox 659 2075 729 2119; x_wconf 91' lang='lat' dir='ltr'>sui</span> <span class='ocrx_word' id='word_1_267' title='bbox 760 2075 973 2133; x_wconf 87' lang='lat' dir='ltr'>subjecti:</span> <span class='ocrx_word' id='word_1_268' title='bbox 1016 2083 1252 2117; x_wconf 91' lang='lat' dir='ltr'>ostensum</span> <span class='ocrx_word' id='word_1_269' title='bbox 1284 2083 1353 2117; x_wconf 91' lang='lat' dir='ltr'>est</span> <span class='ocrx_word' id='word_1_270' title='bbox 1383 2074 1507 2117; x_wconf 91' lang='lat' dir='ltr'>enim</span> <span class='ocrx_word' id='word_1_271' title='bbox 1540 2087 1675 2132; x_wconf 89' lang='lat' dir='ltr'>supra</span> <span class='ocrx_word' id='word_1_272' title='bbox 1707 2074 1769 2131; x_wconf 93' lang='lat' dir='ltr'>(c.</span> <span class='ocrx_word' id='word_1_273' title='bbox 1801 2072 1895 2132; x_wconf 84' lang='lat'><strong>68.)</strong></span> <span class='ocrx_word' id='word_1_274' title='bbox 1928 2073 2052 2134; x_wconf 91' lang='lat' dir='ltr'>quod</span> <span class='ocrx_word' id='word_1_275' title='bbox 2082 2074 2237 2119; x_wconf 83' lang='lat' dir='ltr'>anima</span> 
     </span>
     <span class='ocr_line' id='line_1_29' title="bbox 271 2141 2238 2200; baseline -0.001 -12"><span class='ocrx_word' id='word_1_276' title='bbox 271 2145 476 2189; x_wconf 91' lang='lat' dir='ltr'>humana</span> <span class='ocrx_word' id='word_1_277' title='bbox 503 2153 572 2188; x_wconf 89' lang='lat' dir='ltr'>est</span> <span class='ocrx_word' id='word_1_278' title='bbox 595 2142 745 2187; x_wconf 88' lang='lat' dir='ltr'>forma</span> <span class='ocrx_word' id='word_1_279' title='bbox 770 2157 864 2186; x_wconf 91' lang='lat' dir='ltr'>non</span> <span class='ocrx_word' id='word_1_280' title='bbox 888 2141 1149 2200; x_wconf 88' lang='lat' dir='ltr'>dependens</span> <span class='ocrx_word' id='word_1_281' title='bbox 1177 2154 1202 2184; x_wconf 92' lang='lat' dir='ltr'>a</span> <span class='ocrx_word' id='word_1_282' title='bbox 1229 2154 1421 2199; x_wconf 92' lang='lat' dir='ltr'>corpore</span> <span class='ocrx_word' id='word_1_283' title='bbox 1448 2141 1701 2185; x_wconf 90' lang='lat' dir='ltr'>secundum</span> <span class='ocrx_word' id='word_1_284' title='bbox 1723 2155 1859 2186; x_wconf 92' lang='lat' dir='ltr'>suum</span> <span class='ocrx_word' id='word_1_285' title='bbox 1880 2154 1993 2186; x_wconf 86' lang='lat' dir='ltr'>esse.</span> <span class='ocrx_word' id='word_1_286' title='bbox 2017 2141 2238 2187; x_wconf 87' lang='lat' dir='ltr'>Similiter</span> 
     </span>
     <span class='ocr_line' id='line_1_30' title="bbox 269 2207 2235 2287; baseline -0.001 -31"><span class='ocrx_word' id='word_1_287' title='bbox 269 2222 423 2256; x_wconf 90' lang='lat' dir='ltr'>autem</span> <span class='ocrx_word' id='word_1_288' title='bbox 448 2225 596 2287; x_wconf 84' lang='lat' dir='ltr'>neque</span> <span class='ocrx_word' id='word_1_289' title='bbox 624 2224 703 2269; x_wconf 92' lang='lat' dir='ltr'>per</span> <span class='ocrx_word' id='word_1_290' title='bbox 726 2209 1031 2253; x_wconf 86' lang='lat' dir='ltr'>deficientiam</span> <span class='ocrx_word' id='word_1_291' title='bbox 1057 2222 1166 2252; x_wconf 86' lang='lat' dir='ltr'>suae</span> <span class='ocrx_word' id='word_1_292' title='bbox 1193 2222 1372 2262; x_wconf 88' lang='lat' dir='ltr'>causae,</span> <span class='ocrx_word' id='word_1_293' title='bbox 1396 2209 1502 2267; x_wconf 90' lang='lat' dir='ltr'>quia</span> <span class='ocrx_word' id='word_1_294' title='bbox 1526 2222 1621 2252; x_wconf 91' lang='lat' dir='ltr'>non</span> <span class='ocrx_word' id='word_1_295' title='bbox 1652 2218 1802 2267; x_wconf 88' lang='lat' dir='ltr'>potest</span> <span class='ocrx_word' id='word_1_296' title='bbox 1832 2207 2002 2254; x_wconf 86' lang='lat' dir='ltr'>habere</span> <span class='ocrx_word' id='word_1_297' title='bbox 2033 2208 2235 2270; x_wconf 79' lang='lat' dir='ltr'>aliquam</span> 
     </span>
     <span class='ocr_line' id='line_1_31' title="bbox 271 2275 2237 2361; baseline -0.001 -38"><span class='ocrx_word' id='word_1_298' title='bbox 271 2293 459 2323; x_wconf 89' lang='lat' dir='ltr'>causam</span> <span class='ocrx_word' id='word_1_299' title='bbox 480 2278 567 2321; x_wconf 89' lang='lat' dir='ltr'>nisi</span> <span class='ocrx_word' id='word_1_300' title='bbox 589 2286 836 2331; x_wconf 89' lang='lat' dir='ltr'>aeternam,</span> <span class='ocrx_word' id='word_1_301' title='bbox 862 2286 912 2320; x_wconf 89' lang='lat' dir='ltr'>ut</span> <span class='ocrx_word' id='word_1_302' title='bbox 937 2275 1052 2319; x_wconf 90' lang='lat' dir='ltr'>infra</span> <span class='ocrx_word' id='word_1_303' title='bbox 1075 2276 1350 2320; x_wconf 88' lang='lat' dir='ltr'>ostendetur.</span> <span class='ocrx_word' id='word_1_304' title='bbox 1373 2275 1514 2320; x_wconf 93' lang='lat' dir='ltr'>Nullo</span> <span class='ocrx_word' id='word_1_305' title='bbox 1540 2276 1677 2334; x_wconf 90' lang='lat' dir='ltr'>igitur</span> <span class='ocrx_word' id='word_1_306' title='bbox 1698 2276 1840 2320; x_wconf 90' lang='lat' dir='ltr'>modo</span> <span class='ocrx_word' id='word_1_307' title='bbox 1863 2276 2017 2321; x_wconf 86' lang='lat' dir='ltr'>anima</span> <span class='ocrx_word' id='word_1_308' title='bbox 2033 2276 2237 2361; x_wconf 85' lang='lat' dir='ltr'>humana</span> 
     </span>
     <span class='ocr_line' id='line_1_32' title="bbox 273 2345 2027 2404; baseline -0.001 -14"><span class='ocrx_word' id='word_1_309' title='bbox 273 2345 506 2404; x_wconf 90' lang='lat' dir='ltr'>corrumpi</span> <span class='ocrx_word' id='word_1_310' title='bbox 531 2353 694 2404; x_wconf 90' lang='lat' dir='ltr'>potest.</span> <span class='ocrx_word' id='word_1_311' title='bbox 2025 2377 2027 2379; x_wconf 61' lang='grc'><em>»</em></span> 
     </span>
    </p>

    <p class='ocr_par' dir='ltr' id='par_1_6' title="bbox 269 2409 2239 2738">
     <span class='ocr_line' id='line_1_33' title="bbox 359 2409 2239 2470; baseline -0.001 -14"><span class='ocrx_word' id='word_1_312' title='bbox 359 2413 552 2456; x_wconf 91' lang='lat' dir='ltr'>Adhuc:</span> <span class='ocrx_word' id='word_1_313' title='bbox 580 2411 618 2455; x_wconf 91' lang='lat' dir='ltr'>si</span> <span class='ocrx_word' id='word_1_314' title='bbox 641 2411 795 2454; x_wconf 89' lang='lat' dir='ltr'>anima</span> <span class='ocrx_word' id='word_1_315' title='bbox 811 2410 1014 2454; x_wconf 88' lang='lat' dir='ltr'>humana</span> <span class='ocrx_word' id='word_1_316' title='bbox 1033 2409 1337 2468; x_wconf 88' lang='lat' dir='ltr'>corrumpitur</span> <span class='ocrx_word' id='word_1_317' title='bbox 1356 2423 1436 2468; x_wconf 92' lang='lat' dir='ltr'>per</span> <span class='ocrx_word' id='word_1_318' title='bbox 1458 2409 1797 2468; x_wconf 90' lang='lat' dir='ltr'>corruptionem</span> <span class='ocrx_word' id='word_1_319' title='bbox 1820 2410 2040 2470; x_wconf 77' lang='lat' dir='ltr'>corporiS,</span> <span class='ocrx_word' id='word_1_320' title='bbox 2057 2420 2239 2470; x_wconf 86' lang='lat' dir='ltr'>oportet</span> 
     </span>
     <span class='ocr_line' id='line_1_34' title="bbox 275 2476 2236 2539; baseline -0.001 -15"><span class='ocrx_word' id='word_1_321' title='bbox 275 2480 398 2539; x_wconf 92' lang='lat' dir='ltr'>quod</span> <span class='ocrx_word' id='word_1_322' title='bbox 421 2481 517 2538; x_wconf 87' lang='lat' dir='ltr'>ejus</span> <span class='ocrx_word' id='word_1_323' title='bbox 550 2493 649 2523; x_wconf 90' lang='lat' dir='ltr'>esse</span> <span class='ocrx_word' id='word_1_324' title='bbox 683 2477 938 2522; x_wconf 88' lang='lat' dir='ltr'>debilitetur</span> <span class='ocrx_word' id='word_1_325' title='bbox 970 2491 1050 2536; x_wconf 91' lang='lat' dir='ltr'>per</span> <span class='ocrx_word' id='word_1_326' title='bbox 1082 2476 1360 2521; x_wconf 89' lang='lat' dir='ltr'>debilitatem</span> <span class='ocrx_word' id='word_1_327' title='bbox 1393 2476 1611 2534; x_wconf 89' lang='lat' dir='ltr'>corporis.</span> <span class='ocrx_word' id='word_1_328' title='bbox 1648 2477 1697 2520; x_wconf 89' lang='lat' dir='ltr'>Si</span> <span class='ocrx_word' id='word_1_329' title='bbox 1730 2487 1882 2521; x_wconf 89' lang='lat' dir='ltr'>autem</span> <span class='ocrx_word' id='word_1_330' title='bbox 1914 2476 2066 2537; x_wconf 85' lang='lat' dir='ltr'>aliqua</span> <span class='ocrx_word' id='word_1_331' title='bbox 2095 2477 2236 2522; x_wconf 85' lang='lat' dir='ltr'>virtus</span> 
     </span>
     <span class='ocr_line' id='line_1_35' title="bbox 272 2543 2239 2604; baseline -0.001 -13"><span class='ocrx_word' id='word_1_332' title='bbox 272 2548 452 2591; x_wconf 87' lang='lat' dir='ltr'>animae</span> <span class='ocrx_word' id='word_1_333' title='bbox 481 2545 753 2599; x_wconf 88' lang='lat' dir='ltr'>debilitetur,</span> <span class='ocrx_word' id='word_1_334' title='bbox 779 2544 1013 2588; x_wconf 89' lang='lat' dir='ltr'>debilitato</span> <span class='ocrx_word' id='word_1_335' title='bbox 1041 2558 1248 2602; x_wconf 92' lang='lat' dir='ltr'>corpore,</span> <span class='ocrx_word' id='word_1_336' title='bbox 1271 2543 1361 2587; x_wconf 93' lang='lat' dir='ltr'>hoc</span> <span class='ocrx_word' id='word_1_337' title='bbox 1385 2558 1479 2587; x_wconf 91' lang='lat' dir='ltr'>non</span> <span class='ocrx_word' id='word_1_338' title='bbox 1507 2554 1574 2587; x_wconf 91' lang='lat' dir='ltr'>est</span> <span class='ocrx_word' id='word_1_339' title='bbox 1589 2544 1676 2588; x_wconf 89' lang='lat' dir='ltr'>nisi</span> <span class='ocrx_word' id='word_1_340' title='bbox 1692 2558 1772 2603; x_wconf 89' lang='lat' dir='ltr'>per</span> <span class='ocrx_word' id='word_1_341' title='bbox 1789 2544 2018 2599; x_wconf 90' lang='lat' dir='ltr'>accidens,</span> <span class='ocrx_word' id='word_1_342' title='bbox 2035 2545 2083 2589; x_wconf 86' lang='lat' dir='ltr'>in</span> <span class='ocrx_word' id='word_1_343' title='bbox 2101 2557 2239 2604; x_wconf 85' lang='lat' dir='ltr'>quan-</span> 
     </span>
     <span class='ocr_line' id='line_1_36' title="bbox 269 2610 2238 2670; baseline -0.001 -12"><span class='ocrx_word' id='word_1_344' title='bbox 269 2624 368 2658; x_wconf 90' lang='lat' dir='ltr'>tum</span> <span class='ocrx_word' id='word_1_345' title='bbox 395 2613 570 2658; x_wconf 84' lang='lat' dir='ltr'>scilicet</span> <span class='ocrx_word' id='word_1_346' title='bbox 594 2613 734 2656; x_wconf 91' lang='lat' dir='ltr'>virtus</span> <span class='ocrx_word' id='word_1_347' title='bbox 763 2612 943 2656; x_wconf 89' lang='lat' dir='ltr'>animae</span> <span class='ocrx_word' id='word_1_348' title='bbox 975 2612 1149 2670; x_wconf 90' lang='lat' dir='ltr'>indiget</span> <span class='ocrx_word' id='word_1_349' title='bbox 1180 2625 1354 2670; x_wconf 90' lang='lat' dir='ltr'>organo</span> <span class='ocrx_word' id='word_1_350' title='bbox 1388 2610 1630 2669; x_wconf 87' lang='lat' dir='ltr'>corporali,</span> <span class='ocrx_word' id='word_1_351' title='bbox 1662 2611 1780 2656; x_wconf 89' lang='lat' dir='ltr'>sicut</span> <span class='ocrx_word' id='word_1_352' title='bbox 1809 2611 1932 2656; x_wconf 88' lang='lat' dir='ltr'>visus</span> <span class='ocrx_word' id='word_1_353' title='bbox 1964 2611 2238 2668; x_wconf 86' lang='lat' dir='ltr'>debilitatur,</span> 
     </span>
     <span class='ocr_line' id='line_1_37' title="bbox 271 2678 2236 2738; baseline -0.001 -14"><span class='ocrx_word' id='word_1_354' title='bbox 271 2680 504 2725; x_wconf 90' lang='lat' dir='ltr'>debilitato</span> <span class='ocrx_word' id='word_1_355' title='bbox 533 2693 723 2738; x_wconf 90' lang='lat' dir='ltr'>organo,</span> <span class='ocrx_word' id='word_1_356' title='bbox 750 2693 830 2738; x_wconf 90' lang='lat' dir='ltr'>per</span> <span class='ocrx_word' id='word_1_357' title='bbox 857 2678 1068 2722; x_wconf 86' lang='lat' dir='ltr'>accidens</span> <span class='ocrx_word' id='word_1_358' title='bbox 1094 2688 1274 2732; x_wconf 83' lang='lat' dir='ltr'>tamen3</span> <span class='ocrx_word' id='word_1_359' title='bbox 1302 2678 1424 2737; x_wconf 92' lang='lat' dir='ltr'>quod</span> <span class='ocrx_word' id='word_1_360' title='bbox 1452 2692 1505 2721; x_wconf 85' lang='lat' dir='ltr'>ex</span> <span class='ocrx_word' id='word_1_361' title='bbox 1531 2678 1621 2721; x_wconf 90' lang='lat' dir='ltr'>hoc</span> <span class='ocrx_word' id='word_1_362' title='bbox 1650 2687 1793 2737; x_wconf 86' lang='lat' dir='ltr'>patet:</span> <span class='ocrx_word' id='word_1_363' title='bbox 1819 2678 1870 2722; x_wconf 91' lang='lat' dir='ltr'>Si</span> <span class='ocrx_word' id='word_1_364' title='bbox 1895 2678 2020 2723; x_wconf 88' lang='lat' dir='ltr'>enim</span> <span class='ocrx_word' id='word_1_365' title='bbox 2043 2678 2131 2737; x_wconf 90' lang='lat' dir='ltr'>ipsi</span> <span class='ocrx_word' id='word_1_366' title='bbox 2151 2681 2236 2723; x_wconf 89' lang='lat' dir='ltr'>vir·</span> 
     </span>
    </p>
   </div>
   <div class='ocr_carea' id='block_1_3' title="bbox 271 2745 2314 2807">
    <p class='ocr_par' dir='ltr' id='par_1_7' title="bbox 271 2745 2314 2807">
     <span class='ocr_line' id='line_1_38' title="bbox 271 2745 2314 2807; baseline -0.001 -15"><span class='ocrx_word' id='word_1_367' title='bbox 271 2749 354 2792; x_wconf 88' lang='lat' dir='ltr'>tuti</span> <span class='ocrx_word' id='word_1_368' title='bbox 380 2762 461 2807; x_wconf 90' lang='lat' dir='ltr'>per</span> <span class='ocrx_word' id='word_1_369' title='bbox 486 2761 534 2792; x_wconf 90' lang='lat' dir='ltr'>se</span> <span class='ocrx_word' id='word_1_370' title='bbox 567 2747 794 2791; x_wconf 88' lang='lat' dir='ltr'>accideret</span> <span class='ocrx_word' id='word_1_371' title='bbox 827 2745 978 2804; x_wconf 91' lang='lat' dir='ltr'>aliqua</span> <span class='ocrx_word' id='word_1_372' title='bbox 1011 2745 1231 2800; x_wconf 88' lang='lat' dir='ltr'>debilitas,</span> <span class='ocrx_word' id='word_1_373' title='bbox 1263 2759 1498 2804; x_wconf 90' lang='lat' dir='ltr'>nunquam</span> <span class='ocrx_word' id='word_1_374' title='bbox 1531 2754 1869 2801; x_wconf 89' lang='lat' dir='ltr'>restauraretur,</span> <span class='ocrx_word' id='word_1_375' title='bbox 1901 2759 2078 2805; x_wconf 88' lang='lat' dir='ltr'>organo</span> <span class='ocrx_word' id='word_1_376' title='bbox 2108 2759 2239 2805; x_wconf 86' lang='lat' dir='ltr'>repa·</span> <span class='ocrx_word' id='word_1_377' title='bbox 2311 2766 2314 2767; x_wconf 40' lang='lat'><em>⁷</em></span> 
     </span>
    </p>
   </div>
   <div class='ocr_carea' id='block_1_4' title="bbox 267 2810 2239 3341">
    <p class='ocr_par' dir='ltr' id='par_1_8' title="bbox 267 2810 2239 3341">
     <span class='ocr_line' id='line_1_39' title="bbox 273 2810 2239 2872; baseline -0.001 -13"><span class='ocrx_word' id='word_1_378' title='bbox 273 2826 394 2869; x_wconf 88' lang='lat' dir='ltr'>rato;</span> <span class='ocrx_word' id='word_1_379' title='bbox 420 2815 628 2859; x_wconf 89' lang='lat' dir='ltr'>videmus</span> <span class='ocrx_word' id='word_1_380' title='bbox 655 2825 809 2858; x_wconf 90' lang='lat' dir='ltr'>autem</span> <span class='ocrx_word' id='word_1_381' title='bbox 832 2810 969 2872; x_wconf 77' lang='lat' dir='ltr'>qu&#39;od,</span> <span class='ocrx_word' id='word_1_382' title='bbox 996 2822 1417 2871; x_wconf 90' lang='lat' dir='ltr'>quantumcumque</span> <span class='ocrx_word' id='word_1_383' title='bbox 1443 2812 1510 2855; x_wconf 90' lang='lat' dir='ltr'>vis</span> <span class='ocrx_word' id='word_1_384' title='bbox 1536 2812 1679 2856; x_wconf 87' lang='lat' dir='ltr'>visiva</span> <span class='ocrx_word' id='word_1_385' title='bbox 1704 2812 1911 2857; x_wconf 89' lang='lat' dir='ltr'>videatur</span> <span class='ocrx_word' id='word_1_386' title='bbox 1936 2812 2182 2867; x_wconf 84' lang='lat' dir='ltr'>debilitata,</span> <span class='ocrx_word' id='word_1_387' title='bbox 2199 2813 2239 2858; x_wconf 84' lang='lat' dir='ltr'>si</span> 
     </span>
     <span class='ocr_line' id='line_1_40' title="bbox 270 2878 2233 2941; baseline -0.001 -15"><span class='ocrx_word' id='word_1_388' title='bbox 270 2896 494 2941; x_wconf 88' lang='lat' dir='ltr'>organum</span> <span class='ocrx_word' id='word_1_389' title='bbox 521 2890 768 2940; x_wconf 88' lang='lat' dir='ltr'>reparetur,</span> <span class='ocrx_word' id='word_1_390' title='bbox 794 2881 866 2924; x_wconf 85' lang='lat' dir='ltr'>vis</span> <span class='ocrx_word' id='word_1_391' title='bbox 888 2881 1032 2924; x_wconf 88' lang='lat' dir='ltr'>visiva</span> <span class='ocrx_word' id='word_1_392' title='bbox 1053 2889 1351 2932; x_wconf 82' lang='lat' dir='ltr'>restauratur3</span> <span class='ocrx_word' id='word_1_393' title='bbox 1375 2879 1494 2922; x_wconf 92' lang='lat' dir='ltr'>unde</span> <span class='ocrx_word' id='word_1_394' title='bbox 1512 2878 1621 2923; x_wconf 90' lang='lat' dir='ltr'>dicit</span> <span class='ocrx_word' id='word_1_395' title='bbox 1642 2879 1913 2924; x_wconf 90' lang='lat' dir='ltr'>Aristoteles</span> <span class='ocrx_word' id='word_1_396' title='bbox 1930 2879 1976 2937; x_wconf 86' lang='lat' dir='ltr'>in</span> <span class='ocrx_word' id='word_1_397' title='bbox 1992 2879 2144 2939; x_wconf 84' lang='lat' dir='ltr'>primo</span> <span class='ocrx_word' id='word_1_398' title='bbox 2160 2879 2233 2925; x_wconf 94' lang='lat' dir='ltr'>De</span> 
     </span>
     <span class='ocr_line' id='line_1_41' title="bbox 270 2945 2236 3006; baseline -0.002 -12"><span class='ocrx_word' id='word_1_399' title='bbox 270 2950 424 2994; x_wconf 89' lang='lat' dir='ltr'>anima</span> <span class='ocrx_word' id='word_1_400' title='bbox 450 2950 501 3006; x_wconf 89' lang='lat' dir='ltr'>(t.</span> <span class='ocrx_word' id='word_1_401' title='bbox 530 2963 567 2991; x_wconf 94' lang='lat' dir='ltr'>c.</span> <span class='ocrx_word' id='word_1_402' title='bbox 596 2947 686 3004; x_wconf 80' lang='lat'>65.)</span> <span class='ocrx_word' id='word_1_403' title='bbox 717 2947 854 3006; x_wconf 89' lang='lat' dir='ltr'>quod,</span> <span class='ocrx_word' id='word_1_404' title='bbox 881 2948 919 2991; x_wconf 89' lang='lat' dir='ltr'>si</span> <span class='ocrx_word' id='word_1_405' title='bbox 941 2961 1078 2991; x_wconf 83' lang='lat' dir='ltr'>senex</span> <span class='ocrx_word' id='word_1_406' title='bbox 1105 2946 1299 3005; x_wconf 88' lang='lat' dir='ltr'>accipiat</span> <span class='ocrx_word' id='word_1_407' title='bbox 1326 2945 1513 2990; x_wconf 90' lang='lat' dir='ltr'>oculum</span> <span class='ocrx_word' id='word_1_408' title='bbox 1539 2947 1730 3004; x_wconf 89' lang='lat' dir='ltr'>juvenis,</span> <span class='ocrx_word' id='word_1_409' title='bbox 1756 2946 1924 2990; x_wconf 87' lang='lat' dir='ltr'>videbit</span> <span class='ocrx_word' id='word_1_410' title='bbox 1942 2946 2098 3006; x_wconf 83' lang='lat' dir='ltr'>utique</span> <span class='ocrx_word' id='word_1_411' title='bbox 2118 2948 2236 2991; x_wconf 85' lang='lat' dir='ltr'>sicut</span> 
     </span>
     <span class='ocr_line' id='line_1_42' title="bbox 267 3012 2236 3075; baseline -0.001 -15"><span class='ocrx_word' id='word_1_412' title='bbox 267 3017 458 3075; x_wconf 71' lang='lat' dir='ltr'>iuvenis.</span> <span class='ocrx_word' id='word_1_413' title='bbox 489 3016 649 3068; x_wconf 88' lang='lat' dir='ltr'>Quum</span> <span class='ocrx_word' id='word_1_414' title='bbox 671 3014 808 3073; x_wconf 89' lang='lat' dir='ltr'>igitur</span> <span class='ocrx_word' id='word_1_415' title='bbox 834 3013 1090 3058; x_wconf 90' lang='lat' dir='ltr'>intellectus</span> <span class='ocrx_word' id='word_1_416' title='bbox 1117 3014 1172 3058; x_wconf 85' lang='lat' dir='ltr'>sit</span> <span class='ocrx_word' id='word_1_417' title='bbox 1197 3013 1337 3057; x_wconf 89' lang='lat' dir='ltr'>virtus</span> <span class='ocrx_word' id='word_1_418' title='bbox 1361 3013 1556 3066; x_wconf 87' lang='lat' dir='ltr'>animae,</span> <span class='ocrx_word' id='word_1_419' title='bbox 1584 3027 1700 3071; x_wconf 90' lang='lat' dir='ltr'>quae</span> <span class='ocrx_word' id='word_1_420' title='bbox 1725 3026 1820 3057; x_wconf 89' lang='lat' dir='ltr'>non</span> <span class='ocrx_word' id='word_1_421' title='bbox 1845 3012 2020 3072; x_wconf 89' lang='lat' dir='ltr'>indiget</span> <span class='ocrx_word' id='word_1_422' title='bbox 2043 3024 2236 3073; x_wconf 75' lang='lat' dir='ltr'>organo,</span> 
     </span>
     <span class='ocr_line' id='line_1_43' title="bbox 270 3079 2237 3141; baseline -0.002 -14"><span class='ocrx_word' id='word_1_423' title='bbox 270 3093 318 3127; x_wconf 89' lang='lat' dir='ltr'>ut</span> <span class='ocrx_word' id='word_1_424' title='bbox 344 3097 397 3127; x_wconf 86' lang='lat' dir='ltr'>ex</span> <span class='ocrx_word' id='word_1_425' title='bbox 419 3081 679 3141; x_wconf 86' lang='lat' dir='ltr'>praemissis</span> <span class='ocrx_word' id='word_1_426' title='bbox 706 3083 767 3139; x_wconf 88' lang='lat' dir='ltr'>(c.</span> <span class='ocrx_word' id='word_1_427' title='bbox 795 3079 866 3124; x_wconf 83' lang='lat'>68.</span> <span class='ocrx_word' id='word_1_428' title='bbox 895 3091 939 3124; x_wconf 90' lang='lat' dir='ltr'>et</span> <span class='ocrx_word' id='word_1_429' title='bbox 965 3079 1057 3139; x_wconf 89' lang='lat'><strong>69.)</strong></span> <span class='ocrx_word' id='word_1_430' title='bbox 1085 3090 1222 3139; x_wconf 87' lang='lat' dir='ltr'>patet,</span> <span class='ocrx_word' id='word_1_431' title='bbox 1243 3080 1340 3139; x_wconf 91' lang='lat' dir='ltr'>ipse</span> <span class='ocrx_word' id='word_1_432' title='bbox 1357 3093 1451 3124; x_wconf 91' lang='lat' dir='ltr'>non</span> <span class='ocrx_word' id='word_1_433' title='bbox 1469 3079 1723 3123; x_wconf 87' lang='lat' dir='ltr'>debilitatur</span> <span class='ocrx_word' id='word_1_434' title='bbox 1740 3093 1889 3139; x_wconf 90' lang='lat' dir='ltr'>neque</span> <span class='ocrx_word' id='word_1_435' title='bbox 1905 3093 1986 3139; x_wconf 87' lang='lat' dir='ltr'>per</span> <span class='ocrx_word' id='word_1_436' title='bbox 2002 3093 2066 3134; x_wconf 86' lang='lat' dir='ltr'>se,</span> <span class='ocrx_word' id='word_1_437' title='bbox 2087 3094 2237 3140; x_wconf 86' lang='lat' dir='ltr'>neque</span> 
     </span>
     <span class='ocr_line' id='line_1_44' title="bbox 269 3145 2237 3210; baseline -0.001 -17"><span class='ocrx_word' id='word_1_438' title='bbox 269 3164 348 3210; x_wconf 90' lang='lat' dir='ltr'>per</span> <span class='ocrx_word' id='word_1_439' title='bbox 371 3149 582 3193; x_wconf 90' lang='lat' dir='ltr'>accidens</span> <span class='ocrx_word' id='word_1_440' title='bbox 609 3162 688 3206; x_wconf 92' lang='lat' dir='ltr'>per</span> <span class='ocrx_word' id='word_1_441' title='bbox 710 3149 886 3192; x_wconf 88' lang='lat' dir='ltr'>senium</span> <span class='ocrx_word' id='word_1_442' title='bbox 913 3147 983 3191; x_wconf 91' lang='lat' dir='ltr'>ve]</span> <span class='ocrx_word' id='word_1_443' title='bbox 1008 3161 1087 3206; x_wconf 91' lang='lat' dir='ltr'>per</span> <span class='ocrx_word' id='word_1_444' title='bbox 1105 3147 1306 3206; x_wconf 90' lang='lat' dir='ltr'>aliquam</span> <span class='ocrx_word' id='word_1_445' title='bbox 1325 3145 1461 3190; x_wconf 88' lang='lat' dir='ltr'>aliam</span> <span class='ocrx_word' id='word_1_446' title='bbox 1481 3146 1760 3191; x_wconf 88' lang='lat' dir='ltr'>debilitatem</span> <span class='ocrx_word' id='word_1_447' title='bbox 1778 3147 2011 3207; x_wconf 72' lang='lat' dir='ltr'>corporis3</span> <span class='ocrx_word' id='word_1_448' title='bbox 2026 3147 2066 3192; x_wconf 88' lang='lat' dir='ltr'>si</span> <span class='ocrx_word' id='word_1_449' title='bbox 2082 3157 2237 3192; x_wconf 85' lang='lat' dir='ltr'>autem</span> 
     </span>
     <span class='ocr_line' id='line_1_45' title="bbox 270 3213 2238 3275; baseline -0.001 -14"><span class='ocrx_word' id='word_1_450' title='bbox 270 3220 315 3261; x_wconf 89' lang='lat' dir='ltr'>in</span> <span class='ocrx_word' id='word_1_451' title='bbox 343 3216 608 3275; x_wconf 89' lang='lat' dir='ltr'>operatione</span> <span class='ocrx_word' id='word_1_452' title='bbox 635 3214 892 3259; x_wconf 89' lang='lat' dir='ltr'>intellectus</span> <span class='ocrx_word' id='word_1_453' title='bbox 921 3214 1086 3258; x_wconf 90' lang='lat' dir='ltr'>accidit</span> <span class='ocrx_word' id='word_1_454' title='bbox 1111 3213 1317 3272; x_wconf 84' lang='lat' dir='ltr'>fatigatio</span> <span class='ocrx_word' id='word_1_455' title='bbox 1346 3223 1422 3257; x_wconf 91' lang='lat' dir='ltr'>aut</span> <span class='ocrx_word' id='word_1_456' title='bbox 1448 3213 1829 3274; x_wconf 80' lang='lat' dir='ltr'>impedimentum</span> <span class='ocrx_word' id='word_1_457' title='bbox 1849 3222 2035 3273; x_wconf 83' lang='lat' dir='ltr'>propter</span> <span class='ocrx_word' id='word_1_458' title='bbox 2053 3213 2238 3260; x_wconf 83' lang='lat' dir='ltr'>infirmi-</span> 
     </span>
     <span class='ocr_line' id='line_1_46' title="bbox 268 3278 2239 3341; baseline -0.002 -13"><span class='ocrx_word' id='word_1_459' title='bbox 268 3294 410 3328; x_wconf 90' lang='lat' dir='ltr'>tatem</span> <span class='ocrx_word' id='word_1_460' title='bbox 439 3283 658 3341; x_wconf 89' lang='lat' dir='ltr'>corporis,</span> <span class='ocrx_word' id='word_1_461' title='bbox 679 3282 771 3326; x_wconf 91' lang='lat' dir='ltr'>hoc</span> <span class='ocrx_word' id='word_1_462' title='bbox 794 3295 888 3325; x_wconf 92' lang='lat' dir='ltr'>non</span> <span class='ocrx_word' id='word_1_463' title='bbox 915 3291 983 3325; x_wconf 90' lang='lat' dir='ltr'>est</span> <span class='ocrx_word' id='word_1_464' title='bbox 1000 3291 1182 3339; x_wconf 91' lang='lat' dir='ltr'>propter</span> <span class='ocrx_word' id='word_1_465' title='bbox 1203 3279 1485 3324; x_wconf 84' lang='lat' dir='ltr'>debilitatem</span> <span class='ocrx_word' id='word_1_466' title='bbox 1501 3280 1641 3339; x_wconf 87' lang='lat' dir='ltr'>ipsius</span> <span class='ocrx_word' id='word_1_467' title='bbox 1663 3278 1935 3335; x_wconf 86' lang='lat' dir='ltr'>intellectus,</span> <span class='ocrx_word' id='word_1_468' title='bbox 1951 3280 2032 3326; x_wconf 88' lang='lat' dir='ltr'>sed</span> <span class='ocrx_word' id='word_1_469' title='bbox 2054 3290 2239 3341; x_wconf 85' lang='lat' dir='ltr'>propter</span> 
     </span>
    </p>
   </div>
   <div class='ocr_carea' id='block_1_5' title="bbox 270 3346 2243 3407">
    <p class='ocr_par' dir='ltr' id='par_1_9' title="bbox 270 3346 2243 3407">
     <span class='ocr_line' id='line_1_47' title="bbox 270 3346 2243 3407; baseline -0.002 -12"><span class='ocrx_word' id='word_1_470' title='bbox 270 3350 550 3396; x_wconf 88' lang='lat' dir='ltr'>debilitatem</span> <span class='ocrx_word' id='word_1_471' title='bbox 576 3349 759 3404; x_wconf 89' lang='lat' dir='ltr'>virium,</span> <span class='ocrx_word' id='word_1_472' title='bbox 786 3348 946 3407; x_wconf 85' lang='lat' dir='ltr'>quibus</span> <span class='ocrx_word' id='word_1_473' title='bbox 973 3347 1230 3391; x_wconf 89' lang='lat' dir='ltr'>intellectus</span> <span class='ocrx_word' id='word_1_474' title='bbox 1256 3347 1443 3404; x_wconf 89' lang='lat' dir='ltr'>indiget,</span> <span class='ocrx_word' id='word_1_475' title='bbox 1476 3346 1652 3391; x_wconf 90' lang='lat' dir='ltr'>scilicet</span> <span class='ocrx_word' id='word_1_476' title='bbox 1681 3347 2039 3406; x_wconf 76' lang='lat' dir='ltr'>imaginationis,</span> <span class='ocrx_word' id='word_1_477' title='bbox 2065 3360 2243 3399; x_wconf 42' lang='lat' dir='ltr'>memo-</span> 
     </span>
    </p>
   </div>
   <div class='ocr_carea' id='block_1_6' title="bbox 270 3412 2235 3474">
    <p class='ocr_par' dir='ltr' id='par_1_10' title="bbox 270 3412 2235 3474">
     <span class='ocr_line' id='line_1_48' title="bbox 270 3412 2235 3474; baseline -0.001 -13"><span class='ocrx_word' id='word_1_478' title='bbox 270 3418 440 3461; x_wconf 86' lang='lat' dir='ltr'>rativae</span> <span class='ocrx_word' id='word_1_479' title='bbox 462 3426 505 3461; x_wconf 93' lang='lat' dir='ltr'>et</span> <span class='ocrx_word' id='word_1_480' title='bbox 532 3416 807 3474; x_wconf 88' lang='lat' dir='ltr'>cogitativae</span> <span class='ocrx_word' id='word_1_481' title='bbox 833 3415 1066 3458; x_wconf 88' lang='lat' dir='ltr'>virtutum.</span> <span class='ocrx_word' id='word_1_482' title='bbox 1094 3414 1224 3458; x_wconf 90' lang='lat' dir='ltr'>Patet</span> <span class='ocrx_word' id='word_1_483' title='bbox 1245 3413 1382 3472; x_wconf 90' lang='lat' dir='ltr'>igitur</span> <span class='ocrx_word' id='word_1_484' title='bbox 1408 3413 1530 3472; x_wconf 93' lang='lat' dir='ltr'>quod</span> <span class='ocrx_word' id='word_1_485' title='bbox 1556 3413 1813 3459; x_wconf 88' lang='lat' dir='ltr'>intellectus</span> <span class='ocrx_word' id='word_1_486' title='bbox 1836 3414 2066 3468; x_wconf 73' lang='lat' dir='ltr'>humanus</span> <span class='ocrx_word' id='word_1_487' title='bbox 2087 3423 2158 3459; x_wconf 84' lang='lat' dir='ltr'>est</span> <span class='ocrx_word' id='word_1_488' title='bbox 2170 3412 2235 3459; x_wconf 78' lang='lat' dir='ltr'>in-</span> 
     </span>
    </p>
   </div>
   <div class='ocr_carea' id='block_1_7' title="bbox 273 3479 2288 3542">
    <p class='ocr_par' dir='ltr' id='par_1_11' title="bbox 273 3479 2288 3542">
     <span class='ocr_line' id='line_1_49' title="bbox 273 3479 2288 3542; baseline -0.001 -15"><span class='ocrx_word' id='word_1_489' title='bbox 273 3482 595 3542; x_wconf 84' lang='lat' dir='ltr'>corruptibilis3</span> <span class='ocrx_word' id='word_1_490' title='bbox 614 3497 725 3541; x_wconf 87' lang='lat' dir='ltr'>ergo</span> <span class='ocrx_word' id='word_1_491' title='bbox 745 3493 789 3527; x_wconf 92' lang='lat' dir='ltr'>et</span> <span class='ocrx_word' id='word_1_492' title='bbox 805 3482 959 3526; x_wconf 89' lang='lat' dir='ltr'>anima</span> <span class='ocrx_word' id='word_1_493' title='bbox 975 3482 1194 3534; x_wconf 89' lang='lat' dir='ltr'>humana,</span> <span class='ocrx_word' id='word_1_494' title='bbox 1212 3494 1327 3539; x_wconf 87' lang='lat' dir='ltr'>quae</span> <span class='ocrx_word' id='word_1_495' title='bbox 1344 3489 1411 3524; x_wconf 90' lang='lat' dir='ltr'>est</span> <span class='ocrx_word' id='word_1_496' title='bbox 1430 3479 1710 3525; x_wconf 88' lang='lat' dir='ltr'>intellectiva</span> <span class='ocrx_word' id='word_1_497' title='bbox 1728 3481 1954 3540; x_wconf 79' lang='lat' dir='ltr'>quaedam</span> <span class='ocrx_word' id='word_1_498' title='bbox 1970 3480 2234 3526; x_wconf 74' lang='lat' dir='ltr'>substantia.</span> <span class='ocrx_word' id='word_1_499' title='bbox 2276 3495 2288 3507; x_wconf 47' lang='lat'>⁴</span> 
     </span>
    </p>
   </div>
   <div class='ocr_carea' id='block_1_8' title="bbox 274 3546 2236 3609">
    <p class='ocr_par' dir='ltr' id='par_1_12' title="bbox 274 3546 2236 3609">
     <span class='ocr_line' id='line_1_50' title="bbox 274 3546 2236 3609; baseline -0.001 -15"><span class='ocrx_word' id='word_1_500' title='bbox 274 3551 374 3595; x_wconf 89' lang='lat' dir='ltr'>Hoc</span> <span class='ocrx_word' id='word_1_501' title='bbox 394 3550 531 3594; x_wconf 88' lang='lat' dir='ltr'>etiam</span> <span class='ocrx_word' id='word_1_502' title='bbox 551 3559 737 3609; x_wconf 89' lang='lat' dir='ltr'>apparet</span> <span class='ocrx_word' id='word_1_503' title='bbox 758 3564 838 3608; x_wconf 91' lang='lat' dir='ltr'>per</span> <span class='ocrx_word' id='word_1_504' title='bbox 859 3548 1178 3593; x_wconf 88' lang='lat' dir='ltr'>auctoritatem</span> <span class='ocrx_word' id='word_1_505' title='bbox 1196 3546 1480 3602; x_wconf 91' lang='lat' dir='ltr'>Aristotelis;</span> <span class='ocrx_word' id='word_1_506' title='bbox 1498 3547 1608 3592; x_wconf 90' lang='lat' dir='ltr'>dicit</span> <span class='ocrx_word' id='word_1_507' title='bbox 1623 3547 1748 3592; x_wconf 89' lang='lat' dir='ltr'>enim</span> <span class='ocrx_word' id='word_1_508' title='bbox 1763 3547 1811 3591; x_wconf 88' lang='lat' dir='ltr'>in</span> <span class='ocrx_word' id='word_1_509' title='bbox 1826 3548 1977 3607; x_wconf 75' lang='lat' dir='ltr'>primo</span> <span class='ocrx_word' id='word_1_510' title='bbox 1990 3546 2066 3592; x_wconf 81' lang='lat' dir='ltr'>De</span> <span class='ocrx_word' id='word_1_511' title='bbox 2081 3546 2236 3593; x_wconf 82' lang='lat' dir='ltr'>anima</span> 
     </span>
    </p>
   </div>
   <div class='ocr_carea' id='block_1_9' title="bbox 274 3613 2233 3677">
    <p class='ocr_par' dir='ltr' id='par_1_13' title="bbox 274 3610 2307 3677">
     <span class='ocr_line' id='line_1_51' title="bbox 274 3613 2233 3677; baseline 0 -16"><span class='ocrx_word' id='word_1_512' title='bbox 274 3619 324 3677; x_wconf 91' lang='lat' dir='ltr'>(t.</span> <span class='ocrx_word' id='word_1_513' title='bbox 353 3631 391 3661; x_wconf 94' lang='lat' dir='ltr'>c.</span> <span class='ocrx_word' id='word_1_514' title='bbox 419 3616 512 3674; x_wconf 83' lang='lat'><strong>65.)</strong></span> <span class='ocrx_word' id='word_1_515' title='bbox 544 3617 666 3676; x_wconf 92' lang='lat' dir='ltr'>quod</span> <span class='ocrx_word' id='word_1_516' title='bbox 703 3633 726 3659; x_wconf 88' lang='lat'>«</span> <span class='ocrx_word' id='word_1_517' title='bbox 758 3615 1016 3666; x_wconf 82' lang='lat' dir='ltr'>intellectus</span> <span class='ocrx_word' id='word_1_518' title='bbox 1047 3615 1223 3660; x_wconf 88' lang='lat' dir='ltr'>videtur</span> <span class='ocrx_word' id='word_1_519' title='bbox 1255 3613 1480 3674; x_wconf 88' lang='lat' dir='ltr'>quaedam</span> <span class='ocrx_word' id='word_1_520' title='bbox 1513 3614 1759 3663; x_wconf 85' lang='lat' dir='ltr'>substantia</span> <span class='ocrx_word' id='word_1_521' title='bbox 1793 3619 1908 3675; x_wconf 69' lang='lat' dir='ltr'>esse,</span> <span class='ocrx_word' id='word_1_522' title='bbox 1934 3622 1988 3661; x_wconf 72' lang='lat' dir='ltr'>et</span> <span class='ocrx_word' id='word_1_523' title='bbox 2013 3626 2110 3661; x_wconf 85' lang='lat' dir='ltr'>non</span> <span class='ocrx_word' id='word_1_524' title='bbox 2134 3625 2233 3664; x_wconf 74' lang='lat' dir='ltr'>cot·-</span> 
     </span>
    </p>
   </div>
   <div class='ocr_carea' id='block_1_10' title="bbox 2277 2856 2323 3614">
    <p class='ocr_par' dir='ltr' id='par_1_14' title="bbox 2277 2856 2323 3614">
     <span class='ocr_line' id='line_1_52' title="bbox 2277 2856 2323 3614; textangle 90"><span class='ocrx_word' id='word_1_525' title='bbox 2277 3212 2323 3614; x_wconf 33' lang='lat' dir='ltr'>2²*&#39;‘fflsssifflffri‘xif*jmthg-JQ&#39;</span> <span class='ocrx_word' id='word_1_526' title='bbox 2294 3258 2298 3261; x_wconf 45' lang='lat'>¹</span> <span class='ocrx_word' id='word_1_527' title='bbox 2294 3180 2300 3204; x_wconf 37' lang='grc' dir='ltr'>ω</span> <span class='ocrx_word' id='word_1_528' title='bbox 2296 3160 2300 3162; x_wconf 59' lang='grc'>«</span> <span class='ocrx_word' id='word_1_529' title='bbox 2294 3115 2301 3124; x_wconf 79' lang='lat'>,.</span> <span class='ocrx_word' id='word_1_530' title='bbox 2299 3092 2302 3093; x_wconf 67' lang='lat'><em>=</em></span> <span class='ocrx_word' id='word_1_531' title='bbox 2298 3066 2309 3074; x_wconf 55' lang='grc' dir='ltr'>ι</span> <span class='ocrx_word' id='word_1_532' title='bbox 2300 2935 2311 3005; x_wconf 50' lang='grc' dir='ltr'>ψ..</span> <span class='ocrx_word' id='word_1_533' title='bbox 2304 2904 2305 2910; x_wconf 42' lang='lat'><em>2</em></span> <span class='ocrx_word' id='word_1_534' title='bbox 2306 2887 2308 2889; x_wconf 76' lang='grc'>,</span> <span class='ocrx_word' id='word_1_535' title='bbox 2309 2856 2312 2862; x_wconf 82' lang='lat'><em>.</em></span> 
     </span>
    </p>
   </div>
   <div class='ocr_carea' id='block_1_11' title="bbox 2311 2107 2332 2350">
    <p class='ocr_par' dir='ltr' id='par_1_15' title="bbox 2311 2107 2332 2368">
     <span class='ocr_line' id='line_1_53' title="bbox 2311 2107 2332 2350; textangle 90"><span class='ocrx_word' id='word_1_536' title='bbox 2311 2152 2332 2368; x_wconf 45' lang='lat' dir='ltr'>..fflhzz-adwr.</span> <span class='ocrx_word' id='word_1_537' title='bbox 2322 2107 2324 2110; x_wconf 41' lang='lat' dir='ltr'>v</span> 
     </span>
    </p>
   </div>
   <div class='ocr_carea' id='block_1_12' title="bbox 2293 2554 2332 3216">
    <p class='ocr_par' dir='ltr' id='par_1_16' title="bbox 2293 2554 2332 3216">
     <span class='ocr_line' id='line_1_54' title="bbox 2293 2554 2332 3216; baseline 0 638"><span class='ocrx_word' id='word_1_538' title='bbox 2293 2554 2332 3216; x_wconf 95' lang='lat' dir='ltr'> </span> 
     </span>
    </p>
   </div>
   <div class='ocr_carea' id='block_1_13' title="bbox 2288 3428 2332 3854">
    <p class='ocr_par' dir='ltr' id='par_1_17' title="bbox 2288 3428 2332 3854">
     <span class='ocr_line' id='line_1_55' title="bbox 2288 3428 2332 3854; baseline 0 0"><span class='ocrx_word' id='word_1_539' title='bbox 2288 3428 2332 3854; x_wconf 95' lang='lat' dir='ltr'> </span> 
     </span>
    </p>
   </div>
  </div>
 </body>
</html>
