<?xml version="1.0" encoding="UTF-8"?>
<!DOCTYPE html PUBLIC "-//W3C//DTD XHTML 1.0 Transitional//EN"
    "http://www.w3.org/TR/xhtml1/DTD/xhtml1-transitional.dtd">
<html xmlns="http://www.w3.org/1999/xhtml" xml:lang="en" lang="en">
 <head>
  <title>
</title>
<meta http-equiv="Content-Type" content="text/html;charset=utf-8" />
  <meta name='ocr-system' content='tesseract 3.04.00' />
  <meta name='ocr-capabilities' content='ocr_page ocr_carea ocr_par ocr_line ocrx_word'/>
</head>
<body>
  <div class='ocr_page' id='page_1' title='image "./divithomaeaquina00thom_0712.png"; bbox 0 0 2294 3854; ppageno 0'>
   <div class='ocr_carea' id='block_1_1' title="bbox 196 199 1517 255">
    <p class='ocr_par' dir='ltr' id='par_1_1' title="bbox 196 199 1517 255">
     <span class='ocr_line' id='line_1_1' title="bbox 196 199 1517 255; baseline -0.002 -15"><span class='ocrx_word' id='word_1_1' title='bbox 196 201 302 255; x_wconf 90' lang='lat'>700</span> <span class='ocrx_word' id='word_1_2' title='bbox 827 201 980 239; x_wconf 85' lang='lat' dir='ltr'><strong>LIBER</strong></span> <span class='ocrx_word' id='word_1_3' title='bbox 1021 200 1091 238; x_wconf 90' lang='lat' dir='ltr'>IV.</span> <span class='ocrx_word' id='word_1_4' title='bbox 1134 200 1263 241; x_wconf 65' lang='lat' dir='ltr'>CAP.</span> <span class='ocrx_word' id='word_1_5' title='bbox 1296 199 1517 239; x_wconf 83' lang='lat' dir='ltr'>LXXXIV.</span> 
     </span>
    </p>
   </div>
   <div class='ocr_carea' id='block_1_2' title="bbox 193 301 2148 628">
    <p class='ocr_par' dir='ltr' id='par_1_2' title="bbox 193 301 2147 496">
     <span class='ocr_line' id='line_1_2' title="bbox 194 301 2146 364; baseline 0.002 -17"><span class='ocrx_word' id='word_1_6' title='bbox 194 304 341 349; x_wconf 83' lang='lat' dir='ltr'>litates</span> <span class='ocrx_word' id='word_1_7' title='bbox 382 303 638 363; x_wconf 86' lang='lat' dir='ltr'>tangibiles,</span> <span class='ocrx_word' id='word_1_8' title='bbox 679 314 727 348; x_wconf 93' lang='lat' dir='ltr'>ut</span> <span class='ocrx_word' id='word_1_9' title='bbox 758 304 814 348; x_wconf 88' lang='lat' dir='ltr'>sit</span> <span class='ocrx_word' id='word_1_10' title='bbox 855 302 1200 361; x_wconf 88' lang='lat' dir='ltr'>quodammodo</span> <span class='ocrx_word' id='word_1_11' title='bbox 1231 301 1278 346; x_wconf 91' lang='lat' dir='ltr'>in</span> <span class='ocrx_word' id='word_1_12' title='bbox 1310 303 1515 361; x_wconf 87' lang='lat' dir='ltr'>potentia</span> <span class='ocrx_word' id='word_1_13' title='bbox 1546 303 1602 349; x_wconf 90' lang='lat' dir='ltr'>ad</span> <span class='ocrx_word' id='word_1_14' title='bbox 1634 317 1725 357; x_wconf 86' lang='lat' dir='ltr'>eas,</span> <span class='ocrx_word' id='word_1_15' title='bbox 1756 314 1817 348; x_wconf 90' lang='lat' dir='ltr'>ut</span> <span class='ocrx_word' id='word_1_16' title='bbox 1835 303 2146 364; x_wconf 78' lang='lat' dir='ltr'><strong>Philosophus</strong></span> 
     </span>
     <span class='ocr_line' id='line_1_3' title="bbox 193 368 2147 465; baseline 0.002 -51"><span class='ocrx_word' id='word_1_17' title='bbox 193 371 356 428; x_wconf 88' lang='lat' dir='ltr'>probat</span> <span class='ocrx_word' id='word_1_18' title='bbox 385 371 433 414; x_wconf 90' lang='lat' dir='ltr'>in</span> <span class='ocrx_word' id='word_1_19' title='bbox 455 371 656 417; x_wconf 91' lang='lat' dir='ltr'>secundo</span> <span class='ocrx_word' id='word_1_20' title='bbox 683 371 754 414; x_wconf 89' lang='lat' dir='ltr'>De</span> <span class='ocrx_word' id='word_1_21' title='bbox 782 370 934 413; x_wconf 87' lang='lat' dir='ltr'>anima</span> <span class='ocrx_word' id='word_1_22' title='bbox 950 370 1003 427; x_wconf 89' lang='lat' dir='ltr'>(t.</span> <span class='ocrx_word' id='word_1_23' title='bbox 1031 383 1070 413; x_wconf 92' lang='lat' dir='ltr'>c.</span> <span class='ocrx_word' id='word_1_24' title='bbox 1103 382 1198 412; x_wconf 90' lang='lat'>111.</span> <span class='ocrx_word' id='word_1_25' title='bbox 1226 378 1270 415; x_wconf 90' lang='lat' dir='ltr'>et</span> <span class='ocrx_word' id='word_1_26' title='bbox 1294 368 1447 426; x_wconf 85' lang='lat' dir='ltr'>infra).</span> <span class='ocrx_word' id='word_1_27' title='bbox 1474 369 1761 446; x_wconf 86' lang='lat' dir='ltr'>Impossibile</span> <span class='ocrx_word' id='word_1_28' title='bbox 1777 380 1849 416; x_wconf 85' lang='lat' dir='ltr'>est</span> <span class='ocrx_word' id='word_1_29' title='bbox 1868 371 2004 465; x_wconf 83' lang='lat' dir='ltr'>igitur</span> <span class='ocrx_word' id='word_1_30' title='bbox 2024 372 2147 437; x_wconf 81' lang='lat' dir='ltr'>quod</span> 
     </span>
     <span class='ocr_line' id='line_1_4' title="bbox 194 435 1624 496; baseline -0.001 -15"><span class='ocrx_word' id='word_1_31' title='bbox 194 451 357 496; x_wconf 89' lang='lat' dir='ltr'>corpus</span> <span class='ocrx_word' id='word_1_32' title='bbox 384 438 584 481; x_wconf 87' lang='lat' dir='ltr'>hominis</span> <span class='ocrx_word' id='word_1_33' title='bbox 610 436 883 494; x_wconf 87' lang='lat' dir='ltr'>resurgentis</span> <span class='ocrx_word' id='word_1_34' title='bbox 910 436 967 479; x_wconf 89' lang='lat' dir='ltr'>sit</span> <span class='ocrx_word' id='word_1_35' title='bbox 993 439 1192 488; x_wconf 76' lang='lat' dir='ltr'>aereum,</span> <span class='ocrx_word' id='word_1_36' title='bbox 1219 444 1278 479; x_wconf 88' lang='lat' dir='ltr'>et</span> <span class='ocrx_word' id='word_1_37' title='bbox 1289 435 1438 479; x_wconf 88' lang='lat' dir='ltr'>simile</span> <span class='ocrx_word' id='word_1_38' title='bbox 1463 436 1624 480; x_wconf 85' lang='lat' dir='ltr'>ventis.</span> 
     </span>
    </p>

    <p class='ocr_par' dir='ltr' id='par_1_3' title="bbox 193 480 2148 628">
     <span class='ocr_line' id='line_1_5' title="bbox 282 480 2148 563; baseline 0 -15"><span class='ocrx_word' id='word_1_39' title='bbox 282 505 348 547; x_wconf 86' lang='lat' dir='ltr'>Ex</span> <span class='ocrx_word' id='word_1_40' title='bbox 386 519 476 563; x_wconf 86' lang='lat' dir='ltr'>quo</span> <span class='ocrx_word' id='word_1_41' title='bbox 511 505 647 548; x_wconf 88' lang='lat' dir='ltr'>etiam</span> <span class='ocrx_word' id='word_1_42' title='bbox 682 512 865 560; x_wconf 85' lang='lat' dir='ltr'>apparet</span> <span class='ocrx_word' id='word_1_43' title='bbox 899 502 1021 559; x_wconf 90' lang='lat' dir='ltr'>quod</span> <span class='ocrx_word' id='word_1_44' title='bbox 1051 515 1146 545; x_wconf 90' lang='lat' dir='ltr'>non</span> <span class='ocrx_word' id='word_1_45' title='bbox 1178 501 1344 559; x_wconf 91' lang='lat' dir='ltr'>poterit</span> <span class='ocrx_word' id='word_1_46' title='bbox 1376 514 1473 546; x_wconf 89' lang='lat' dir='ltr'>esse</span> <span class='ocrx_word' id='word_1_47' title='bbox 1507 516 1669 561; x_wconf 87' lang='lat' dir='ltr'>corpus</span> <span class='ocrx_word' id='word_1_48' title='bbox 1702 480 1916 548; x_wconf 82' lang='lat' dir='ltr'>coeleste.</span> <span class='ocrx_word' id='word_1_49' title='bbox 1949 483 2148 562; x_wconf 61' lang='lat' dir='ltr'>Oponet</span> 
     </span>
     <span class='ocr_line' id='line_1_6' title="bbox 193 564 2147 628; baseline 0.001 -14"><span class='ocrx_word' id='word_1_50' title='bbox 193 569 316 614; x_wconf 86' lang='lat' dir='ltr'>enirn</span> <span class='ocrx_word' id='word_1_51' title='bbox 361 584 522 628; x_wconf 88' lang='lat' dir='ltr'>corpus</span> <span class='ocrx_word' id='word_1_52' title='bbox 556 569 756 612; x_wconf 89' lang='lat' dir='ltr'>hominis</span> <span class='ocrx_word' id='word_1_53' title='bbox 794 578 838 611; x_wconf 89' lang='lat' dir='ltr'>et</span> <span class='ocrx_word' id='word_1_54' title='bbox 880 567 1120 626; x_wconf 88' lang='lat' dir='ltr'>cujuslibet</span> <span class='ocrx_word' id='word_1_55' title='bbox 1150 564 1359 611; x_wconf 90' lang='lat' dir='ltr'>animalis</span> <span class='ocrx_word' id='word_1_56' title='bbox 1393 580 1490 613; x_wconf 89' lang='lat' dir='ltr'>esse</span> <span class='ocrx_word' id='word_1_57' title='bbox 1523 569 1828 628; x_wconf 81' lang='lat' dir='ltr'>susceptivum</span> <span class='ocrx_word' id='word_1_58' title='bbox 1859 568 2147 628; x_wconf 55' lang='lat' dir='ltr'>tangibilia„</span> 
     </span>
    </p>
   </div>
   <div class='ocr_carea' id='block_1_3' title="bbox 192 634 2170 695">
    <p class='ocr_par' dir='ltr' id='par_1_4' title="bbox 192 634 2170 695">
     <span class='ocr_line' id='line_1_7' title="bbox 192 634 2170 695; baseline 0 -16"><span class='ocrx_word' id='word_1_59' title='bbox 192 637 475 695; x_wconf 86' lang='lat' dir='ltr'>qualitatum,</span> <span class='ocrx_word' id='word_1_60' title='bbox 502 646 550 679; x_wconf 93' lang='lat' dir='ltr'>ut</span> <span class='ocrx_word' id='word_1_61' title='bbox 574 636 666 693; x_wconf 83' lang='lat' dir='ltr'>jam</span> <span class='ocrx_word' id='word_1_62' title='bbox 689 635 861 678; x_wconf 88' lang='lat' dir='ltr'>dictum</span> <span class='ocrx_word' id='word_1_63' title='bbox 889 643 968 678; x_wconf 93' lang='lat' dir='ltr'>est.</span> <span class='ocrx_word' id='word_1_64' title='bbox 1002 634 1104 678; x_wconf 91' lang='lat' dir='ltr'>Hoc</span> <span class='ocrx_word' id='word_1_65' title='bbox 1130 643 1285 678; x_wconf 88' lang='lat' dir='ltr'>autern</span> <span class='ocrx_word' id='word_1_66' title='bbox 1317 636 1498 693; x_wconf 82' lang='lat' dir='ltr'>corpori</span> <span class='ocrx_word' id='word_1_67' title='bbox 1525 635 1713 681; x_wconf 86' lang='lat' dir='ltr'>coelesti</span> <span class='ocrx_word' id='word_1_68' title='bbox 1741 649 1837 683; x_wconf 80' lang='lat' dir='ltr'>non</span> <span class='ocrx_word' id='word_1_69' title='bbox 1862 645 2014 694; x_wconf 80' lang='lat' dir='ltr'>potest</span> <span class='ocrx_word' id='word_1_70' title='bbox 2037 648 2170 685; x_wconf 54' lang='lat' dir='ltr'>eom.</span> 
     </span>
    </p>
   </div>
   <div class='ocr_carea' id='block_1_4' title="bbox 188 699 2149 1294">
    <p class='ocr_par' dir='ltr' id='par_1_5' title="bbox 188 699 2148 1294">
     <span class='ocr_line' id='line_1_8' title="bbox 191 699 2147 762; baseline 0.002 -17"><span class='ocrx_word' id='word_1_71' title='bbox 191 703 359 756; x_wconf 86' lang='lat' dir='ltr'>venire,</span> <span class='ocrx_word' id='word_1_72' title='bbox 387 703 491 760; x_wconf 88' lang='lat' dir='ltr'>quia</span> <span class='ocrx_word' id='word_1_73' title='bbox 518 716 611 744; x_wconf 90' lang='lat' dir='ltr'>non</span> <span class='ocrx_word' id='word_1_74' title='bbox 639 711 706 744; x_wconf 84' lang='lat' dir='ltr'>est</span> <span class='ocrx_word' id='word_1_75' title='bbox 722 715 869 759; x_wconf 88' lang='lat' dir='ltr'>neque</span> <span class='ocrx_word' id='word_1_76' title='bbox 895 699 1108 755; x_wconf 89' lang='lat' dir='ltr'>calidum,</span> <span class='ocrx_word' id='word_1_77' title='bbox 1125 714 1274 760; x_wconf 90' lang='lat' dir='ltr'>neque</span> <span class='ocrx_word' id='word_1_78' title='bbox 1299 700 1529 759; x_wconf 87' lang='lat' dir='ltr'>frigidum,</span> <span class='ocrx_word' id='word_1_79' title='bbox 1555 716 1703 761; x_wconf 88' lang='lat' dir='ltr'>neque</span> <span class='ocrx_word' id='word_1_80' title='bbox 1719 701 1975 757; x_wconf 84' lang='lat' dir='ltr'>humidum,</span> <span class='ocrx_word' id='word_1_81' title='bbox 1995 714 2147 762; x_wconf 70' lang='lat' dir='ltr'>neque</span> 
     </span>
     <span class='ocr_line' id='line_1_9' title="bbox 192 764 2148 829; baseline 0.001 -17"><span class='ocrx_word' id='word_1_82' title='bbox 192 769 378 821; x_wconf 89' lang='lat' dir='ltr'>siccum,</span> <span class='ocrx_word' id='word_1_83' title='bbox 396 783 543 826; x_wconf 87' lang='lat' dir='ltr'>neque</span> <span class='ocrx_word' id='word_1_84' title='bbox 563 767 730 826; x_wconf 92' lang='lat' dir='ltr'>aliquid</span> <span class='ocrx_word' id='word_1_85' title='bbox 754 764 1019 826; x_wconf 86' lang='lat' dir='ltr'>hujusmodi</span> <span class='ocrx_word' id='word_1_86' title='bbox 1043 766 1119 811; x_wconf 87' lang='lat' dir='ltr'>vel</span> <span class='ocrx_word' id='word_1_87' title='bbox 1145 777 1263 821; x_wconf 87' lang='lat' dir='ltr'>actu,</span> <span class='ocrx_word' id='word_1_88' title='bbox 1281 767 1357 812; x_wconf 90' lang='lat' dir='ltr'>vel</span> <span class='ocrx_word' id='word_1_89' title='bbox 1382 768 1600 825; x_wconf 90' lang='lat' dir='ltr'>potentia,</span> <span class='ocrx_word' id='word_1_90' title='bbox 1627 779 1677 812; x_wconf 93' lang='lat' dir='ltr'>ut</span> <span class='ocrx_word' id='word_1_91' title='bbox 1699 768 1913 827; x_wconf 82' lang='lat' dir='ltr'>probatur</span> <span class='ocrx_word' id='word_1_92' title='bbox 1937 770 1983 813; x_wconf 87' lang='lat' dir='ltr'>in</span> <span class='ocrx_word' id='word_1_93' title='bbox 1999 770 2148 829; x_wconf 82' lang='lat' dir='ltr'>primo</span> 
     </span>
     <span class='ocr_line' id='line_1_10' title="bbox 190 834 2146 895; baseline 0.001 -17"><span class='ocrx_word' id='word_1_94' title='bbox 190 836 260 879; x_wconf 92' lang='lat' dir='ltr'>De</span> <span class='ocrx_word' id='word_1_95' title='bbox 279 835 392 878; x_wconf 88' lang='lat' dir='ltr'>coel.</span> <span class='ocrx_word' id='word_1_96' title='bbox 416 837 467 893; x_wconf 88' lang='lat' dir='ltr'>(t.</span> <span class='ocrx_word' id='word_1_97' title='bbox 488 850 525 878; x_wconf 87' lang='lat' dir='ltr'>c.</span> <span class='ocrx_word' id='word_1_98' title='bbox 545 835 647 892; x_wconf 82' lang='lat'>13.).</span> <span class='ocrx_word' id='word_1_99' title='bbox 670 835 849 891; x_wconf 92' lang='lat' dir='ltr'>Corpus</span> <span class='ocrx_word' id='word_1_100' title='bbox 867 834 1006 892; x_wconf 88' lang='lat' dir='ltr'>igitur</span> <span class='ocrx_word' id='word_1_101' title='bbox 1025 834 1227 879; x_wconf 88' lang='lat' dir='ltr'>hominis</span> <span class='ocrx_word' id='word_1_102' title='bbox 1248 835 1522 893; x_wconf 88' lang='lat' dir='ltr'>resurgentis</span> <span class='ocrx_word' id='word_1_103' title='bbox 1538 849 1633 880; x_wconf 90' lang='lat' dir='ltr'>non</span> <span class='ocrx_word' id='word_1_104' title='bbox 1655 836 1742 880; x_wconf 88' lang='lat' dir='ltr'>erit</span> <span class='ocrx_word' id='word_1_105' title='bbox 1752 848 1916 895; x_wconf 81' lang='lat' dir='ltr'>corpus</span> <span class='ocrx_word' id='word_1_106' title='bbox 1934 835 2146 882; x_wconf 81' lang='lat' dir='ltr'>coeleste.</span> 
     </span>
     <span class='ocr_line' id='line_1_11' title="bbox 277 901 2147 961; baseline 0.002 -16"><span class='ocrx_word' id='word_1_107' title='bbox 277 902 462 945; x_wconf 86' lang='lat' dir='ltr'>Adhuc:</span> <span class='ocrx_word' id='word_1_108' title='bbox 502 916 695 961; x_wconf 88' lang='lat' dir='ltr'>corpora</span> <span class='ocrx_word' id='word_1_109' title='bbox 731 901 950 945; x_wconf 89' lang='lat' dir='ltr'>coelestia</span> <span class='ocrx_word' id='word_1_110' title='bbox 988 911 1092 945; x_wconf 91' lang='lat' dir='ltr'>sunt</span> <span class='ocrx_word' id='word_1_111' title='bbox 1123 901 1498 960; x_wconf 83' lang='lat' dir='ltr'>incorruptibilia,</span> <span class='ocrx_word' id='word_1_112' title='bbox 1540 912 1585 947; x_wconf 89' lang='lat' dir='ltr'>et</span> <span class='ocrx_word' id='word_1_113' title='bbox 1622 903 1686 946; x_wconf 90' lang='lat' dir='ltr'>ita</span> <span class='ocrx_word' id='word_1_114' title='bbox 1721 903 2147 951; x_wconf 58' lang='lat' dir='ltr'>transmutatinon</span> 
     </span>
     <span class='ocr_line' id='line_1_12' title="bbox 189 967 2148 1029; baseline 0.001 -17"><span class='ocrx_word' id='word_1_115' title='bbox 189 978 378 1027; x_wconf 87' lang='lat' dir='ltr'>possunt</span> <span class='ocrx_word' id='word_1_116' title='bbox 419 983 444 1012; x_wconf 88' lang='lat' dir='ltr'>a</span> <span class='ocrx_word' id='word_1_117' title='bbox 486 983 567 1013; x_wconf 92' lang='lat' dir='ltr'>sua</span> <span class='ocrx_word' id='word_1_118' title='bbox 603 967 798 1012; x_wconf 90' lang='lat' dir='ltr'>naturali</span> <span class='ocrx_word' id='word_1_119' title='bbox 835 967 1147 1027; x_wconf 86' lang='lat' dir='ltr'>dispositione.</span> <span class='ocrx_word' id='word_1_120' title='bbox 1183 968 1460 1013; x_wconf 85' lang='lat' dir='ltr'>Naturaliter</span> <span class='ocrx_word' id='word_1_121' title='bbox 1495 970 1750 1014; x_wconf 86' lang='lat' dir='ltr'>autemeis</span> <span class='ocrx_word' id='word_1_122' title='bbox 1783 969 1974 1017; x_wconf 60' lang='lat' dir='ltr'>debetur</span> <span class='ocrx_word' id='word_1_123' title='bbox 1996 969 2148 1029; x_wconf 13' lang='lat' dir='ltr'>&#39;figura</span> 
     </span>
     <span class='ocr_line' id='line_1_13' title="bbox 189 1034 2148 1094; baseline 0.002 -16"><span class='ocrx_word' id='word_1_124' title='bbox 189 1035 438 1094; x_wconf 89' lang='lat' dir='ltr'>sphaerica,</span> <span class='ocrx_word' id='word_1_125' title='bbox 470 1045 519 1078; x_wconf 90' lang='lat' dir='ltr'>ut</span> <span class='ocrx_word' id='word_1_126' title='bbox 551 1035 766 1094; x_wconf 90' lang='lat' dir='ltr'>probatur</span> <span class='ocrx_word' id='word_1_127' title='bbox 801 1034 848 1077; x_wconf 88' lang='lat' dir='ltr'>in</span> <span class='ocrx_word' id='word_1_128' title='bbox 883 1034 1086 1078; x_wconf 87' lang='lat' dir='ltr'>secundo</span> <span class='ocrx_word' id='word_1_129' title='bbox 1118 1034 1191 1079; x_wconf 93' lang='lat' dir='ltr'>De</span> <span class='ocrx_word' id='word_1_130' title='bbox 1224 1035 1356 1080; x_wconf 90' lang='lat' dir='ltr'>coelo</span> <span class='ocrx_word' id='word_1_131' title='bbox 1394 1045 1439 1080; x_wconf 91' lang='lat' dir='ltr'>et</span> <span class='ocrx_word' id='word_1_132' title='bbox 1473 1036 1646 1080; x_wconf 90' lang='lat' dir='ltr'>mundo</span> <span class='ocrx_word' id='word_1_133' title='bbox 1671 1036 1724 1094; x_wconf 87' lang='lat' dir='ltr'>(t.</span> <span class='ocrx_word' id='word_1_134' title='bbox 1759 1050 1798 1080; x_wconf 91' lang='lat' dir='ltr'>c.</span> <span class='ocrx_word' id='word_1_135' title='bbox 1824 1036 1903 1094; x_wconf 71' lang='lat'>2‚.);</span> <span class='ocrx_word' id='word_1_136' title='bbox 1934 1036 2044 1081; x_wconf 89' lang='lat' dir='ltr'>Non</span> <span class='ocrx_word' id='word_1_137' title='bbox 2079 1045 2148 1081; x_wconf 86' lang='lat' dir='ltr'>est</span> 
     </span>
     <span class='ocr_line' id='line_1_14' title="bbox 189 1100 2149 1162; baseline 0.003 -19"><span class='ocrx_word' id='word_1_138' title='bbox 189 1101 324 1159; x_wconf 88' lang='lat' dir='ltr'>igitur</span> <span class='ocrx_word' id='word_1_139' title='bbox 349 1101 562 1159; x_wconf 86' lang='lat' dir='ltr'>possibile</span> <span class='ocrx_word' id='word_1_140' title='bbox 588 1101 710 1159; x_wconf 90' lang='lat' dir='ltr'>quod</span> <span class='ocrx_word' id='word_1_141' title='bbox 738 1101 963 1159; x_wconf 86' lang='lat' dir='ltr'>accipiant</span> <span class='ocrx_word' id='word_1_142' title='bbox 989 1100 1184 1159; x_wconf 86' lang='lat' dir='ltr'>figuram</span> <span class='ocrx_word' id='word_1_143' title='bbox 1211 1115 1327 1160; x_wconf 89' lang='lat' dir='ltr'>quae</span> <span class='ocrx_word' id='word_1_144' title='bbox 1351 1102 1616 1148; x_wconf 87' lang='lat' dir='ltr'>naturaliter</span> <span class='ocrx_word' id='word_1_145' title='bbox 1636 1103 1845 1151; x_wconf 81' lang='lat' dir='ltr'>humano</span> <span class='ocrx_word' id='word_1_146' title='bbox 1870 1103 2053 1162; x_wconf 78' lang='lat' dir='ltr'>corpori</span> <span class='ocrx_word' id='word_1_147' title='bbox 2070 1103 2149 1150; x_wconf 84' lang='lat' dir='ltr'>de·</span> 
     </span>
     <span class='ocr_line' id='line_1_15' title="bbox 189 1167 2149 1228; baseline 0.004 -18"><span class='ocrx_word' id='word_1_148' title='bbox 189 1168 328 1211; x_wconf 89' lang='lat' dir='ltr'>betur.</span> <span class='ocrx_word' id='word_1_149' title='bbox 355 1168 643 1227; x_wconf 84' lang='lat' dir='ltr'>Impossibile</span> <span class='ocrx_word' id='word_1_150' title='bbox 669 1178 738 1212; x_wconf 91' lang='lat' dir='ltr'>est</span> <span class='ocrx_word' id='word_1_151' title='bbox 762 1168 898 1226; x_wconf 91' lang='lat' dir='ltr'>igitur</span> <span class='ocrx_word' id='word_1_152' title='bbox 923 1167 1046 1227; x_wconf 88' lang='lat' dir='ltr'>quod</span> <span class='ocrx_word' id='word_1_153' title='bbox 1073 1182 1267 1227; x_wconf 86' lang='lat' dir='ltr'>corpora</span> <span class='ocrx_word' id='word_1_154' title='bbox 1293 1170 1627 1228; x_wconf 88' lang='lat' dir='ltr'>resurgentium</span> <span class='ocrx_word' id='word_1_155' title='bbox 1654 1170 1744 1214; x_wconf 88' lang='lat' dir='ltr'>sint</span> <span class='ocrx_word' id='word_1_156' title='bbox 1773 1170 1830 1216; x_wconf 87' lang='lat' dir='ltr'>de</span> <span class='ocrx_word' id='word_1_157' title='bbox 1859 1179 2020 1216; x_wconf 74' lang='lat' dir='ltr'>namra</span> <span class='ocrx_word' id='word_1_158' title='bbox 2043 1182 2149 1217; x_wconf 77' lang='lat' dir='ltr'>coe-</span> 
     </span>
     <span class='ocr_line' id='line_1_16' title="bbox 188 1233 2029 1294; baseline 0.002 -17"><span class='ocrx_word' id='word_1_159' title='bbox 188 1233 368 1279; x_wconf 87' lang='lat' dir='ltr'>lestium</span> <span class='ocrx_word' id='word_1_160' title='bbox 396 1249 654 1294; x_wconf 89' lang='lat' dir='ltr'>corporum.</span> <span class='ocrx_word' id='word_1_161' title='bbox 1885 1261 1887 1263; x_wconf 29' lang='lat' dir='ltr'>r</span> <span class='ocrx_word' id='word_1_162' title='bbox 2027 1258 2029 1261; x_wconf 89' lang='grc'><em>·</em></span> 
     </span>
    </p>
   </div>
   <div class='ocr_carea' id='block_1_5' title="bbox 878 1390 1458 1450">
    <p class='ocr_par' dir='ltr' id='par_1_6' title="bbox 878 1390 1458 1450">
     <span class='ocr_line' id='line_1_17' title="bbox 878 1390 1458 1450; baseline 0.007 -4"><span class='ocrx_word' id='word_1_163' title='bbox 878 1390 1132 1447; x_wconf 90' lang='lat' dir='ltr'><strong>CAPUT</strong></span> <span class='ocrx_word' id='word_1_164' title='bbox 1174 1391 1458 1450; x_wconf 90' lang='lat' dir='ltr'>LXXXV.</span> 
     </span>
    </p>
   </div>
   <div class='ocr_carea' id='block_1_6' title="bbox 241 1511 2140 1641">
    <p class='ocr_par' dir='ltr' id='par_1_7' title="bbox 241 1511 2140 1641">
     <span class='ocr_line' id='line_1_18' title="bbox 241 1511 2095 1606; baseline 0.002 -49"><span class='ocrx_word' id='word_1_165' title='bbox 241 1518 399 1566; x_wconf 89' lang='lat' dir='ltr'><strong>QUOD</strong></span> <span class='ocrx_word' id='word_1_166' title='bbox 435 1518 691 1559; x_wconf 81' lang='lat' dir='ltr'><strong>CORPORA</strong></span> <span class='ocrx_word' id='word_1_167' title='bbox 723 1520 1149 1561; x_wconf 83' lang='lat' dir='ltr'><strong>RESURGENTIUM</strong></span> <span class='ocrx_word' id='word_1_168' title='bbox 1179 1522 1362 1561; x_wconf 89' lang='lat' dir='ltr'><strong>ERUNT</strong></span> <span class='ocrx_word' id='word_1_169' title='bbox 1396 1522 1662 1561; x_wconf 83' lang='lat' dir='ltr'><strong>ALTERIUS</strong></span> <span class='ocrx_word' id='word_1_170' title='bbox 1691 1511 2095 1606; x_wconf 64' lang='grc' dir='ltr'><strong>Β18Ρο81ΤῘοΝ18</strong></span> 
     </span>
     <span class='ocr_line' id='line_1_19' title="bbox 998 1595 2140 1641; baseline 0.003 -8"><span class='ocrx_word' id='word_1_171' title='bbox 998 1595 1155 1641; x_wconf 88' lang='lat' dir='ltr'><strong>QUAM</strong></span> <span class='ocrx_word' id='word_1_172' title='bbox 1181 1596 1344 1636; x_wconf 86' lang='lat' dir='ltr'><strong>ANTE.</strong></span> <span class='ocrx_word' id='word_1_173' title='bbox 1942 1611 1959 1617; x_wconf 89' lang='grc'>··</span> <span class='ocrx_word' id='word_1_174' title='bbox 1987 1610 1991 1613; x_wconf 85' lang='grc'>’</span> <span class='ocrx_word' id='word_1_175' title='bbox 2139 1607 2140 1610; x_wconf 76' lang='grc'>’</span> 
     </span>
    </p>
   </div>
   <div class='ocr_carea' id='block_1_7' title="bbox 282 1678 2198 1764">
    <p class='ocr_par' dir='ltr' id='par_1_8' title="bbox 282 1678 2198 1764">
     <span class='ocr_line' id='line_1_20' title="bbox 282 1678 2198 1764; baseline 0.003 -18"><span class='ocrx_word' id='word_1_176' title='bbox 282 1702 506 1755; x_wconf 86' lang='lat' dir='ltr'>Quamvis</span> <span class='ocrx_word' id='word_1_177' title='bbox 533 1713 687 1748; x_wconf 88' lang='lat' dir='ltr'>autem</span> <span class='ocrx_word' id='word_1_178' title='bbox 713 1717 907 1763; x_wconf 90' lang='lat' dir='ltr'>corpora</span> <span class='ocrx_word' id='word_1_179' title='bbox 932 1705 1266 1763; x_wconf 88' lang='lat' dir='ltr'>resurgentium</span> <span class='ocrx_word' id='word_1_180' title='bbox 1292 1706 1382 1750; x_wconf 89' lang='lat' dir='ltr'>sint</span> <span class='ocrx_word' id='word_1_181' title='bbox 1405 1684 1554 1750; x_wconf 87' lang='lat' dir='ltr'>futura</span> <span class='ocrx_word' id='word_1_182' title='bbox 1581 1706 1786 1764; x_wconf 87' lang='lat' dir='ltr'>ejusdem</span> <span class='ocrx_word' id='word_1_183' title='bbox 1809 1678 1988 1764; x_wconf 72' lang='lat' dir='ltr'>‘speciei</span> <span class='ocrx_word' id='word_1_184' title='bbox 2011 1705 2148 1764; x_wconf 72' lang='lat' dir='ltr'>cujus</span> <span class='ocrx_word' id='word_1_185' title='bbox 2190 1706 2198 1709; x_wconf 75' lang='grc'><strong>”</strong></span> 
     </span>
    </p>
   </div>
   <div class='ocr_carea' id='block_1_8' title="bbox 187 1771 2147 2232">
    <p class='ocr_par' dir='ltr' id='par_1_9' title="bbox 190 1771 2021 1831">
     <span class='ocr_line' id='line_1_21' title="bbox 190 1771 2021 1831; baseline 0.003 -18"><span class='ocrx_word' id='word_1_186' title='bbox 190 1784 309 1813; x_wconf 91' lang='lat' dir='ltr'>nunc</span> <span class='ocrx_word' id='word_1_187' title='bbox 336 1781 441 1814; x_wconf 86' lang='lat' dir='ltr'>sunt</span> <span class='ocrx_word' id='word_1_188' title='bbox 465 1785 658 1830; x_wconf 90' lang='lat' dir='ltr'>corpora</span> <span class='ocrx_word' id='word_1_189' title='bbox 682 1780 853 1825; x_wconf 86' lang='lat' dir='ltr'>nostra,</span> <span class='ocrx_word' id='word_1_190' title='bbox 878 1781 1034 1816; x_wconf 87' lang='lat' dir='ltr'>tamen</span> <span class='ocrx_word' id='word_1_191' title='bbox 1060 1771 1197 1816; x_wconf 86' lang='lat' dir='ltr'>aliam</span> <span class='ocrx_word' id='word_1_192' title='bbox 1224 1772 1572 1831; x_wconf 88' lang='lat' dir='ltr'>dispositionem</span> <span class='ocrx_word' id='word_1_193' title='bbox 1597 1772 1841 1817; x_wconf 88' lang='lat' dir='ltr'>habebunt.</span> <span class='ocrx_word' id='word_1_194' title='bbox 2018 1814 2021 1818; x_wconf 94' lang='lat'><em>.</em></span> 
     </span>
    </p>

    <p class='ocr_par' dir='ltr' id='par_1_10' title="bbox 189 1837 2145 2029">
     <span class='ocr_line' id='line_1_22' title="bbox 279 1837 2145 1898; baseline 0.003 -18"><span class='ocrx_word' id='word_1_195' title='bbox 279 1837 336 1880; x_wconf 91' lang='lat' dir='ltr'>Et</span> <span class='ocrx_word' id='word_1_196' title='bbox 366 1837 515 1895; x_wconf 90' lang='lat' dir='ltr'>primo</span> <span class='ocrx_word' id='word_1_197' title='bbox 547 1837 731 1896; x_wconf 89' lang='lat' dir='ltr'>quidem</span> <span class='ocrx_word' id='word_1_198' title='bbox 763 1848 984 1896; x_wconf 89' lang='lat' dir='ltr'>quantum</span> <span class='ocrx_word' id='word_1_199' title='bbox 1017 1839 1072 1881; x_wconf 91' lang='lat' dir='ltr'>ad</span> <span class='ocrx_word' id='word_1_200' title='bbox 1105 1839 1195 1882; x_wconf 92' lang='lat' dir='ltr'>hoc</span> <span class='ocrx_word' id='word_1_201' title='bbox 1229 1839 1352 1898; x_wconf 88' lang='lat' dir='ltr'>quod</span> <span class='ocrx_word' id='word_1_202' title='bbox 1385 1841 1541 1884; x_wconf 87' lang='lat' dir='ltr'>omnia</span> <span class='ocrx_word' id='word_1_203' title='bbox 1572 1839 1906 1898; x_wconf 83' lang='lat' dir='ltr'>resurgentium</span> <span class='ocrx_word' id='word_1_204' title='bbox 1934 1846 2145 1898; x_wconf 70' lang='lat' dir='ltr'>corpora,</span> 
     </span>
     <span class='ocr_line' id='line_1_23' title="bbox 190 1904 2147 1984; baseline 0.001 -37"><span class='ocrx_word' id='word_1_205' title='bbox 190 1914 283 1947; x_wconf 91' lang='lat' dir='ltr'>tam</span> <span class='ocrx_word' id='word_1_206' title='bbox 310 1904 537 1947; x_wconf 92' lang='lat' dir='ltr'>bonorum</span> <span class='ocrx_word' id='word_1_207' title='bbox 564 1919 701 1962; x_wconf 91' lang='lat' dir='ltr'>quam</span> <span class='ocrx_word' id='word_1_208' title='bbox 728 1904 973 1959; x_wconf 90' lang='lat' dir='ltr'>malorum,</span> <span class='ocrx_word' id='word_1_209' title='bbox 999 1905 1359 1964; x_wconf 88' lang='lat' dir='ltr'>incorruptibilia</span> <span class='ocrx_word' id='word_1_210' title='bbox 1389 1915 1544 1950; x_wconf 88' lang='lat' dir='ltr'>erunt:</span> <span class='ocrx_word' id='word_1_211' title='bbox 1574 1906 1701 1964; x_wconf 83' lang='lat' dir='ltr'>cujus</span> <span class='ocrx_word' id='word_1_212' title='bbox 1726 1905 1913 1964; x_wconf 87' lang='lat' dir='ltr'>quidem</span> <span class='ocrx_word' id='word_1_213' title='bbox 1937 1905 2063 1984; x_wconf 71' lang='lat' dir='ltr'>ratio</span> <span class='ocrx_word' id='word_1_214' title='bbox 2073 1904 2147 1952; x_wconf 73' lang='lat' dir='ltr'>tti-</span> 
     </span>
     <span class='ocr_line' id='line_1_24' title="bbox 189 1970 396 2029; baseline 0.005 -15"><span class='ocrx_word' id='word_1_215' title='bbox 189 1970 291 2029; x_wconf 81' lang='lat' dir='ltr'>plex</span> <span class='ocrx_word' id='word_1_216' title='bbox 315 1981 396 2015; x_wconf 86' lang='lat' dir='ltr'>est.</span> 
     </span>
    </p>

    <p class='ocr_par' dir='ltr' id='par_1_11' title="bbox 187 2014 2146 2232">
     <span class='ocr_line' id='line_1_25' title="bbox 278 2014 2146 2098; baseline 0.002 -16"><span class='ocrx_word' id='word_1_217' title='bbox 278 2038 382 2082; x_wconf 89' lang='lat' dir='ltr'>Una</span> <span class='ocrx_word' id='word_1_218' title='bbox 409 2037 593 2096; x_wconf 90' lang='lat' dir='ltr'>quidem</span> <span class='ocrx_word' id='word_1_219' title='bbox 618 2038 810 2082; x_wconf 88' lang='lat' dir='ltr'>sumitur</span> <span class='ocrx_word' id='word_1_220' title='bbox 836 2052 889 2082; x_wconf 83' lang='lat' dir='ltr'>ex</span> <span class='ocrx_word' id='word_1_221' title='bbox 911 2038 1000 2082; x_wconf 89' lang='lat' dir='ltr'>fine</span> <span class='ocrx_word' id='word_1_222' title='bbox 1025 2039 1383 2083; x_wconf 90' lang='lat' dir='ltr'>resurrectionis.</span> <span class='ocrx_word' id='word_1_223' title='bbox 1411 2038 1485 2082; x_wconf 91' lang='lat' dir='ltr'>Ad</span> <span class='ocrx_word' id='word_1_224' title='bbox 1510 2038 1601 2083; x_wconf 91' lang='lat' dir='ltr'>hoc</span> <span class='ocrx_word' id='word_1_225' title='bbox 1629 2038 1751 2083; x_wconf 90' lang='lat' dir='ltr'>enim</span> <span class='ocrx_word' id='word_1_226' title='bbox 1784 2014 2029 2098; x_wconf 67' lang='lat' dir='ltr'>resurgent-</span> <span class='ocrx_word' id='word_1_227' title='bbox 2049 2045 2146 2086; x_wconf 72' lang='lat' dir='ltr'>tam</span> 
     </span>
     <span class='ocr_line' id='line_1_26' title="bbox 187 2104 2144 2183; baseline 0.002 -36"><span class='ocrx_word' id='word_1_228' title='bbox 187 2104 311 2159; x_wconf 91' lang='lat' dir='ltr'>boni,</span> <span class='ocrx_word' id='word_1_229' title='bbox 338 2118 475 2163; x_wconf 86' lang='lat' dir='ltr'>quam</span> <span class='ocrx_word' id='word_1_230' title='bbox 501 2104 625 2158; x_wconf 90' lang='lat' dir='ltr'>mali,</span> <span class='ocrx_word' id='word_1_231' title='bbox 658 2114 707 2148; x_wconf 92' lang='lat' dir='ltr'>ut</span> <span class='ocrx_word' id='word_1_232' title='bbox 739 2105 879 2149; x_wconf 87' lang='lat' dir='ltr'>etiarn</span> <span class='ocrx_word' id='word_1_233' title='bbox 910 2105 957 2148; x_wconf 91' lang='lat' dir='ltr'>in</span> <span class='ocrx_word' id='word_1_234' title='bbox 989 2107 1182 2165; x_wconf 90' lang='lat' dir='ltr'>propriis</span> <span class='ocrx_word' id='word_1_235' title='bbox 1210 2106 1475 2183; x_wconf 90' lang='lat' dir='ltr'>corporibus</span> <span class='ocrx_word' id='word_1_236' title='bbox 1508 2106 1763 2165; x_wconf 87' lang='lat' dir='ltr'>praemium</span> <span class='ocrx_word' id='word_1_237' title='bbox 1796 2112 2144 2165; x_wconf 66' lang='lat' dir='ltr'>consequantur,</span> 
     </span>
     <span class='ocr_line' id='line_1_27' title="bbox 187 2170 2142 2232; baseline 0.003 -18"><span class='ocrx_word' id='word_1_238' title='bbox 187 2170 259 2215; x_wconf 90' lang='lat' dir='ltr'>vel</span> <span class='ocrx_word' id='word_1_239' title='bbox 275 2185 471 2230; x_wconf 88' lang='lat' dir='ltr'>poenam</span> <span class='ocrx_word' id='word_1_240' title='bbox 491 2185 573 2230; x_wconf 91' lang='lat' dir='ltr'>pro</span> <span class='ocrx_word' id='word_1_241' title='bbox 590 2171 662 2215; x_wconf 88' lang='lat' dir='ltr'>his</span> <span class='ocrx_word' id='word_1_242' title='bbox 680 2185 797 2230; x_wconf 90' lang='lat' dir='ltr'>quae</span> <span class='ocrx_word' id='word_1_243' title='bbox 814 2183 1051 2230; x_wconf 82' lang='lat' dir='ltr'>gesserunt</span> <span class='ocrx_word' id='word_1_244' title='bbox 1069 2173 1178 2216; x_wconf 89' lang='lat' dir='ltr'>dum</span> <span class='ocrx_word' id='word_1_245' title='bbox 1194 2174 1401 2217; x_wconf 82' lang='lat' dir='ltr'>vixerunt</span> <span class='ocrx_word' id='word_1_246' title='bbox 1422 2173 1469 2216; x_wconf 91' lang='lat' dir='ltr'>in</span> <span class='ocrx_word' id='word_1_247' title='bbox 1488 2187 1692 2232; x_wconf 90' lang='lat' dir='ltr'>corpore.</span> <span class='ocrx_word' id='word_1_248' title='bbox 1711 2173 1976 2221; x_wconf 82' lang='lat' dir='ltr'>Praemium</span> <span class='ocrx_word' id='word_1_249' title='bbox 1990 2183 2142 2219; x_wconf 79' lang='lat' dir='ltr'>autem</span> 
     </span>
    </p>
   </div>
   <div class='ocr_carea' id='block_1_9' title="bbox 185 2237 2206 2299">
    <p class='ocr_par' dir='ltr' id='par_1_12' title="bbox 185 2237 2206 2299">
     <span class='ocr_line' id='line_1_28' title="bbox 185 2237 2206 2299; baseline 0.003 -19"><span class='ocrx_word' id='word_1_250' title='bbox 185 2237 428 2291; x_wconf 90' lang='lat' dir='ltr'>bonorum,</span> <span class='ocrx_word' id='word_1_251' title='bbox 455 2238 576 2296; x_wconf 91' lang='lat' dir='ltr'>quod</span> <span class='ocrx_word' id='word_1_252' title='bbox 600 2247 667 2282; x_wconf 91' lang='lat' dir='ltr'>est</span> <span class='ocrx_word' id='word_1_253' title='bbox 687 2237 895 2293; x_wconf 85' lang='lat' dir='ltr'>felicitas,</span> <span class='ocrx_word' id='word_1_254' title='bbox 919 2239 1002 2283; x_wconf 88' lang='lat' dir='ltr'>erit</span> <span class='ocrx_word' id='word_1_255' title='bbox 1027 2250 1296 2298; x_wconf 89' lang='lat' dir='ltr'>perpetuum</span> <span class='ocrx_word' id='word_1_256' title='bbox 1315 2256 1331 2285; x_wconf 74' lang='grc' dir='ltr'>ε·</span> <span class='ocrx_word' id='word_1_257' title='bbox 1351 2239 1560 2284; x_wconf 88' lang='lat' dir='ltr'>similiter</span> <span class='ocrx_word' id='word_1_258' title='bbox 1582 2240 1720 2284; x_wconf 84' lang='lat' dir='ltr'>etiam</span> <span class='ocrx_word' id='word_1_259' title='bbox 1745 2247 1936 2299; x_wconf 80' lang='lat' dir='ltr'>peccato</span> <span class='ocrx_word' id='word_1_260' title='bbox 1947 2237 2147 2287; x_wconf 47' lang='lat' dir='ltr'>*monili</span> <span class='ocrx_word' id='word_1_261' title='bbox 2197 2258 2206 2273; x_wconf 67' lang='lat' dir='ltr'><strong><em>s</em></strong></span> 
     </span>
    </p>
   </div>
   <div class='ocr_carea' id='block_1_10' title="bbox 183 2303 2147 2700">
    <p class='ocr_par' dir='ltr' id='par_1_13' title="bbox 185 2303 2147 2495">
     <span class='ocr_line' id='line_1_29' title="bbox 186 2303 2144 2366; baseline 0.003 -19"><span class='ocrx_word' id='word_1_262' title='bbox 186 2303 371 2348; x_wconf 90' lang='lat' dir='ltr'>debetur</span> <span class='ocrx_word' id='word_1_263' title='bbox 387 2318 536 2363; x_wconf 87' lang='lat' dir='ltr'>poena</span> <span class='ocrx_word' id='word_1_264' title='bbox 552 2314 787 2364; x_wconf 86' lang='lat' dir='ltr'>perpetua:</span> <span class='ocrx_word' id='word_1_265' title='bbox 814 2320 1011 2364; x_wconf 90' lang='lat' dir='ltr'>quorum</span> <span class='ocrx_word' id='word_1_266' title='bbox 1033 2318 1275 2365; x_wconf 89' lang='lat' dir='ltr'>utrumque</span> <span class='ocrx_word' id='word_1_267' title='bbox 1297 2316 1421 2365; x_wconf 89' lang='lat' dir='ltr'>patet</span> <span class='ocrx_word' id='word_1_268' title='bbox 1438 2321 1491 2351; x_wconf 86' lang='lat' dir='ltr'>ex</span> <span class='ocrx_word' id='word_1_269' title='bbox 1507 2307 1578 2351; x_wconf 88' lang='lat' dir='ltr'>his</span> <span class='ocrx_word' id='word_1_270' title='bbox 1595 2321 1711 2366; x_wconf 90' lang='lat' dir='ltr'>quae</span> <span class='ocrx_word' id='word_1_271' title='bbox 1726 2307 1775 2350; x_wconf 84' lang='lat' dir='ltr'>in</span> <span class='ocrx_word' id='word_1_272' title='bbox 1790 2308 1925 2353; x_wconf 81' lang='lat' dir='ltr'>tertio</span> <span class='ocrx_word' id='word_1_273' title='bbox 1942 2305 2144 2364; x_wconf 53' lang='lat' dir='ltr'>(aalma)</span> 
     </span>
     <span class='ocr_line' id='line_1_30' title="bbox 185 2370 2147 2485; baseline 0.003 -71"><span class='ocrx_word' id='word_1_274' title='bbox 185 2370 483 2415; x_wconf 90' lang='lat' dir='ltr'>determinata</span> <span class='ocrx_word' id='word_1_275' title='bbox 515 2381 633 2417; x_wconf 90' lang='lat' dir='ltr'>sunt.</span> <span class='ocrx_word' id='word_1_276' title='bbox 667 2372 864 2431; x_wconf 87' lang='lat' dir='ltr'>Oportet</span> <span class='ocrx_word' id='word_1_277' title='bbox 895 2372 1032 2431; x_wconf 90' lang='lat' dir='ltr'>igitur</span> <span class='ocrx_word' id='word_1_278' title='bbox 1065 2374 1187 2432; x_wconf 93' lang='lat' dir='ltr'>quod</span> <span class='ocrx_word' id='word_1_279' title='bbox 1220 2373 1428 2432; x_wconf 88' lang='lat' dir='ltr'>utrinque</span> <span class='ocrx_word' id='word_1_280' title='bbox 1462 2387 1626 2432; x_wconf 88' lang='lat' dir='ltr'>corpus</span> <span class='ocrx_word' id='word_1_281' title='bbox 1659 2372 2147 2485; x_wconf 59' lang='grc' dir='ltr'><strong>188οπηρ11δ1181881·</strong></span> 
     </span>
     <span class='ocr_line' id='line_1_31' title="bbox 186 2437 2027 2495; baseline 0.002 -14"><span class='ocrx_word' id='word_1_282' title='bbox 186 2437 346 2495; x_wconf 88' lang='lat' dir='ltr'>piatur.</span> <span class='ocrx_word' id='word_1_283' title='bbox 1860 2477 1862 2479; x_wconf 29' lang='lat' dir='ltr'>s</span> <span class='ocrx_word' id='word_1_284' title='bbox 2026 2471 2027 2475; x_wconf 65' lang='lat'>,</span> 
     </span>
    </p>

    <p class='ocr_par' dir='ltr' id='par_1_14' title="bbox 183 2476 2143 2700">
     <span class='ocr_line' id='line_1_32' title="bbox 273 2476 2142 2584; baseline 0.003 -36"><span class='ocrx_word' id='word_1_285' title='bbox 273 2504 378 2548; x_wconf 89' lang='lat' dir='ltr'>Alia</span> <span class='ocrx_word' id='word_1_286' title='bbox 410 2506 525 2550; x_wconf 88' lang='lat' dir='ltr'>ratio</span> <span class='ocrx_word' id='word_1_287' title='bbox 559 2511 710 2582; x_wconf 71' lang='lat' dir='ltr'>petest</span> <span class='ocrx_word' id='word_1_288' title='bbox 740 2506 861 2551; x_wconf 89' lang='lat' dir='ltr'>sumi</span> <span class='ocrx_word' id='word_1_289' title='bbox 894 2521 919 2550; x_wconf 91' lang='lat' dir='ltr'>a</span> <span class='ocrx_word' id='word_1_290' title='bbox 952 2521 1090 2551; x_wconf 88' lang='lat' dir='ltr'>causa</span> <span class='ocrx_word' id='word_1_291' title='bbox 1120 2506 1305 2552; x_wconf 89' lang='lat' dir='ltr'>formali</span> <span class='ocrx_word' id='word_1_292' title='bbox 1345 2507 1695 2584; x_wconf 88' lang='lat' dir='ltr'>resurgentium,</span> <span class='ocrx_word' id='word_1_293' title='bbox 1728 2521 1844 2566; x_wconf 86' lang='lat' dir='ltr'>quae</span> <span class='ocrx_word' id='word_1_294' title='bbox 1876 2514 1944 2553; x_wconf 78' lang='lat' dir='ltr'>eet</span> <span class='ocrx_word' id='word_1_295' title='bbox 1960 2476 2142 2554; x_wconf 64' lang='lat' dir='ltr'>animm</span> 
     </span>
     <span class='ocr_line' id='line_1_33' title="bbox 183 2570 2142 2634; baseline 0.003 -20"><span class='ocrx_word' id='word_1_296' title='bbox 183 2570 371 2615; x_wconf 91' lang='lat' dir='ltr'>Dictum</span> <span class='ocrx_word' id='word_1_297' title='bbox 404 2581 471 2616; x_wconf 88' lang='lat' dir='ltr'>est</span> <span class='ocrx_word' id='word_1_298' title='bbox 502 2573 625 2616; x_wconf 90' lang='lat' dir='ltr'>enim</span> <span class='ocrx_word' id='word_1_299' title='bbox 657 2587 793 2632; x_wconf 88' lang='lat' dir='ltr'>supra</span> <span class='ocrx_word' id='word_1_300' title='bbox 824 2574 885 2632; x_wconf 90' lang='lat' dir='ltr'>(c.</span> <span class='ocrx_word' id='word_1_301' title='bbox 914 2575 1007 2634; x_wconf 85' lang='lat'><strong>79.)</strong></span> <span class='ocrx_word' id='word_1_302' title='bbox 1039 2574 1176 2633; x_wconf 81' lang='lat' dir='ltr'>quod,</span> <span class='ocrx_word' id='word_1_303' title='bbox 1210 2588 1275 2618; x_wconf 92' lang='lat' dir='ltr'>ne</span> <span class='ocrx_word' id='word_1_304' title='bbox 1299 2575 1453 2619; x_wconf 87' lang='lat' dir='ltr'>anima</span> <span class='ocrx_word' id='word_1_305' title='bbox 1479 2575 1526 2618; x_wconf 90' lang='lat' dir='ltr'>in</span> <span class='ocrx_word' id='word_1_306' title='bbox 1558 2583 1829 2633; x_wconf 86' lang='lat' dir='ltr'>perpetuum</span> <span class='ocrx_word' id='word_1_307' title='bbox 1853 2582 2101 2621; x_wconf 62' lang='lat' dir='ltr'>remaneat</span> <span class='ocrx_word' id='word_1_308' title='bbox 2115 2581 2142 2620; x_wconf 74' lang='grc' dir='ltr'>ἰ</span> 
     </span>
     <span class='ocr_line' id='line_1_34' title="bbox 185 2639 2143 2700; baseline 0.003 -19"><span class='ocrx_word' id='word_1_309' title='bbox 185 2652 375 2697; x_wconf 88' lang='grc' dir='ltr'><strong>801ρο18</strong></span> <span class='ocrx_word' id='word_1_310' title='bbox 402 2648 622 2697; x_wconf 88' lang='lat' dir='ltr'>separata,</span> <span class='ocrx_word' id='word_1_311' title='bbox 650 2641 812 2684; x_wconf 88' lang='lat' dir='ltr'>iterato</span> <span class='ocrx_word' id='word_1_312' title='bbox 838 2654 918 2698; x_wconf 93' lang='lat' dir='ltr'>per</span> <span class='ocrx_word' id='word_1_313' title='bbox 942 2641 1325 2686; x_wconf 86' lang='lat' dir='ltr'>resurrectionem</span> <span class='ocrx_word' id='word_1_314' title='bbox 1352 2654 1515 2699; x_wconf 92' lang='lat' dir='ltr'>corpus</span> <span class='ocrx_word' id='word_1_315' title='bbox 1541 2650 1756 2689; x_wconf 87' lang='lat' dir='ltr'>resumet.</span> <span class='ocrx_word' id='word_1_316' title='bbox 1784 2640 1911 2693; x_wconf 83' lang='lat' dir='ltr'>Quia</span> <span class='ocrx_word' id='word_1_317' title='bbox 1930 2641 2070 2700; x_wconf 55' lang='lat' dir='ltr'>&gt;igitur</span> <span class='ocrx_word' id='word_1_318' title='bbox 2092 2639 2143 2687; x_wconf 77' lang='lat' dir='ltr'>in</span> 
     </span>
    </p>
   </div>
   <div class='ocr_carea' id='block_1_11' title="bbox 183 2705 2171 2768">
    <p class='ocr_par' dir='ltr' id='par_1_15' title="bbox 183 2705 2171 2768">
     <span class='ocr_line' id='line_1_35' title="bbox 183 2705 2171 2768; baseline 0.003 -20"><span class='ocrx_word' id='word_1_319' title='bbox 183 2705 273 2748; x_wconf 92' lang='lat' dir='ltr'>hoc</span> <span class='ocrx_word' id='word_1_320' title='bbox 299 2705 566 2764; x_wconf 87' lang='lat' dir='ltr'>perfectioni</span> <span class='ocrx_word' id='word_1_321' title='bbox 593 2707 773 2751; x_wconf 88' lang='lat' dir='ltr'>animae</span> <span class='ocrx_word' id='word_1_322' title='bbox 799 2708 1062 2766; x_wconf 90' lang='lat' dir='ltr'>providetur</span> <span class='ocrx_word' id='word_1_323' title='bbox 1086 2708 1209 2767; x_wconf 93' lang='lat' dir='ltr'>quod</span> <span class='ocrx_word' id='word_1_324' title='bbox 1236 2722 1401 2768; x_wconf 89' lang='lat' dir='ltr'>corpus</span> <span class='ocrx_word' id='word_1_325' title='bbox 1434 2708 1637 2766; x_wconf 85' lang='lat' dir='ltr'>recipiat,</span> <span class='ocrx_word' id='word_1_326' title='bbox 1670 2708 2064 2756; x_wconf 66' lang='lat' dir='ltr'>conveniens-›etit</span> <span class='ocrx_word' id='word_1_327' title='bbox 2093 2717 2144 2753; x_wconf 75' lang='lat' dir='ltr'>ut</span> <span class='ocrx_word' id='word_1_328' title='bbox 2169 2748 2171 2750; x_wconf 90' lang='lat'><em>.</em></span> 
     </span>
    </p>
   </div>
   <div class='ocr_carea' id='block_1_12' title="bbox 184 2773 2148 2836">
    <p class='ocr_par' dir='ltr' id='par_1_16' title="bbox 184 2773 2148 2836">
     <span class='ocr_line' id='line_1_36' title="bbox 184 2773 2148 2836; baseline 0.004 -21"><span class='ocrx_word' id='word_1_329' title='bbox 184 2786 363 2830; x_wconf 83' lang='lat' dir='ltr'>corpus,</span> <span class='ocrx_word' id='word_1_330' title='bbox 394 2774 646 2817; x_wconf 87' lang='lat' dir='ltr'>secundum</span> <span class='ocrx_word' id='word_1_331' title='bbox 673 2775 796 2833; x_wconf 90' lang='lat' dir='ltr'>quod</span> <span class='ocrx_word' id='word_1_332' title='bbox 829 2775 1050 2834; x_wconf 91' lang='lat' dir='ltr'>competit</span> <span class='ocrx_word' id='word_1_333' title='bbox 1081 2775 1276 2829; x_wconf 87' lang='lat' dir='ltr'>animae,</span> <span class='ocrx_word' id='word_1_334' title='bbox 1303 2775 1582 2833; x_wconf 90' lang='lat' dir='ltr'>disponatur.</span> <span class='ocrx_word' id='word_1_335' title='bbox 1608 2775 1688 2819; x_wconf 87' lang='lat' dir='ltr'>Est</span> <span class='ocrx_word' id='word_1_336' title='bbox 1714 2783 1866 2820; x_wconf 83' lang='lat' dir='ltr'>autem</span> <span class='ocrx_word' id='word_1_337' title='bbox 1896 2773 2059 2836; x_wconf 57' lang='lat' dir='ltr'>anima</span> <span class='ocrx_word' id='word_1_338' title='bbox 2080 2774 2148 2822; x_wconf 78' lang='lat' dir='ltr'>in·</span> 
     </span>
    </p>
   </div>
   <div class='ocr_carea' id='block_1_13' title="bbox 113 2839 1604 2918">
    <p class='ocr_par' dir='ltr' id='par_1_17' title="bbox 113 2839 1604 2918">
     <span class='ocr_line' id='line_1_37' title="bbox 113 2839 1604 2918; baseline 0.001 -35"><span class='ocrx_word' id='word_1_339' title='bbox 113 2892 118 2897; x_wconf 90' lang='lat'>.</span> <span class='ocrx_word' id='word_1_340' title='bbox 184 2839 507 2898; x_wconf 87' lang='lat' dir='ltr'>corruptibilis.</span> <span class='ocrx_word' id='word_1_341' title='bbox 536 2841 655 2886; x_wconf 87' lang='lat' dir='ltr'>unde</span> <span class='ocrx_word' id='word_1_342' title='bbox 682 2852 727 2886; x_wconf 92' lang='lat' dir='ltr'>et</span> <span class='ocrx_word' id='word_1_343' title='bbox 751 2855 918 2918; x_wconf 86' lang='lat' dir='ltr'>corpus</span> <span class='ocrx_word' id='word_1_344' title='bbox 945 2842 987 2886; x_wconf 92' lang='lat' dir='ltr'>ei</span> <span class='ocrx_word' id='word_1_345' title='bbox 1011 2842 1354 2900; x_wconf 90' lang='lat' dir='ltr'>incorruptibile</span> <span class='ocrx_word' id='word_1_346' title='bbox 1380 2841 1604 2886; x_wconf 89' lang='lat' dir='ltr'>reddetur.</span> 
     </span>
    </p>
   </div>
   <div class='ocr_carea' id='block_1_14' title="bbox 272 2879 2141 2968">
    <p class='ocr_par' dir='ltr' id='par_1_18' title="bbox 272 2879 2141 2968">
     <span class='ocr_line' id='line_1_38' title="bbox 272 2879 2141 2968; baseline 0.001 -18"><span class='ocrx_word' id='word_1_347' title='bbox 272 2905 428 2951; x_wconf 89' lang='lat' dir='ltr'>Tertia</span> <span class='ocrx_word' id='word_1_348' title='bbox 453 2921 563 2951; x_wconf 91' lang='lat' dir='ltr'>vero</span> <span class='ocrx_word' id='word_1_349' title='bbox 589 2908 705 2952; x_wconf 87' lang='lat' dir='ltr'>ratio</span> <span class='ocrx_word' id='word_1_350' title='bbox 733 2909 852 2953; x_wconf 90' lang='lat' dir='ltr'>sumi</span> <span class='ocrx_word' id='word_1_351' title='bbox 878 2919 1028 2968; x_wconf 89' lang='lat' dir='ltr'>potest</span> <span class='ocrx_word' id='word_1_352' title='bbox 1053 2924 1107 2954; x_wconf 83' lang='lat' dir='ltr'>ex</span> <span class='ocrx_word' id='word_1_353' title='bbox 1134 2923 1271 2954; x_wconf 90' lang='lat' dir='ltr'>causa</span> <span class='ocrx_word' id='word_1_354' title='bbox 1298 2909 1445 2953; x_wconf 90' lang='lat' dir='ltr'>activa</span> <span class='ocrx_word' id='word_1_355' title='bbox 1471 2907 1827 2954; x_wconf 82' lang='lat' dir='ltr'>resurrectionis.</span> <span class='ocrx_word' id='word_1_356' title='bbox 1852 2908 1980 2954; x_wconf 79' lang='lat' dir='ltr'>Deus</span> <span class='ocrx_word' id='word_1_357' title='bbox 2001 2879 2141 2962; x_wconf 85' lang='lat' dir='ltr'>enim,</span> 
     </span>
    </p>
   </div>
   <div class='ocr_carea' id='block_1_15' title="bbox 186 2973 2214 3052">
    <p class='ocr_par' dir='ltr' id='par_1_19' title="bbox 186 2973 2214 3052">
     <span class='ocr_line' id='line_1_39' title="bbox 186 2973 2214 3052; baseline 0 -35"><span class='ocrx_word' id='word_1_358' title='bbox 186 2973 263 3032; x_wconf 91' lang='lat' dir='ltr'>qui</span> <span class='ocrx_word' id='word_1_359' title='bbox 289 2987 482 3033; x_wconf 88' lang='lat' dir='ltr'>corpora</span> <span class='ocrx_word' id='word_1_360' title='bbox 508 2977 602 3033; x_wconf 84' lang='lat' dir='ltr'>jam</span> <span class='ocrx_word' id='word_1_361' title='bbox 630 2987 843 3035; x_wconf 89' lang='lat' dir='ltr'>corrupta</span> <span class='ocrx_word' id='word_1_362' title='bbox 870 2977 1094 3035; x_wconf 87' lang='lat' dir='ltr'>reparabit</span> <span class='ocrx_word' id='word_1_363' title='bbox 1120 2977 1174 3020; x_wconf 91' lang='lat' dir='ltr'>ad</span> <span class='ocrx_word' id='word_1_364' title='bbox 1201 2976 1360 3030; x_wconf 88' lang='lat' dir='ltr'>vitam,</span> <span class='ocrx_word' id='word_1_365' title='bbox 1386 2975 1534 3020; x_wconf 88' lang='lat' dir='ltr'>multo</span> <span class='ocrx_word' id='word_1_366' title='bbox 1560 2975 1720 3020; x_wconf 86' lang='lat' dir='ltr'>fortius</span> <span class='ocrx_word' id='word_1_367' title='bbox 1750 2975 1851 3020; x_wconf 78' lang='lat' dir='ltr'>hoc.</span> <span class='ocrx_word' id='word_1_368' title='bbox 1875 2974 2141 3052; x_wconf 77' lang='lat' dir='ltr'>corporibus</span> <span class='ocrx_word' id='word_1_369' title='bbox 2205 2988 2214 2992; x_wconf 86' lang='lat'><em>·</em></span> 
     </span>
    </p>
   </div>
   <div class='ocr_carea' id='block_1_16' title="bbox 179 3041 2143 3635">
    <p class='ocr_par' dir='ltr' id='par_1_20' title="bbox 179 3041 2143 3236">
     <span class='ocr_line' id='line_1_40' title="bbox 182 3041 2142 3102; baseline 0.001 -18"><span class='ocrx_word' id='word_1_370' title='bbox 182 3051 407 3098; x_wconf 90' lang='lat' dir='ltr'>praestare</span> <span class='ocrx_word' id='word_1_371' title='bbox 435 3043 613 3100; x_wconf 90' lang='lat' dir='ltr'>poterit,</span> <span class='ocrx_word' id='word_1_372' title='bbox 640 3051 687 3086; x_wconf 93' lang='lat' dir='ltr'>ut</span> <span class='ocrx_word' id='word_1_373' title='bbox 709 3053 974 3102; x_wconf 89' lang='lat' dir='ltr'>recuperata</span> <span class='ocrx_word' id='word_1_374' title='bbox 999 3043 1091 3088; x_wconf 90' lang='lat' dir='ltr'>vita</span> <span class='ocrx_word' id='word_1_375' title='bbox 1115 3044 1163 3087; x_wconf 91' lang='lat' dir='ltr'>in</span> <span class='ocrx_word' id='word_1_376' title='bbox 1189 3043 1255 3088; x_wconf 90' lang='lat' dir='ltr'>eis</span> <span class='ocrx_word' id='word_1_377' title='bbox 1281 3052 1499 3101; x_wconf 91' lang='lat' dir='ltr'>perpetuo</span> <span class='ocrx_word' id='word_1_378' title='bbox 1523 3052 1836 3089; x_wconf 63' lang='lat' dir='ltr'>conservam:-</span> <span class='ocrx_word' id='word_1_379' title='bbox 1851 3041 2055 3100; x_wconf 59' lang='lat' dir='ltr'>Inscujus</span> <span class='ocrx_word' id='word_1_380' title='bbox 2070 3041 2142 3087; x_wconf 61' lang='lat' dir='ltr'>mei</span> 
     </span>
     <span class='ocr_line' id='line_1_41' title="bbox 185 3107 2143 3186; baseline 0.001 -36"><span class='ocrx_word' id='word_1_381' title='bbox 185 3108 447 3166; x_wconf 85' lang='lat' dir='ltr'>exemplum</span> <span class='ocrx_word' id='word_1_382' title='bbox 480 3109 618 3152; x_wconf 84' lang='lat' dir='ltr'>etiam</span> <span class='ocrx_word' id='word_1_383' title='bbox 652 3123 845 3186; x_wconf 79' lang='lat' dir='ltr'>corpora</span> <span class='ocrx_word' id='word_1_384' title='bbox 879 3110 1203 3169; x_wconf 88' lang='lat' dir='ltr'>corruptibilia,</span> <span class='ocrx_word' id='word_1_385' title='bbox 1237 3124 1343 3153; x_wconf 90' lang='lat' dir='ltr'>curn</span> <span class='ocrx_word' id='word_1_386' title='bbox 1375 3108 1534 3163; x_wconf 85' lang='lat' dir='ltr'>voluit,</span> <span class='ocrx_word' id='word_1_387' title='bbox 1568 3123 1594 3153; x_wconf 89' lang='lat' dir='ltr'>a</span> <span class='ocrx_word' id='word_1_388' title='bbox 1627 3108 1917 3169; x_wconf 78' lang='lat' dir='ltr'>corruptione</span> <span class='ocrx_word' id='word_1_389' title='bbox 1940 3107 2143 3156; x_wconf 57' lang='grc' dir='ltr'>,καινὴ</span> 
     </span>
     <span class='ocr_line' id='line_1_42' title="bbox 179 3173 2131 3236; baseline 0.003 -19"><span class='ocrx_word' id='word_1_390' title='bbox 179 3173 350 3227; x_wconf 84' lang='lat' dir='ltr'>illaesa,</span> <span class='ocrx_word' id='word_1_391' title='bbox 378 3175 494 3219; x_wconf 90' lang='lat' dir='ltr'>sicut</span> <span class='ocrx_word' id='word_1_392' title='bbox 520 3190 714 3235; x_wconf 91' lang='lat' dir='ltr'>corpora</span> <span class='ocrx_word' id='word_1_393' title='bbox 740 3177 878 3221; x_wconf 91' lang='lat' dir='ltr'>trium</span> <span class='ocrx_word' id='word_1_394' title='bbox 905 3191 1151 3236; x_wconf 90' lang='lat' dir='ltr'>puerorum</span> <span class='ocrx_word' id='word_1_395' title='bbox 1177 3177 1224 3221; x_wconf 89' lang='lat' dir='ltr'>in</span> <span class='ocrx_word' id='word_1_396' title='bbox 1256 3176 1456 3221; x_wconf 88' lang='lat' dir='ltr'>fornace.</span> <span class='ocrx_word' id='word_1_397' title='bbox 2028 3198 2031 3205; x_wconf 68' lang='lat'>,</span> <span class='ocrx_word' id='word_1_398' title='bbox 2085 3196 2089 3205; x_wconf 58' lang='grc'>«</span> <span class='ocrx_word' id='word_1_399' title='bbox 2129 3199 2131 3201; x_wconf 90' lang='grc'><em>·</em></span> 
     </span>
    </p>

    <p class='ocr_par' dir='ltr' id='par_1_21' title="bbox 180 3241 2141 3635">
     <span class='ocr_line' id='line_1_43' title="bbox 273 3241 2138 3304; baseline 0.002 -19"><span class='ocrx_word' id='word_1_400' title='bbox 273 3242 348 3286; x_wconf 90' lang='lat' dir='ltr'>Sic</span> <span class='ocrx_word' id='word_1_401' title='bbox 376 3243 509 3301; x_wconf 88' lang='lat' dir='ltr'>igitur</span> <span class='ocrx_word' id='word_1_402' title='bbox 536 3243 831 3302; x_wconf 86' lang='lat' dir='ltr'>intelligenda</span> <span class='ocrx_word' id='word_1_403' title='bbox 858 3254 925 3289; x_wconf 90' lang='lat' dir='ltr'>est</span> <span class='ocrx_word' id='word_1_404' title='bbox 946 3243 1343 3304; x_wconf 87' lang='lat' dir='ltr'>incorruptibilitas</span> <span class='ocrx_word' id='word_1_405' title='bbox 1369 3242 1507 3287; x_wconf 89' lang='lat' dir='ltr'>futuri</span> <span class='ocrx_word' id='word_1_406' title='bbox 1532 3252 1689 3297; x_wconf 88' lang='lat' dir='ltr'>status,</span> <span class='ocrx_word' id='word_1_407' title='bbox 1716 3242 1822 3302; x_wconf 78' lang='lat' dir='ltr'>quia</span> <span class='ocrx_word' id='word_1_408' title='bbox 1846 3241 1938 3289; x_wconf 73' lang='lat' dir='ltr'>hoe</span> <span class='ocrx_word' id='word_1_409' title='bbox 1972 3248 2138 3302; x_wconf 77' lang='lat' dir='ltr'>corpus</span> 
     </span>
     <span class='ocr_line' id='line_1_44' title="bbox 185 3307 2140 3386; baseline 0.002 -35"><span class='ocrx_word' id='word_1_410' title='bbox 185 3309 304 3386; x_wconf 74' lang='lat' dir='ltr'><strong>qu.⁰d</strong></span> <span class='ocrx_word' id='word_1_411' title='bbox 334 3324 452 3354; x_wconf 90' lang='lat' dir='ltr'>nunc</span> <span class='ocrx_word' id='word_1_412' title='bbox 488 3310 776 3370; x_wconf 88' lang='lat' dir='ltr'>corruptibile</span> <span class='ocrx_word' id='word_1_413' title='bbox 809 3322 890 3365; x_wconf 90' lang='lat' dir='ltr'>est,</span> <span class='ocrx_word' id='word_1_414' title='bbox 922 3310 1263 3370; x_wconf 88' lang='lat' dir='ltr'>incorruptibile</span> <span class='ocrx_word' id='word_1_415' title='bbox 1296 3310 1446 3355; x_wconf 91' lang='lat' dir='ltr'>divina</span> <span class='ocrx_word' id='word_1_416' title='bbox 1473 3310 1638 3355; x_wconf 81' lang='lat' dir='ltr'>virtute</span> <span class='ocrx_word' id='word_1_417' title='bbox 1668 3309 1898 3363; x_wconf 41' lang='lat' dir='ltr'>reddetur,</span> <span class='ocrx_word' id='word_1_418' title='bbox 1923 3307 1987 3354; x_wconf 81' lang='lat' dir='ltr'>ita</span> <span class='ocrx_word' id='word_1_419' title='bbox 2016 3308 2140 3368; x_wconf 82' lang='lat' dir='ltr'>quod</span> 
     </span>
     <span class='ocr_line' id='line_1_45' title="bbox 181 3362 2138 3437; baseline 0.001 -19"><span class='ocrx_word' id='word_1_420' title='bbox 181 3376 331 3419; x_wconf 88' lang='lat' dir='ltr'>anima</span> <span class='ocrx_word' id='word_1_421' title='bbox 358 3376 402 3419; x_wconf 88' lang='lat' dir='ltr'>in</span> <span class='ocrx_word' id='word_1_422' title='bbox 430 3377 577 3435; x_wconf 89' lang='lat' dir='ltr'>ipsum</span> <span class='ocrx_word' id='word_1_423' title='bbox 605 3377 803 3436; x_wconf 90' lang='lat' dir='ltr'>perfecte</span> <span class='ocrx_word' id='word_1_424' title='bbox 831 3378 1139 3422; x_wconf 89' lang='lat' dir='ltr'>dominabitur</span> <span class='ocrx_word' id='word_1_425' title='bbox 1164 3387 1386 3437; x_wconf 90' lang='lat' dir='ltr'>quantum</span> <span class='ocrx_word' id='word_1_426' title='bbox 1409 3377 1466 3421; x_wconf 91' lang='lat' dir='ltr'>ad</span> <span class='ocrx_word' id='word_1_427' title='bbox 1487 3376 1578 3421; x_wconf 86' lang='lat' dir='ltr'>hoc</span> <span class='ocrx_word' id='word_1_428' title='bbox 1601 3376 1757 3435; x_wconf 88' lang='lat' dir='ltr'>quod</span> <span class='ocrx_word' id='word_1_429' title='bbox 1745 3389 1896 3435; x_wconf 79' lang='lat' dir='ltr'>ipsum</span> <span class='ocrx_word' id='word_1_430' title='bbox 1917 3362 2138 3429; x_wconf 53' lang='lat' dir='ltr'>vivificem</span> 
     </span>
     <span class='ocr_line' id='line_1_46' title="bbox 180 3441 2141 3504; baseline 0.002 -19"><span class='ocrx_word' id='word_1_431' title='bbox 180 3456 263 3486; x_wconf 89' lang='lat' dir='ltr'>nec</span> <span class='ocrx_word' id='word_1_432' title='bbox 297 3441 398 3486; x_wconf 88' lang='lat' dir='ltr'>talis</span> <span class='ocrx_word' id='word_1_433' title='bbox 426 3443 784 3488; x_wconf 88' lang='lat' dir='ltr'>communicatio</span> <span class='ocrx_word' id='word_1_434' title='bbox 817 3445 936 3490; x_wconf 88' lang='lat' dir='ltr'>vitae</span> <span class='ocrx_word' id='word_1_435' title='bbox 971 3459 996 3488; x_wconf 92' lang='lat' dir='ltr'>a</span> <span class='ocrx_word' id='word_1_436' title='bbox 1031 3458 1323 3504; x_wconf 90' lang='lat' dir='ltr'>quocumque</span> <span class='ocrx_word' id='word_1_437' title='bbox 1356 3443 1448 3488; x_wconf 84' lang='lat' dir='ltr'>alio</span> <span class='ocrx_word' id='word_1_438' title='bbox 1481 3444 1647 3503; x_wconf 89' lang='lat' dir='ltr'>poterit</span> <span class='ocrx_word' id='word_1_439' title='bbox 1676 3441 2073 3502; x_wconf 59' lang='lat' dir='ltr'>impediritmnde</span> <span class='ocrx_word' id='word_1_440' title='bbox 2094 3447 2141 3489; x_wconf 65' lang='lat' dir='ltr'>et</span> 
     </span>
     <span class='ocr_line' id='line_1_47' title="bbox 182 3506 2139 3571; baseline 0.001 -18"><span class='ocrx_word' id='word_1_441' title='bbox 182 3508 432 3567; x_wconf 88' lang='lat' dir='ltr'>Apostolus</span> <span class='ocrx_word' id='word_1_442' title='bbox 459 3510 567 3555; x_wconf 88' lang='lat' dir='ltr'>dicit</span> <span class='ocrx_word' id='word_1_443' title='bbox 592 3511 647 3569; x_wconf 92' lang='grc' dir='ltr'>(Ι.</span> <span class='ocrx_word' id='word_1_444' title='bbox 676 3511 886 3556; x_wconf 89' lang='lat' dir='ltr'>Corinth.</span> <span class='ocrx_word' id='word_1_445' title='bbox 914 3511 1014 3556; x_wconf 92' lang='lat' dir='ltr'>XV.</span> <span class='ocrx_word' id='word_1_446' title='bbox 1046 3511 1160 3569; x_wconf 83' lang='lat'>53.):</span> <span class='ocrx_word' id='word_1_447' title='bbox 1192 3512 1367 3571; x_wconf 76' lang='lat' dir='ltr'>Oportet</span> <span class='ocrx_word' id='word_1_448' title='bbox 1404 3509 1676 3570; x_wconf 78' lang='lat' dir='ltr'>corruptibile</span> <span class='ocrx_word' id='word_1_449' title='bbox 1702 3509 1776 3554; x_wconf 82' lang='lat' dir='ltr'>hoc</span> <span class='ocrx_word' id='word_1_450' title='bbox 1800 3506 2139 3570; x_wconf 54' lang='lat' dir='ltr'>indueram·</span> 
     </span>
     <span class='ocr_line' id='line_1_48' title="bbox 181 3572 2136 3635; baseline 0.001 -17"><span class='ocrx_word' id='word_1_451' title='bbox 181 3577 428 3634; x_wconf 77' lang='lat' dir='ltr'>ruptionem,</span> <span class='ocrx_word' id='word_1_452' title='bbox 461 3583 498 3622; x_wconf 75' lang='lat' dir='ltr'>et</span> <span class='ocrx_word' id='word_1_453' title='bbox 529 3578 701 3622; x_wconf 58' lang='lat' dir='ltr'>mortale</span> <span class='ocrx_word' id='word_1_454' title='bbox 735 3578 808 3623; x_wconf 82' lang='lat' dir='ltr'>hoc</span> <span class='ocrx_word' id='word_1_455' title='bbox 844 3578 1013 3623; x_wconf 72' lang='lat' dir='ltr'>induere</span> <span class='ocrx_word' id='word_1_456' title='bbox 1043 3577 1416 3624; x_wconf 72' lang='lat' dir='ltr'>immortalitatem.</span> <span class='ocrx_word' id='word_1_457' title='bbox 1450 3576 1556 3622; x_wconf 89' lang='lat' dir='ltr'>Non</span> <span class='ocrx_word' id='word_1_458' title='bbox 1590 3576 1726 3635; x_wconf 86' lang='lat' dir='ltr'>igitur</span> <span class='ocrx_word' id='word_1_459' title='bbox 1756 3587 1836 3635; x_wconf 85' lang='lat' dir='ltr'>per</span> <span class='ocrx_word' id='word_1_460' title='bbox 1867 3572 2136 3625; x_wconf 58' lang='grc' dir='ltr'><strong>110ῦῶ811ιο</strong></span> 
     </span>
    </p>
   </div>
   <div class='ocr_carea' id='block_1_17' title="bbox 2234 0 2294 1848">
    <p class='ocr_par' dir='ltr' id='par_1_22' title="bbox 2234 0 2294 1848">
     <span class='ocr_line' id='line_1_49' title="bbox 2234 0 2294 1848; baseline 0 0"><span class='ocrx_word' id='word_1_461' title='bbox 2234 0 2294 1848; x_wconf 95' lang='lat' dir='ltr'> </span> 
     </span>
    </p>
   </div>
  </div>
 </body>
</html>
