2332 3854
261 185 331 256 48
982 192 1135 230 LIBER
1175 191 1209 227 1.
1253 168 1372 227 CAP‘.
1414 187 1502 225 XL.

262 315 287 344 a
313 313 403 359 quo
427 297 583 343 omnia
609 296 834 340 rationem
855 293 965 337 boni
993 292 1232 350 accipiunt.
1260 289 1362 332 Hoc
1386 297 1542 332 autem
1563 288 1688 332 Deus
1715 297 1797 341 est,
1823 297 1872 331 ut
1896 285 2013 330 infra
2038 287 2100 344 (c.
2127 287 2221 345 74)

262 366 536 426 probabitur.

355 433 473 476 Hinc
501 440 568 476 est
598 429 721 489 quod
752 426 981 472 Dominus
1013 437 1143 468 suam
1176 421 1402 466 visionem
1433 420 1586 479 Moysi
1616 420 1887 479 promittens
1919 419 2028 463 dicit
2058 418 2223 476 (Exod.

262 499 474 545 XXXIII.
508 498 619 556 19.):
647 498 735 554 Ego
758 493 965 538 ostendam
988 491 1063 534 tibi
1090 504 1208 532 omne
1230 489 1410 533 bonum:
1430 496 1475 531 et
1499 487 1628 546 (Sap.
1654 486 1755 531 VII.
1778 500 1794 530 1
1809 487 1866 543 1.)
1893 485 2056 530 dicitur
2081 484 2138 530 de
2159 485 2225 530 di-

264 568 371 611 vina
399 564 655 624 Sapientia:
691 563 896 607 Venerunt
920 558 1026 601 mihi
1051 556 1194 599 omnia
1220 556 1329 599 bona
1347 555 1514 613 pariter
1539 569 1634 599 cum
1660 553 1749 598 illa.

1019 732 1273 790 CAPUT
1326 732 1473 787 XLI.

775 870 934 917 QUOD
969 868 1488 908 DEUSSUTSUMMUM
1527 867 1737 907 BONUM.

935 972 1000 1029 (I.
1026 977 1144 1031 part.
1178 985 1216 1029 q.
1259 970 1328 1015 VI.
1365 976 1447 1015 art.
1479 970 1557 1027 2.).

361 1090 427 1132 Ex
453 1088 542 1130 hoc
568 1094 719 1128 autem
752 1083 1004 1128 ostenditur
1037 1081 1159 1141 quod
1191 1082 1317 1126 Deus
1350 1082 1408 1126 sit
1437 1096 1671 1126 summum
1697 1082 1895 1128 bonum:
1921 1095 2031 1126 nam
2055 1081 2232 1126 bonum

275 1153 526 1199 universale
544 1150 824 1211 praeeminet
842 1149 1026 1193 cuilibet
1050 1150 1173 1192 bono
1196 1147 1470 1206 particulari,
1488 1149 1604 1191 sicut
1620 1148 1794 1192 bonum
1816 1149 1962 1207 gentis
1984 1157 2051 1192 est
2067 1147 2232 1192 melius

272 1237 409 1282 quam
435 1222 608 1264 bonum
634 1218 790 1271 unius;
816 1217 995 1260 bonitas
1023 1217 1146 1259 enim
1176 1216 1315 1259 totius
1349 1224 1393 1259 et
1424 1214 1643 1274 perfectio
1665 1216 1948 1274 praeeminet
1970 1215 2164 1260 bonitati
2189 1225 2234 1259 et

274 1286 539 1348 perfectioni
564 1284 715 1344 partis.
750 1283 1019 1327 Sedxdivina
1044 1282 1223 1326 bonitas
1250 1291 1541 1340 comparatur
1576 1282 1631 1325 ad
1658 1282 1815 1325 omnia
1847 1281 1950 1336 alia,
1977 1282 2094 1327 sicut
2125 1281 2235 1327 uni-

273 1354 448 1400 versale
473 1354 644 1397 bonum
681 1351 735 1394 ad
762 1348 1050 1409 particulare,
1078 1363 1183 1392 cum
1210 1348 1267 1392 sit
1298 1350 1448 1392 omnis
1481 1348 1591 1391 boni
1620 1348 1809 1402 bonum,
1836 1358 1886 1393 ut
1905 1358 2142 1397 ostensum
2167 1357 2236 1393 est

276 1425 336 1481 (c.
362 1421 562 1481 praec.);
587 1428 654 1462 est
678 1418 815 1476 igitur
836 1417 932 1475 ipse
959 1429 1193 1459 summum
1219 1415 1405 1459 bonum.

363 1491 625 1533 Praeterea:
654 1487 698 1530 id
725 1486 847 1545 quod
874 1499 953 1543 per
985 1484 1231 1527 essentiam
1249 1483 1427 1537 dicitur,
1453 1483 1603 1527 verius
1622 1483 1784 1527 dicitur
1807 1496 1945 1542 quam
1961 1482 2007 1526 id
2029 1482 2153 1541 quod
2169 1491 2239 1527 est

266 1572 355 1617 ,per
371 1554 763 1616 participationem
783 1552 968 1596 dictum.
999 1550 1089 1595 Sed
1107 1551 1234 1595 Deus
1253 1559 1320 1594 est
1335 1550 1482 1594 bonus
1500 1564 1578 1609 per
1595 1563 1725 1594 suam
1743 1548 2004 1604 essentiam,
2023 1548 2111 1593 alia
2126 1562 2236 1594 vero

276 1638 356 1684 per
382 1621 792 1682 participationem,
818 1628 867 1662 ut
885 1627 1119 1662 ostensum
1137 1627 1206 1662 est
1223 1617 1283 1675 (c.
1311 1617 1430 1676 38.);
1449 1626 1517 1661 est
1531 1617 1668 1675 igitur
1684 1617 1780 1676 ipse
1798 1629 2032 1661 summum
2047 1616 2236 1661 bonum.

365 1691 502 1734 Item:
532 1687 652 1747 quod
682 1696 747 1730 est
775 1685 1028 1729 maximum
1054 1684 1102 1727 in
1128 1697 1407 1743 unoquoque
1434 1698 1613 1742 genere,
1641 1693 1709 1728 est
1734 1674 1886 1727 causa*
1897 1681 2095 1727 aliorum
2119 1696 2238 1742 quae

278 1767 382 1802 sunt
405 1757 452 1799 in
477 1754 557 1798 illo
585 1768 775 1813 genere3
803 1766 940 1796 causa
967 1752 1090 1795 enim
1115 1751 1268 1810 potior
1293 1760 1361 1794 est
1386 1750 1565 1795 effectu.
1589 1750 1654 1794 Ex
1679 1750 1782 1795 Deo
1809 1758 1965 1794 autem
1985 1749 2143 1794 omnia
2163 1749 2240 1794 ha-

278 1825 387 1868 bent
417 1822 643 1867 rationem
672 1820 796 1874 boni,
830 1829 879 1862 ut
911 1828 1148 1863 ostensum
1179 1827 1248 1862 est
1279 1818 1339 1875 (c.
1373 1818 1571 1876 praec.);
1605 1827 1673 1861 est
1702 1817 1840 1876 igitur
1871 1817 1968 1875 ipse
2004 1820 2239 1861 summum

279 1892 471 1936 bonum?
601 1935 603 1937 .
2147 1920 2150 1923 Α

368 1955 579 2015 Amplius
598 1971 607 1999 ε
630 1955 747 1999 sicut
774 1953 917 1997 albius
936 1962 1003 1996 est
1020 1952 1143 2011 quod
1162 1961 1229 1996 est
1243 1951 1376 2010 nigro
1393 1950 1742 2010 impermixtius,
1764 1951 1827 1994 ita
1851 1949 2015 1995 melius
2031 1959 2100 1996 est
2118 1950 2242 2010 quod

282 2035 348 2070 est
373 2023 496 2067 malo
523 2021 869 2084 impermixtius.
899 2019 989 2063 Sed
1011 2020 1138 2063 Deus
1161 2029 1229 2063 est
1250 2018 1451 2062 maxime
1478 2017 1602 2061 malo
1622 2017 1966 2076 impermixtius,
1988 2017 2095 2077 quia
2115 2017 2163 2063 in
2183 2031 2241 2063 eo

281 2106 366 2136 nec
394 2101 511 2145 actu,
539 2104 624 2134 nec
651 2089 855 2148 potentia
882 2086 1058 2131 malum
1085 2101 1183 2131 esse
1210 2095 1375 2146 potest,
1398 2095 1444 2130 et
1468 2085 1559 2129 hoc
1587 2085 1630 2129 ei
1656 2099 1709 2129 ex
1726 2099 1806 2129 sua
1827 2096 1989 2130 natura
2008 2085 2243 2147 competit,

283 2170 331 2204 ut
358 2168 592 2203 ostensum
620 2166 688 2200 est
713 2156 774 2213 (c.
806 2154 921 2215 39.);
950 2163 1018 2198 est
1042 2154 1179 2212 igitur
1205 2153 1302 2212 ipse
1328 2166 1563 2197 summum
1589 2152 1779 2196 bonum.

373 2226 491 2270 Hinc
519 2234 586 2269 est
606 2223 728 2283 quod
756 2223 916 2267 dicitur
944 2222 1005 2279 (I.
1032 2222 1146 2280 Reg.
1172 2221 1226 2264 II.
1256 2221 1344 2278 2.):
1371 2221 1471 2266 Non
1487 2226 1544 2266 est
1558 2226 1721 2265 sanctus
1740 2226 1789 2265 ut
1807 2225 1862 2265 est
1877 2219 2006 2264 Deus.

1028 2399 1283 2456 CAPUT
1324 2400 1500 2455 XLII.

826 2536 1024 2583 QUOD
1084 2535 1264 2574 DEUS
1328 2535 1453 2573 EST
1507 2533 1704 2573 UNU&

941 2640 1005 2697 (Ι.
1033 2645 1148 2699 part.
1190 2653 1229 2698 q.
1272 2638 1348 2683 XI.
1391 2645 1473 2682 art.
1515 2636 1588 2696 3.).

377 2752 478 2796 Hoc
505 2761 657 2796 autem
684 2760 885 2804 ostenso,
907 2749 1201 2794 manifestum
1228 2758 1295 2793 est
1320 2747 1472 2791 Deum
1488 2761 1583 2791 non
1603 2760 1701 2791 esse
1723 2745 1810 2791 nisi
1826 2759 1969 2790 unum
1982 2760 1996 2801 ;
2014 2758 2106 2790 non
2124 2745 2249 2790 enim

289 2818 503 2878 possibile
530 2828 597 2862 est
622 2832 720 2862 esse
739 2817 830 2861 duo
848 2831 1027 2861 summe
1044 2817 1188 2860 bona:
1217 2815 1339 2874 quod
1359 2814 1481 2858 enim
1504 2828 1582 2873 per
1604 2812 2065 2872 superabundantiam
2087 2811 2250 2857 dicitur

290 2888 335 2930 in
357 2900 449 2929 uno
476 2895 652 2929 tantum
679 2884 918 2941 invenitur.
955 2883 1082 2927 Deus
1109 2892 1261 2926 autem
1289 2893 1357 2926 est
1382 2895 1616 2925 summum
1641 2881 1830 2934 bonum,
1852 2889 1902 2924 ut
1925 2889 2160 2925 ostensum
2182 2888 2252 2924 est

292 2954 350 3010 (c.
373 2953 493 3010 41.);
519 2952 644 2996 Deus
670 2951 808 3010 igitur
835 2961 902 2995 est
929 2964 1059 2994 unus.
1948 2942 1950 2945 ’

378 3022 638 3064 Praeterea:
667 3029 902 3064 ostensum
921 3029 986 3062 est
1008 3018 1068 3075 (c.
1097 3017 1206 3073 28.),
1231 3017 1384 3061 Deum
1411 3030 1508 3061 esse
1531 3016 1722 3060 omnino
1749 3014 2016 3074 perfectum,
2034 3014 2109 3059 cui
2125 3012 2252 3059 nulla
2311 3013 2316 3015 ’

291 3087 508 3147 perfectio
536 3087 677 3141 desit;
700 3086 737 3131 si
763 3086 900 3145 igitur
925 3094 1028 3129 sunt
1054 3084 1204 3143 plures
1230 3084 1306 3138 dii,
1334 3093 1516 3141 oportet
1542 3097 1640 3127 esse
1663 3081 1792 3141 plura
1818 3081 2083 3140 hujusmodi
2113 3079 2254 3141 perfe-

293 3165 376 3199 cta.
402 3155 503 3199 Hoc
538 3164 690 3198 autem
717 3163 785 3197 est
809 3151 1116 3211 impossibile3
1143 3165 1252 3194 nam
1285 3150 1322 3194 si
1352 3149 1467 3194 nulli
1499 3163 1659 3194 eorum
1687 3149 1813 3194 deest
1835 3148 1986 3209 aliqua
2017 3147 2252 3208 perfectio,

291 3235 375 3265 nec
403 3221 553 3279 aliqua
579 3219 865 3279 imperfectio
899 3219 942 3263 ei
969 3218 1284 3271 admisceatur,
1312 3216 1434 3275 quod
1467 3215 1707 3275 requiritur
1735 3216 1788 3259 ad
1814 3215 1907 3260 hoc
1933 3214 2056 3275 quod
2082 3212 2252 3274 aliquid

293 3288 351 3331 sit
376 3287 639 3345 simpliciter
666 3285 932 3345 perfectum,
964 3298 1058 3329 non
1085 3284 1168 3328 erit
1193 3284 1240 3327 in
1268 3297 1358 3342 quo
1392 3282 1444 3327 ab
1472 3282 1669 3327 invicem
1704 3282 2048 3342 distinguantur.
2080 3280 2254 3340 Impos-

294 3353 422 3397 sibile
450 3363 517 3397 est
541 3354 677 3412 igitur
703 3352 853 3411 plures
880 3351 990 3395 deos
1018 3364 1201 3410 ponere.

382 3420 521 3464 Item:
550 3419 672 3478 quod
705 3418 981 3463 sufficienter
1012 3418 1063 3462 fit
1093 3431 1186 3461 uno
1219 3416 1385 3476 posito,
1411 3416 1575 3461 melius
1609 3426 1676 3462 est
1707 3431 1787 3476 per
1818 3429 1962 3463 unum
1992 3414 2088 3476 fieri
2113 3426 2253 3475 quam

296 3501 375 3546 per
397 3485 552 3530 multa.
582 3486 671 3530 Sed
697 3500 849 3529 rerum
877 3485 991 3530 ordo
1018 3495 1100 3547 est,
1126 3485 1242 3529 sicut
1267 3483 1431 3528 melius
1458 3493 1609 3543 potest
1634 3497 1756 3539 esse;
1781 3497 1878 3530 non
1900 3482 2027 3537 enim
2051 3480 2255 3543 potentia

298 3553 472 3614 agentis
493 3552 626 3613 primi
653 3552 778 3597 deest
803 3552 1048 3612 potentiae,
1066 3566 1181 3612 quae
1204 3561 1273 3596 est
1292 3551 1338 3595 in
1362 3551 1494 3596 rebus
1517 3551 1572 3595 ad
1599 3551 1941 3612 perfectionem.
1966 3548 2254 3601 sufficienter
