2332 3854
227 206 366 270 440·
905 211 1059 250 L1BER
1100 209 1177 249 111.
1219 210 1340 249 CAP.
1382 206 1541 249 xctx:

228 315 369 358 virtus
400 312 722 374 propositionis
748 311 1014 356 universalis
1042 311 1367 356 determinatur
1393 311 1449 355 ad
1482 309 1828 359 conclusicmem
1860 310 2180 371 pai-titulatum

230 396 310 441 per
342 381 701 440 assumptionem
728 379 1061 437 particularem.
1090 378 1197 422 Alio
1223 379 1365 423 modo
1391 392 1473 437 per
1488 378 1786 432 intellectum,
1809 379 1885 437 qui
1911 378 2180 423 determina-

229 460 325 493 tam
355 447 555 493 formam
590 446 899 507 apprehendit,
933 454 978 489 et
1009 460 1111 489 eam
1143 445 1190 488 in
1217 444 1430 489 effectum
1460 445 1683 504 producit.
1709 446 1903 489 Divinus
1935 446 2184 490 autem‘in·

229 515 437 560 tellectus
463 529 557 558 non
584 514 734 557 solum
761 523 828 556 est
855 512 1194 571 cognoscitivus
1220 526 1329 556 suae
1356 512 1594 567 essentia-e,
1626 525 1742 571 quae
1768 521 1836 556 est
1861 512 1992 570 quasi
2011 511 2186 558 univer.-

153 599 157 603 ’
231 582 337 626 salis
362 583 502 625 virtus
531 581 699 633 activa3
725 593 873 637 neque
888 579 1035 625 ,etiam
1051 588 1230 622 tantum
1251 577 1591 632 universalium,
1610 588 1654 622 et
1671 578 1922 635 primarum
1944 579 2185 624 causatum

231 649 309 693 sed
344 648 551 692 omnium
578 645 936 704 particularium,
969 645 1085 689 sicut
1109 659 1190 703 per
1215 645 1471 704 supradicta
1497 646 1558 702 (c.
1586 644 1679 702 76.)
1705 653 1842 703 patet.
1868 643 2058 689 Potest
2045 642 2184 703 igimr

214 715 480 775 producere
518 712 782 756 immediate
821 726 1010 756 omnem
1045 710 1271 766 effectum,
1297 725 1435 770 quem
1466 711 1676 770 producit
1701 710 2024 793 quodcumque
2052 709 2185 779 paffl

233 781 385 825 culare
414 794 568 838 agens.

320 847 552 905 Amplius:
581 859 686 888 cum
705 845 957 889 accidentia
976 844 1312 904 consequantur
1333 844 1554 904 principia
1570 842 1882 888 substantialia
1902 843 1981 899 rei,
2004 849 2184 903 oportet

232 915 354 973 quod
380 913 456 957 ille
484 913 560 972 qui
592 912 858 956 immediate
896 912 1191 956 substantiam
1226 914 1291 956 rei
1324 912 1548 971 producit,
1583 911 1727 970 possit
1760 910 2024 975 immediate
2044 909 2186 955 *circa

231 982 379 1040 ipsam
404 994 502 1024 rem
529 980 706 1038 operari
734 992 1051 1038 quaecumque
1078 979 1133 1022 ad
1166 978 1463 1023 substantiam
1489 978 1628 1037 ipsius
1658 986 2019 1036 consequuntur3
2046 990 2186 1035 »gene-

231 1062 335 1092 rans
363 1047 484 1091 enim
512 1046 633 1105 quod
657 1046 733 1089 dat
750 1045 947 1090 formam
975 1045 1051 1089 dat
1077 1059 1238 1089 omnes
1264 1046 1580 1104 proprietates,
1598 1054 1644 1089 et
1668 1053 1826 1088 motus·
1841 1052 2187 1102 consequentes.

236 1115 487 1159 Ostensum
515 1123 582 1156 est
609 1122 762 1156 autem
789 1126 925 1170 supra
951 1111 1072 1170 (Lib.
1100 1112 1156 1155 ΙΙ.
1185 1126 1222 1157 c.
1251 1111 1343 1168 21.)
1370 1112 1492 1170 quod
1518 1113 1644 1156 Deus
1661 1111 1707 1154 in
1730 1113 1876 1170 prima
1895 1109 2191 1155 reruminsti-

231 1181 407 1224 tutione
435 1193 596 1224 omnes
622 1193 693 1223 res
718 1193 799 1237 per
824 1179 1107 1223 creationem
1132 1179 1397 1223 immediate
1422 1179 1469 1223 in
1497 1192 1595 1224 esse
1626 1178 1851 1238 produxit.
1882 1178 2038 1222 Potest
2055 1177 2191 1236 igitur

231 1246 496 1291 immediate
524 1259 896 1305 unamquamque
925 1260 1021 1290 rem
1049 1245 1316 1305 producere,
1338 1246 1433 1290 sive
1459 1259 1647 1290 movere
1670 1245 1726 1289 ad
1753 1245 1953 1304 aliquem
1976 1243 2191 1294 effectum

235 1315 403 1373 absque
430 1312 593 1358 mediis
621 1313 783 1357 causis.
2095 1345 2097 1347 .
2176 1347 2181 1350 .

324 1381 463 1425 Item:
498 1381 612 1425 ordo
639 1394 791 1424 rerum
818 1378 1002 1438 profluit
1027 1393 1052 1423 a
1079 1380 1220 1424 Deo
1207 1395 1254 1424 m
1277 1394 1362 1435 res,
1380 1379 1633 1424 secundum
1649 1378 1771 1438 quod
1797 1346 2192 1458 praeexcogitatus

233 1450 280 1492 in
306 1447 538 1492 intellectu
565 1448 725 1507 ipsius;
757 1447 872 1491 sicut
897 1446 1106 1491 videmus
1133 1447 1180 1490 in
1212 1447 1345 1491 rebus
1371 1446 1585 1491 humanis
1616 1445 1740 1505 quod
1767 1447 1989 1505 princeps
2001 1444 2192 1489 cimtis

235 1515 444 1559 ordinem
472 1514 590 1574 apud
617 1528 665 1558 se
692 1513 1074 1573 praemeditatum
1101 1515 1314 1559 omnibus
1329 1515 1538 1573 imponit.
1558 1513 1820 1570 Intellectus
1835 1512 2192 1558 autems‘dwimis

234 1596 329 1625 non
357 1591 423 1625 est
450 1581 776 1625 determinatus
804 1580 859 1624 ad
885 1580 1007 1624 hunc
1036 1580 1246 1625 ordinem
1274 1596 1328 1626 ex
1354 1581 1639 1635 necessitate,
1672 1590 1722 1625 ut
1751 1579 1930 1624 nullum
1953 1579 2107 1625 alium·
2124 1588 2197 1633 03*—

236 1648 390 1691 dinem
415 1647 669 1706 intelligere
687 1649 842 1706 possit,
861 1661 967 1690 cum
986 1657 1030 1691 et
1046 1662 1130 1692 nos
1155 1648 1295 1692 alium
1314 1648 1521 1692 ordinem
1539 1662 1619 1707 per
1640 1647 1923 1692 intellectum
1949 1646 2196 1706 apprehen-

238 1715 343 1759 dere
369 1715 611 1774 possimus,
638 1715 795 1758 Potest
828 1716 951 1758 enim
986 1714 1181 1773 intelligi
1217 1729 1243 1759 a
1278 1715 1409 1759 nobis
1447 1715 1569 1773 quod
1606 1715 1732 1758 Deus
1757 1714 1998 1759 hominem
2025 1713 2212 1773 absque'

237 1782 410 1826 semine
435 1796 487 1826 ex
512 1791 632 1826 terra
657 1780 838 1825 formet.
865 1781 1023 1825 Potest
1049 1781 1186 1839 igitur
1211 1782 1338 1827 Deus
1365 1780 1787 1841 praeterinferiores
1804 1794 1964 1826 causas
1981 1779 2195 1826 effectum

237 1848 326 1893 illis
354 1851 500 1893 causis
526 1849 760 1908 proprium
787 1848 979 1907 operari.
2036 1878 2038 1880 a
2071 1881 2076 1889 ,
2149 1879 2151 1882 .

325 1915 589 1959 Praeterea:
617 1911 736 1959 licet
756 1915 868 1958 ordo
901 1915 1034 1959 rebus
1061 1914 1229 1959 inditus
1263 1915 1604 1974 anprovidentia
1636 1915 2072 1974 divina-bonitatem
2106 1928 2214 1960 suo

236 1982 378 2026 modo
406 1991 725 2040 repraesentet,
757 1995 853 2025 non
877 1991 1033 2024 tamen
1059 1981 1206 2040 ipsam
1231 1991 1539 2040 repraesentat
1579 1981 1790 2041 perfecte,
1824 1995 1932 2026 cum
1970 1995 2065 2026 non
2095 1995 2198 2044 per-

235 2050 381 2107 tingat
404 2049 584 2093 bonitas
612 2058 843 2092 creaturae
870 2048 927 2092 ad
955 2049 1277 2107 aequalitatem
1302 2050 1516 2094 bonitatis
1542 2049 1734 2094 divinae.
1764 2049 1907 2102 Quod
1928 2057 2198 2096 autemnon

234 2125 596 2173 repraesentatur
620 2115 819 2174 perfecte
844 2129 925 2174 per
951 2114 1135 2174 aliquod
1168 2116 1490 2175 exemplatum,
1512 2126 1662 2175 potest
1684 2116 1865 2171 iterum,
1889 2126 2068 2176 praeter
2083 2115 2198 2171 hoc,

237 2182 328 2226 alio
355 2182 497 2226 modo
519 2183 863 2242 repraesentari.
890 2182 1263 2240 Repraesentatio
1291 2193 1444 2228 autem
1470 2183 1651 2227 divinae
1670 2183 1887 2228 bonitatis
1906 2184 1953 2228 in
1973 2183 2108 2229 rebus
2129 2193 2199 2229 est

234 2250 337 2294 finis
359 2250 674 2309 productionis
695 2264 848 2294 rerum
871 2263 897 2293 a
918 2250 1036 2303 Deo,
1059 2260 1108 2294 ut
1129 2264 1264 2309 supra
1285 2250 1346 2307 (c.
1370 2251 1463 2307 20.)
1488 2260 1725 2295 ostensum
1747 2260 1828 2295 est.
1849 2249 1960 2295 Non
1976 2254 2048 2295 est
2062 2250 2200 2309 igitur

234 2316 446 2361 voluntas
487 2316 638 2360 divi'na
670 2316 968 2360 determinata
996 2316 1052 2360 ad
1085 2316 1208 2360 hunc
1241 2317 1450 2361 ordinem
1493 2331 1733 2362 causarum
1773 2327 1819 2361 et
1846 2316 2133 2373 effectuum,
2149 2326 2200 2362 ut

236 2397 332 2427 non
356 2383 500 2442 possit
523 2382 642 2428 velle
660 2382 876 2428 effectum
896 2382 1121 2442 aliquem
1110 2398 1157 2427 m
1172 2383 1460 2428 inferioribus
1476 2373 1728 2443 producere
1744 2383 2011 2429 immediate
2023 2384 2200 2444 absque

239 2449 337 2494 aliis
366 2452 527 2494 causis.

327 2516 517 2562 Adhuc:
541 2517 752 2561 universa
774 2527 979 2561 creatura
1002 2517 1149 2576 magis
1177 2527 1244 2562 est
1269 2518 1371 2562 Deo
1399 2517 1575 2562 subdita
1594 2531 1732 2577 quam
1754 2531 1920 2578 corpus
1943 2517 2199 2563 humanum

238 2583 295 2628 sit
325 2583 557 2628 subditum
583 2584 763 2628 animae
798 2585 924 2642 ejus:
962 2598 1070 2627 nam
1114 2584 1266 2629 anima
1293 2596 1359 2630 est
1386 2585 1575 2643 corpori
1601 2586 1961 2644 proportionata
1970 2593 2021 2631 ut
2045 2584 2200 2630 forma

237 2650 403 2709 ipsius;
429 2651 556 2695 Deus
584 2660 736 2695 autem
769 2665 958 2695 omnem
983 2652 1329 2709 proportionem
1357 2662 1588 2696 creaturae
1617 2652 1806 2697 excedit.
1839 2652 1905 2696 Ex
1929 2652 2022 2697 hoc·
2038 2662 2200 2697 autem

240 2718 362 2776 quod
401 2718 555 2761 anima
594 2718 870 2776 imaginatur
911 2717 1094 2777 aliquid,
1129 2729 1173 2763 et
1203 2719 1500 2764 vehementer
1533 2713 1724 2763 afficitur
1750 2719 1806 2763 ad
1841 2718 1970 2774 illud,
2000 2719 2203 2778 sequitur

240 2784 483 2844 aliquando
505 2785 764 2829 immutatio
781 2786 828 2828 in
846 2799 1039 2843 corpore
1057 2785 1112 2829 ad
1132 2785 1471 2841 sanitatem,vel
1483 2786 1814 2844 aegritudinem
1832 2787 2001 2845 absque
2020 2785 2200 2832 actione

240 2853 566 2911 principiorum
593 2866 936 2911 corporeorum,
963 2863 1078 2911 quae
1107 2862 1213 2897 sunt
1243 2863 1350 2896 nata
1375 2853 1423 2897 in
1450 2867 1642 2912 corpore
1671 2853 2016 2911 aegritudinem,
2040 2851 2114 2898 v'el
2131 2867 2201 2899 sa·

238 2919 429 2964 nitatem
456 2934 656 2964 causare.
681 2920 826 2964 Multo
850 2921 987 2979 igitur
1009 2923 1154 2980 magis
1174 2936 1228 2966 ex
1247 2921 1482 2966 voluntate
1501 2922 1652 2966 divina
1669 2931 1819 2981 potest
1834 2920 2202 2981 effectus:a1iquis

240 2987 368 3044 sequi
398 2987 444 3030 in
473 2987 689 3031 creaturis
721 2987 890 3046 absque
925 2989 1072 3032 causis
1099 3002 1215 3047 quae
1240 2999 1373 3033 natae
1400 2998 1504 3033 sunt
1529 2989 1782 3034 secundum
1820 2998 2031 3045 naturam
2055 2987 2201 3033 illum

242 3052 456 3097 effectum
482 3054 749 3112 producere.

330 3120 592 3165 Praeterea:
616 3121 868 3165 secundum
893 3130 1080 3166 naturae
1110 3122 1318 3167 ordinem
1343 3123 1529 3167 virtutes
1557 3123 1731 3167 activae
1757 3085 2112 3169 elementorum
2117 3122 2201 3169 sub

241 3186 477 3230 virtutibus
501 3188 658 3232 activis
685 3202 931 3247 corporum
959 3188 1228 3233 coelestium
1254 3189 1532 3233 ordinantur.
1556 3190 1799 3249 Proprium
1815 3199 1969 3235 autem
1989 3189 2203 3236 effectum

242 3254 459 3298 virtutum
486 3254 820 3300 elementorum
845 3255 1074 3300 interdum
1099 3257 1239 3301 virtus
1273 3255 1482 3301 coelestis
1510 3255 1646 3301 efficit
1685 3256 1856 3316 absque
1897 3257 2091 3302 actione
2115 3255 2206 3303 ele-

243 3321 401 3374 menti,
427 3321 544 3365 sicut
570 3331 694 3381 patet
719 3336 825 3366 cum
846 3322 919 3367 sol
946 3322 1154 3368 calefacit
1179 3323 1381 3382 absque
1368 3324 1487 3382 ignis
1511 3324 1705 3368 actione.
1726 3322 1876 3369 Multo
1895 3323 2035 3383 igitur
2054 3322 2204 3389 magis

245 3397 289 3430 et
314 3387 465 3431 divina
496 3388 637 3433 virtus
666 3389 834 3448 absque
866 3389 1048 3434 actione
1083 3404 1323 3435 causarum
1350 3399 1605 3435 creatarum
1637 3400 1789 3450 potest
1817 3391 2071 3485 produnere
2097 3392 2204 3489 pfo-

244 3453 366 3511 prios
394 3453 578 3500 effectus
606 3470 777 3500 earum
1963 3478 1967 3489 =
2001 3479 2017 3484 0·

335 3522 383 3565 Si
411 3533 563 3567 autem
596 3525 695 3582 quis
722 3524 856 3579 dicat,
883 3524 1006 3584 quod
1033 3537 1139 3570 cum
1164 3524 1372 3570 ordinem
1393 3525 1533 3570 istum
1553 3525 1687 3570 rebus
1711 3524 1839 3570 Deus
1857 3522 2086 3580 indidem,
2106 3528 2203 3568 non

245 3597 394 3647 potest
419 3602 518 3635 esse
552 3590 720 3650 absque
747 3593 1001 3637 mutatione
1029 3591 1183 3651 ipsius,
1209 3601 1259 3637 ut
1282 3600 1460 3651 praeter
1491 3592 1700 3637 ordinem
1731 3591 1787 3636 ab
1820 3591 1923 3650 ipso
1945 3589 2202 3649 Mutum
