2332 3854
0 2779 22 3078 twywessv-iew-wv
4 2731 7 2734 ·
6 2688 9 2689 ,
0 2627 5 2650 „,

22 3265 34 3271 θ
20 3226 26 3241 Α,

873 261 1054 310 ,mmm
1087 261 1159 299 1v.
1201 261 1322 299 CAP.
1363 260 1415 298 v.
2021 257 2126 312 547

270 371 418 415 Habet
439 370 581 414 ‘etiam
607 377 651 411 et
674 366 766 410 hoc
799 365 1032 425 proprium
1053 364 1139 409 ista
1154 363 1336 424 positio,
1359 361 1496 421 quod,
1519 374 1660 421 quum
1686 359 1847 403 dicitur
1869 358 2007 404 Filius
2026 359 2132 414 Dei,

179 453 273 483 non
300 438 559 496 designatur
585 433 737 493 aliqua
769 433 1014 476 subsistens
1047 445 1256 491 persona,
1282 429 1362 475 sed
1389 428 1613 488 quaedam
1645 426 1895 486 proprietas
1923 440 2135 485 superve-

179 505 308 549 niens
322 500 661 562 praeexsistenti
677 512 911 559 personae.
925 498 1044 542 Nam
1060 498 1154 556 ipse
1167 497 1315 549 Pater,
1333 495 1583 540 secundum
1602 493 1723 552 quod
1738 506 1922 537 carnem
1940 493 2133 552 sumpsit

181 585 236 616 ex
260 571 451 628 virgine,
478 567 578 612 Filii
603 579 773 610 nornen
801 565 988 623 accepit,
1006 578 1100 607 non
1117 563 1244 623 quasi
1261 563 1399 607 Filius
1424 562 1481 606 sit
1508 560 1657 620 aliqua
1677 559 1922 618 subsistens
1940 572 2134 619 persona

182 627 207 682 a
230 650 428 696 persona
453 634 598 678 Patris
624 632 847 676 distincta.

270 702 418 762 Hujus
436 711 586 745 autem
605 696 843 759 positionis
858 695 1028 740 falsitas
1047 695 1285 740 manifeste
1304 695 1553 740 ostenditur
1571 692 1839 737 auctoritate
1858 692 2132 750 Scripturae.

268 770 390 813 Nam
417 767 626 812 Christus
653 779 746 808 non
779 763 929 808 solum
963 762 1148 821 virginis
1181 762 1297 806 filius
1330 762 1492 805 dicitur
1523 761 1569 804 in
1603 760 1859 820 Scripturis,
1891 759 1970 804 sed
1996 758 2135 803 etiarn

182 835 321 882 Filius
345 833 449 887 Dei,
475 843 524 877 ut
549 847 603 876 ex
629 830 931 890 superioribus
958 838 1093 887 patet.
1122 829 1221 872 Hoc
1251 838 1402 872 autem
1430 841 1526 873 esse
1553 841 1646 871 non
1672 836 1834 887 potest,
1856 836 1905 870 ut
1924 826 2048 871 idem
2081 826 2138 870 sit

187 901 306 947 filius
327 902 397 945 sui
413 899 575 958 ipsius;
603 913 742 957 quum
762 897 883 941 enirn
905 896 1022 940 filius
1050 903 1288 954 generetur
1307 910 1331 940 a
1348 906 1488 954 patre,
1515 908 1735 954 generans
1763 903 1913 938 autem
1942 893 2016 937 det
2037 906 2137 937 esse

183 968 354 1028 genito,
380 975 642 1025 sequeretur
663 965 784 1023 quod
810 964 931 1007 idem
960 972 1077 1006 esset
1094 963 1204 1006 dans
1225 972 1268 1006 et
1285 963 1512 1022 accipiens
1539 975 1661 1015 esse;
1689 961 1811 1020 quod
1829 960 2020 1004 omnino
2038 965 2136 1003 es'se

181 1046 276 1079 non
300 1043 463 1093 potest.
489 1032 598 1076 Non
625 1041 691 1075 est
715 1030 850 1088 igitur
874 1030 998 1073 Deus
1015 1030 1148 1073 Pater
1174 1030 1268 1087 ipse
1293 1029 1446 1082 Filius,
1464 1028 1541 1072 sed
1569 1028 1682 1072 alius
1700 1036 1767 1072 est
1790 1027 1931 1071 Filius
1958 1038 2003 1071 et
2022 1025 2138 1071 alius

181 1101 328 1146 Pater.

276 1167 419 1211 Item:
444 1165 671 1208 Dominus
695 1163 803 1207 dicit
828 1163 1015 1220 (Joann.
1042 1162 1119 1206 VI.
1147 1162 1255 1219 38.):
1279 1161 1481 1206 Descendi
1502 1162 1548 1205 de
1572 1162 1693 1215 coelo,
1717 1176 1800 1205 non
1825 1167 1870 1205 ut
1886 1162 2052 1220 faciam
2068 1175 2139 1204 vo-

183 1235 382 1279 luntatem
404 1246 561 1285 meam,
583 1231 648 1275 sed
672 1231 926 1274 voluntatem
952 1232 1037 1287 ejus
1058 1230 1130 1287 qui
1150 1230 1264 1274 misit
1289 1244 1352 1274 me
1363 1245 1379 1281 ,·
1404 1239 1448 1272 et
1465 1228 1631 1285 (XVII.
1659 1229 1742 1285 5.):
1775 1228 1975 1283 Clarifica
1995 1243 2059 1272 me
2077 1234 2137 1281 tu,

182 1302 324 1355 Pater,
356 1299 467 1358 apud
493 1299 757 1357 temetipsum.
781 1297 846 1339 Ex
873 1296 1033 1355 quibus
1061 1296 1272 1339 omnibus
1291 1306 1334 1339 et
1349 1295 1570 1339 similibus
1598 1295 1850 1339 ostenditur
1875 1294 2014 1338 Filius
2041 1308 2138 1338 esse

185 1366 298 1411 alius
324 1380 349 1409 a
376 1365 522 1409 Patre.

274 1433 431 1477 Potest
457 1441 610 1475 autem
636 1431 739 1483 dici,
766 1429 1015 1473 secundum
1044 1429 1164 1472 hanc
1191 1429 1484 1488 positionem,
1510 1428 1632 1488 quod
1656 1428 1866 1474 Christus
1891 1428 2055 1474 dicitur
2076 1427 2140 1472 Fi-

185 1498 271 1543 lius
296 1498 385 1542 Dei
410 1497 556 1541 Patris
583 1496 734 1541 solum
761 1496 1012 1557 secundum
1033 1495 1284 1538 humanam
1310 1506 1536 1549 naturam,
1564 1495 1669 1554 quia
1695 1494 1868 1540 scilicet
1892 1495 1988 1554 ipse
2014 1495 2142 1540 Deus

187 1565 322 1610 Pater
346 1564 596 1608 humanam
623 1569 832 1606 n'aturam
860 1576 998 1621 quam
1026 1562 1268 1620 assumpsit
1294 1562 1464 1605 creavit
1497 1571 1543 1605 et
1572 1562 1884 1606 sanctificavit.
1909 1561 1984 1605 Sic
2007 1562 2142 1621 igitur

186 1634 283 1691 ipse
308 1630 558 1675 secundum
586 1629 880 1689 divinitatem⁴
896 1628 963 1672 sui
989 1627 1128 1686 ipsius
1155 1629 1404 1672 secundum
1430 1629 1763 1672 humanitatem
1793 1627 1955 1673 dicitur
1979 1628 2140 1682 Pater;

186 1708 231 1743 et
262 1697 324 1742 ita
350 1697 487 1741 etiam
513 1694 627 1739 nihil
653 1695 863 1754 prohibet
885 1694 1098 1738 eumdem
1121 1694 1372 1738 secundum
1395 1695 1726 1739 humanitatem
1756 1695 2019 1739 distinctum
2042 1708 2142 1739 esse

188 1778 214 1809 a
238 1764 401 1825 seipso
414 1763 665 1807 secundum
688 1763 982 1806 divinitatem.

277 1830 368 1875 Sed
394 1831 645 1875 secundum
669 1829 761 1873 hoc
783 1838 1044 1888 sequeretur
1077 1828 1198 1887 quod
1227 1827 1435 1872 Christus
1468 1828 1643 1877 dicatur
1675 1828 1814 1872 Filius
1845 1829 1935 1883 Dei
1960 1829 2077 1873 sicut
2099 1838 2142 1872 et

189 1897 265 1945 'alii
282 1897 509 1952 homines,
533 1889 619 1940 ves
629 1897 804 1940 ratione
823 1895 1080 1949 creationis,
1096 1894 1170 1939 vel
1186 1895 1362 1939 ratione
1385 1895 1771 1939 sanctificationis,
1801 1895 2050 1940 Ostensum
2079 1905 2145 1939 est

187 1954 342 2009 intem
373 1962 496 2024 quod
530 1963 616 2007 alia
648 1963 823 2006 ratione
857 1961 1066 2008 Christus
1100 1962 1262 2006 dicitur
1293 1962 1383 2006 Dei
1414 1962 1535 2005 Flius
1568 1976 1707 2020 quam
1741 1961 1815 2005 alii
1848 1962 2006 2006 sancti.
2031 1962 2142 2006 Non

186 2023 322 2092 igitur
346 2030 489 2074 modo
521 2029 755 2090 praedicto
786 2039 935 2089 potest
964 2027 1157 2088 intelligi
1189 2029 1310 2088 quod
1336 2029 1433 2088 ipse
1465 2039 1594 2088 pater
1625 2030 1682 2073 sit
1715 2029 1924 2074 Christus
1952 2040 1996 2075 et
2021 2029 2140 2075 filius

188 2098 258 2143 sui
281 2097 433 2157 ipsius.

262 2159 536 2214 Praeterea:
565 2162 639 2206 ubi
665 2173 732 2206 est
764 2175 907 2205 unum
933 2161 1216 2221 suppositum
1250 2162 1510 2215 subsistens,
1528 2162 1719 2221 ‘pluralis
1746 2163 2024 2223 praedicatio
2045 2161 2141 2207 non

185 2229 413 2290 recipitur.
431 2228 642 2274 Christus
660 2238 812 2272 autem
835 2228 890 2272 de
907 2241 955 2272 se
983 2238 1027 2272 et
1053 2228 1107 2272 de
1125 2228 1258 2273 Patre
1285 2228 1518 2289 pluraliter
1543 2229 1757 2288 loquitur,
1781 2231 1959 2274 dicens:
1987 2229 2076 2288 Ego
2109 2234 2147 2274 et

186 2298 311 2342 Pater
340 2311 470 2350 unum
495 2310 635 2341 sumus
666 2296 847 2353 (Joann.
874 2295 930 2337 X.
963 2295 1069 2353 30.).
1097 2295 1204 2338 Non
1232 2305 1299 2339 est
1325 2310 1435 2355 ergo
1469 2295 1607 2339 Filius
1632 2297 1729 2355 ipse
1762 2296 1908 2339 Pater.

195 2370 199 2372 “
236 2359 467 2423 '³'Adhuc't
499 2362 537 2406 si
566 2360 708 2405 Filius
741 2375 766 2404 a
797 2362 931 2405 Patre
957 2374 1050 2404 non
1084 2361 1372 2421 distinguitur
1397 2362 1484 2405 nisi
1515 2377 1595 2421 per
1627 2363 1953 2407 incarnationis
1979 2372 2147 2422 myste-

188 2430 323 2483 rium,
356 2437 459 2473 ante
490 2427 855 2472 incarnationem
887 2428 1078 2471 omnino
1110 2428 1235 2472 nulla
1267 2429 1496 2472 distinctio
1524 2439 1631 2473 erat.
1658 2430 1890 2474 Invenitur
1916 2440 2070 2474 autem
2093 2443 2149 2474 ex

189 2491 436 2556 Scriptura,
463 2495 602 2539 etiarn
624 2504 727 2538 ante
748 2494 1126 2548 incarnationem,
1150 2495 1290 2540 Filius
1318 2509 1343 2538 a
1369 2495 1502 2540 Patre
1528 2496 1665 2540 fuisse
1692 2497 1941 2542 distinctus.
1964 2497 2143 2542 Dicitur

187 2560 515 2621 enimssoann.
529 2562 562 2606 1.
585 2562 643 2621 Ι.)
659 2575 668 2604 :
682 2561 732 2605 In
741 2562 956 2621 principio
975 2568 1067 2605 erat
1092 2561 1287 2615 Verbum,
1312 2568 1348 2606 et
1373 2563 1554 2607 Verbum
1571 2569 1662 2607 erat
1682 2564 1792 2622 apud
1806 2565 1963 2619 Deum,
1981 2571 2018 2608 et
2034 2565 2152 2609 Deus

193 2632 286 2674 erat
324 2624 517 2673 Verbum.
537 2627 741 2672 Verbum
772 2627 921 2686 igitur,
954 2627 1077 2686 quod
1104 2628 1222 2686 apud
1244 2629 1395 2672 Deum
1430 2639 1539 2683 erat,
1568 2629 1768 2688 aliquam
1803 2630 2143 2674 distinctionem

196 2694 251 2739 ab
273 2692 373 2754 ipso
397 2694 616 2747 habebam
647 2692 784 2738 habet
815 2694 939 2740 enim
969 2693 1060 2737 hoc
1089 2694 1371 2738 consuetudo
1388 2693 1607 2753 loquendi
1640 2706 1688 2739 ut
1714 2696 1827 2739 alius
1860 2697 1978 2754 apud
2007 2696 2150 2740 alium

194 2756 294 2806 esse
332 2760 519 2808 di'catur.
554 2758 773 2803 Similiter
789 2760 926 2804 etiam
944 2760 1100 2818 (Prov.
1137 2759 1259 2804 VIII.
1283 2760 1372 2819 30.)
1399 2762 1577 2819 genitus
1596 2776 1621 2805 a
1640 2762 1742 2806 Deo
1770 2762 1954 2807 dicitur:
1977 2763 2086 2809 Cum
2102 2779 2148 2808 eo

188 2840 307 2872 eram
323 2834 568 2886 componens
584 2827 728 2870 omnia
738 2841 754 2878 ;
774 2826 819 2869 in
837 2839 928 2884 quo
946 2839 1097 2869 rursus
1116 2828 1358 2870 associatio
1378 2837 1422 2871 et
1438 2829 1664 2887 quaedam
1690 2828 1920 2873 distinctio
1945 2829 2155 2889 designa·>

188 2904 274 2938 tur.
291 2891 470 2937 Dicitur
487 2892 624 2936 etiam
641 2891 817 2949 (Oseae
834 2891 890 2948 1.)
905 2906 915 2935 ε
929 2893 1092 2936 Domui
1101 2892 1215 2949 Juda
1233 2895 1454 2938 miserebor
1466 2900 1502 2938 et
1518 2894 1688 2939 salvabo
1707 2910 1771 2940 eos
1787 2897 1831 2939 in
1854 2896 2042 2940 Domino
2060 2897 2149 2942 Deo

189 2976 292 3013 suo,·
319 2960 397 3004 ubi
419 2960 544 3004 Deus
565 2959 702 3003 Pater
727 2959 782 3003 de
808 2958 1036 3003 salvandis
1063 2961 1108 3002 in
1130 2958 1232 3003 Deo
1259 2958 1374 3004 Filio
1392 2960 1572 3020 populis
1591 2960 1805 3021 loquitur,
1823 2962 1951 3021 quasi
1977 2963 2033 3007 de
2054 2977 2151 3024 per-

193 3040 307 3072 sona
324 3039 349 3070 a
367 3034 415 3071 se
432 3024 657 3080 distincta,
675 3039 789 3084 quae
806 3025 896 3069 Dei
910 3025 1098 3069 nomine
1118 3026 1254 3084 digna
1270 3025 1473 3070 habetur.
1487 3026 1666 3071 Dicitur
1683 3029 1818 3072 etiarn
1833 3028 1973 3086 (Gen.
1992 3028 2027 3073 Ι.
2041 3029 2148 3088 26.):

196 3093 437 3148 Faciamus,
454 3092 662 3136 hominem
689 3092 742 3135 ad
767 3092 988 3150 imaginem
1010 3097 1046 3135 et
1065 3092 1379 3136 similitudinem
1403 3099 1586 3137 nostram
1596 3109 1614 3146 ,·
1639 3094 1685 3136 in
1708 3108 1799 3153 quo
1827 3109 2034 3153 expresse
2058 3094 2151 3155 plu·

193 3159 346 3204 ralitas
363 3168 408 3204 et
432 3158 662 3203 distinctio
695 3157 958 3202 facientium
984 3157 1223 3202 hominem
1256 3158 1540 3216 designatur3
1573 3160 1717 3203 homo
1745 3170 1896 3204 autem
1923 3175 2004 3220 per
2036 3161 2153 3207 Scri-

195 3237 349 3286 pturas
381 3239 407 3269 a
433 3224 534 3270 solo
561 3225 663 3269 Deo
692 3225 899 3269 conditus
932 3238 1031 3269 esse
1057 3225 1257 3268 docetur.
1286 3224 1342 3268 Et
1373 3225 1436 3269 sic
1464 3225 1553 3268 Dei
1578 3225 1722 3270 Patris
1741 3237 1785 3270 et
1810 3226 1899 3270 Dei
1925 3226 2025 3271 Filii
2051 3228 2150 3286 plu-
2200 3280 2203 3283 ,

196 3292 364 3336 ralitas'
384 3301 429 3336 et
471 3290 700 3335 distinctio
734 3289 817 3334 fuit
843 3291 980 3335 etiarn
1014 3300 1116 3334 ante
1155 3290 1325 3335 Christi
1350 3291 1726 3336 incarnationem.
1754 3293 1869 3336 Non.
1887 3293 2023 3352 igitur
2053 3293 2150 3355 ipse

193 3359 327 3403 Pater
358 3356 496 3401 Filius
525 3357 686 3401 dicitur
711 3357 1242 3416 propterincarnationis
1274 3358 1556 3416 mysterium.

285 3424 523 3484 Amplius:
548 3436 657 3467 vera
675 3421 833 3467 filiatio
852 3423 1073 3486 adipsum
1093 3423 1376 3482 suppositum
1404 3425 1597 3483 pertinet
1614 3425 1709 3482 ejus
1737 3425 1814 3484 qui
1830 3420 1992 3470 dicitur
2008 3425 2127 3473 filius
2139 3443 2152 3482 ;

196 3503 291 3536 non
318 3492 438 3536 enim
474 3499 636 3536 manus
662 3489 736 3534 vel
751 3502 831 3549 pes
856 3490 1059 3534 hominis
1084 3490 1315 3534 filiationis
1332 3505 1503 3535 nomen
1529 3492 1709 3551 proprie
1737 3482 1916 3552 accipit,
1949 3493 2027 3540 sed
2054 3493 2152 3552 ipse

197 3559 359 3612 horno,
386 3557 513 3616 cujus
538 3557 624 3601 ista
649 3567 754 3602 sunt
784 3565 946 3616 partes.
973 3557 1261 3601 Paternitatis
1280 3566 1432 3602 autem
1451 3567 1496 3601 et
1519 3556 1749 3603 filiationis
1780 3559 1970 3605 nomina
2001 3559 2155 3609 distin-

195 3619 396 3670 ctionem
429 3623 663 3683 requirunt
693 3623 739 3668 in
772 3621 861 3668 illis
893 3622 948 3668 de
982 3623 1143 3683 quibus
1170 3623 1393 3678 dicuntur,
1411 3623 1529 3668 sicut
1545 3633 1589 3670 et
1616 3638 1838 3685 generans
1865 3636 1910 3671 et
1932 3627 2151 3686 genitum.
