2332 3854
755 200 910 239 unna
949 199 1019 239 ιν.
1063 199 1183 239 CAP.
1224 197 1371 237 Χιικ.
1926 186 2030 254 637

86 303 289 349 Verbum
313 301 524 348 subsistat
543 311 639 346 tam
663 301 711 345 in
734 301 938 346 humana
962 311 1137 356 natura,
1162 314 1300 361 quam
1325 299 1373 344 in
1397 298 1576 353 divina;
1600 299 1645 343 id
1667 308 1822 344 autem
1843 300 1967 359 quod
1985 300 2036 345 in

86 370 289 416 humana
305 378 464 413 natura
486 367 684 412 subsistit
700 377 767 411 est
782 368 856 412 hic
874 367 1042 422 h0m03
1060 368 1179 412 unde
1197 368 1346 426 ipsum
1371 365 1576 411 Verbum
1593 366 1876 425 supponitur,
1892 380 2035 425 quum

0 472 11 492 s
85 436 248 482 dicitur
271 436 346 480 hic
372 436 532 480 homo.
560 433 665 488 Sed,
691 434 730 478 si
755 434 854 492 quis
880 434 1092 479 eamdem
1124 434 1431 492 objectionem
1459 433 1515 476 ad
1540 432 1792 476 humanam
1823 442 2034 476 naturam

84 501 335 555 transferat,
367 501 521 545 dicens
561 514 664 544 eam
697 513 795 543 esse
827 500 1123 544 substantiam
1161 499 1424 559 quamdam,
1464 512 1557 543 non
1600 497 1918 552 universalem,
1956 498 2039 543 sed

12 572 18 576 “
84 566 418 630 particularem,
445 576 489 610 et
513 580 591 624 per
617 578 901 624 consequens
932 566 1232 624 hypostasim,
1265 564 1504 610 manifeste
1537 564 1771 623 decipitur.
1803 565 1926 609 Nam
1957 565 2037 608 hu-

85 648 223 679 mana
245 644 421 687 natura,
446 634 583 677 etiam
604 632 651 676 in
679 631 868 676 Socrate
889 632 964 676 vel
989 632 1196 686 Platone,
1222 646 1316 676 non
1340 641 1406 675 est
1437 631 1712 690 hypostasis,
1737 631 1816 675 sed
1842 631 1888 675 id
1913 631 2037 690 quod

84 701 132 745 in
153 713 207 745 ea
231 700 446 752 subsistit,
470 698 727 758 hypostasis
754 708 834 743 est.
860 697 1000 750 Quod
1019 708 1172 742 autem
1199 697 1448 743 substantia
1473 698 1543 751 sit,
1562 707 1606 741 et
1624 697 1921 756 particularis,
1941 711 2037 742 non

85 767 334 812 secundum
366 765 492 810 illam
523 764 904 823 significationem
930 764 1091 809 dicitur
1123 778 1211 822 qua
1251 764 1508 823 hypostasis
1535 774 1603 808 est
1627 762 1909 823 particularis
1933 763 2038 808 sub·

85 833 262 878 stantia.
291 831 549 877 Substantia
575 830 714 884 enim,
740 830 991 875 secundum
1017 830 1367 889 Philosophum,
1394 829 1556 874 dicitur
1582 829 1832 889 dupliciter,
1864 829 2040 875 scilicet

85 899 379 957 desubjecto
410 899 456 942 in
489 909 656 956 genere
687 898 976 952 substantiae,
1013 898 1134 955 quod
1167 897 1330 940 dicitur
1361 897 1636 955 hypostasis,
1662 907 1706 942 et
1736 897 1792 941 de
1831 910 1887 941 eo
1913 897 2037 956 quod

59 965 192 1026 quid
224 974 306 1019 est,
331 964 453 1024 quod
481 974 549 1008 est
571 974 731 1009 natura
756 964 835 1007 rei.
870 963 959 1008 Sed
986 977 1139 1022 neque,
1171 974 1320 1021 partes
1354 962 1543 1020 alicujus
1576 963 1851 1008 substantiae
1876 964 1940 1007 sic
1974 963 2039 1007 di·

85 1040 248 1077 cuntur
262 1030 555 1089 particulares
577 1031 865 1084 substantiae,
888 1030 1017 1088 quasi
1038 1031 1127 1074 sint
1148 1044 1228 1088 per
1252 1045 1303 1074 se
1329 1030 1670 1084 subsistentens,
1688 1030 1767 1074 sed
1792 1030 2040 1080 subsistunt

83 1098 134 1144 ia
155 1107 286 1152 toto)
306 1098 427 1142 unde
451 1111 536 1141 nec
562 1097 831 1156 hypostases
858 1106 1050 1156 possunt
1074 1096 1178 1150 dici,
1211 1110 1352 1154 quum
1373 1096 1498 1140 nulla
1524 1110 1681 1140 earum
1708 1097 1765 1142 sit
1789 1097 2038 1142 substantia

71 1163 345 1223 completa
366 1163 476 1208 alias
507 1174 769 1223 sequeretur
801 1163 923 1222 quod
947 1163 995 1207 in
1022 1177 1113 1207 uno
1146 1163 1336 1207 homine
1358 1172 1427 1207 tot
1459 1173 1609 1207 essent
1633 1162 1900 1222 hypostases
1926 1173 2040 1223 quot

83 1241 191 1277 sunt
211 1239 382 1290 partes.

102 1303 130 1343 vf
173 1305 314 1359 Quod
338 1318 449 1350 vero
480 1303 725 1349 undecimo
758 1304 1021 1363 oppositum
1053 1303 1135 1348 fuit
1165 1317 1220 1348 ex
1252 1317 1307 1348 eo
1339 1303 1529 1348 solvitur
1561 1303 1684 1362 quod
1716 1303 2036 1362 aequivocatio

81 1371 308 1418 inducitur
332 1384 386 1416 ex
411 1372 588 1415 diversa
614 1370 762 1414 forma
787 1370 1042 1429 significata
1073 1385 1155 1429 per
1177 1382 1363 1423 nomen,
1395 1384 1490 1414 non
1517 1381 1670 1414 autem
1698 1383 1751 1414 ex
1777 1370 2036 1416 diversitate

82 1438 422 1497 suppositionis.
447 1437 555 1487 Non
575 1438 704 1482 enim
744 1438 834 1481 hoc
871 1451 1057 1490 nomen,
1083 1437 1220 1490 homo,
1249 1439 1498 1495 aequivoce
1523 1438 1714 1480 sumitur
1743 1450 1801 1480 ,ex
1833 1450 1890 1480 eo
1916 1436 2036 1496 quod

82 1504 355 1564 quandoque
381 1503 600 1563 supponit
619 1517 702 1562 pro
720 1503 926 1556 Platone,
943 1503 1215 1561 quandoque
1238 1517 1319 1561 pro
1340 1503 1544 1547 Socrate.
1563 1503 1665 1547 Hoc
1690 1502 1828 1561 igitur
1851 1516 2038 1559 nomen,

11 1628 13 1630 ι
82 1571 220 1624 homo,
261 1571 317 1615 de
354 1570 541 1615 Christo
577 1580 622 1614 et
662 1570 717 1613 de
755 1569 855 1614 aliis
886 1569 1150 1613 hominibus
1183 1569 1370 1622 dictum,
1396 1583 1575 1627 semper
1601 1570 1814 1614 eamdem
1838 1568 2039 1614 formam

83 1637 320 1696 significat,
346 1636 521 1681 scilicet
545 1646 754 1680 naturam
780 1636 1061 1689 humanam;
1092 1636 1211 1679 unde
1238 1635 1435 1679 univoce
1460 1635 1745 1693 praedicatur
1771 1636 1827 1680 de
1844 1638 1932 1691 eis;
1958 1636 2038 1681 sed

83 1703 334 1763 suppositio
350 1713 527 1748 tantum
559 1703 758 1746 variatur
792 1702 839 1746 in
871 1702 961 1746 hoc
987 1702 1126 1761 quod,
1152 1701 1405 1745 secundum
1431 1701 1551 1760 quod
1579 1715 1662 1759 pro
1686 1701 1872 1747 Christo
1903 1703 2039 1747 sumi*-

81 1779 169 1824 tur,
193 1771 408 1828 supponit
428 1768 718 1828 hypostasim
734 1769 1014 1823 ·increatam;
1040 1768 1295 1812 secundum
1306 1782 1416 1812 vero
1444 1768 1567 1827 quod
1591 1782 1675 1826 pro
1694 1768 1792 1813 aliis
1819 1769 2036 1823 sumitur,

82 1838 298 1896 supponit
316 1835 602 1895 hypostasim
627 1844 840 1880 creatam.
1159 1851 1168 1862 ·

171 1902 336 1961 Neque
359 1912 512 1946 autem
536 1901 796 1960 hypostasis
822 1900 958 1944 Verbi
982 1901 1145 1944 dicitur
1167 1914 1266 1945 esse
1292 1901 1577 1960 suppositum
1594 1900 1825 1946 humanae
1850 1912 2038 1948 naturae

83 1969 214 2029 quasi
253 1969 515 2027 subjiciatur
545 1969 588 2012 ei
619 1978 669 2012 ut
692 1967 960 2021 formaliori,
1001 1968 1118 2011 sicut
1148 1967 1420 2011 duodecima
1455 1968 1570 2012 ratio
1603 1968 1899 2026 proponebat.
1933 1969 2036 2014 Hoc

84 2036 206 2080 enim
234 2045 352 2080 esset
375 2035 697 2088 necessarium,
723 2035 764 2078 si
793 2034 1052 2093 hypostasis
1078 2033 1216 2078 Verbi
1248 2048 1328 2092 per
1352 2043 1563 2078 naturam
1594 2035 1846 2079 humanam
1871 2035 2040 2095 simpli·

84 2103 196 2147 citer
222 2102 570 2147 constitueretur
594 2101 640 2144 in
667 2114 780 2154 esse,
807 2100 929 2159 quod
950 2109 1073 2159 patet
1099 2114 1198 2144 esse
1224 2099 1415 2155 falsum3
1442 2100 1606 2144 dicitur
1631 2101 1753 2145 enim
1779 2101 2039 2160 hypostasis

82 2168 220 2213 Verbi
246 2168 476 2212 humanae
515 2178 702 2211 naturae
728 2167 937 2226 supponi,
964 2177 1100 2225 prout
1139 2181 1243 2210 eam
1277 2167 1333 2210 ad
1370 2181 1499 2211 suam
1526 2167 1862 2212 subsistentiam
1888 2169 2038 2223 trahit,

83 2236 200 2280 sicut
224 2234 392 2294 aliquid
418 2234 609 2278 trahitur
635 2233 691 2277 ad
724 2232 916 2277 alterum
947 2233 1146 2277 nobilius
1178 2233 1252 2276 cui
1277 2234 1441 2277 unitur.

172 2301 280 2345 Non
304 2311 460 2345 tamen
486 2300 689 2358 sequitur
714 2300 836 2358 quod
862 2300 1065 2343 humana
1090 2309 1252 2343 natura
1277 2299 1616 2344 accidentaliter
1637 2299 1790 2345 Verbo
1815 2301 2039 2357 adveniat,

7 2363 10 2380 ³
83 2380 141 2413 ex
169 2368 260 2412 hoc
277 2366 618 2426 quodVerbum
645 2367 699 2410 ab
724 2376 908 2410 aeterno
934 2366 1227 2424 praeexstitit,
1255 2366 1372 2410 sicut
1398 2366 1558 2410 ultima
1584 2367 1700 2411 ratio
1723 2367 2040 2413 concludebat.

84 2434 163 2479 Sic
182 2434 306 2479 enim
332 2433 533 2478 Verbum
561 2433 812 2477 humanam
838 2443 1048 2477 naturam
1077 2433 1320 2492 assumpsit
1347 2443 1395 2477 ut
1419 2448 1526 2478 vere
1559 2434 1616 2478 sit
1637 2434 1797 2478 homo.
1823 2434 1934 2479 Esse
1965 2449 2041 2479 au·

0 2492 7 2531 ἶ
82 2498 176 2545 tem
201 2500 441 2544 hominem
467 2510 536 2543 est
559 2513 658 2543 esse
688 2499 735 2542 in
763 2513 929 2558 genere
954 2500 1247 2544 substantiae.
1277 2499 1402 2551 Quia
1426 2500 1564 2558 igitur
1584 2514 1639 2544 ex
1656 2502 1826 2545 unione
1849 2511 2038 2546 naturae

82 2566 311 2610 hnmanae
342 2566 603 2625 hypostasis
627 2565 767 2610 Verbi
791 2565 930 2610 habet
953 2566 1076 2624 quod
1111 2566 1169 2610 sit
1192 2566 1353 2621 homo,
1378 2581 1475 2610 non
1501 2567 1683 2612 advenit
1719 2568 1761 2612 ei
1787 2568 2040 2613 accidenta-

83 2631 210 2687 liter;
234 2644 343 2676 nam
370 2631 624 2676 accidentia
647 2645 747 2676 esse
773 2631 1065 2676 substantiale
1090 2646 1187 2676 non
1205 2631 1457 2678 conferunt.

866 2844 1121 2901 CAPUT
1176 2846 1238 2900 L.

454 2987 613 3033 QUOD
659 2986 954 3046 PECCATQM
997 2986 1294 3026 ORIGINALE
1327 2986 1703 3026 TRADUCATUR

580 3061 616 3098 A
648 3059 815 3099 PRIMO
849 3060 1096 3099 PARENTE
1148 3062 1203 3099 IN
1236 3061 1536 3099 POSTEROS.

689 3168 776 3224 (De
806 3169 933 3223 malo,
961 3175 1111 3228 quaest.
1139 3169 1215 3213 IV.
1242 3175 1323 3213 art.
1357 3169 1436 3227 6.).

172 3289 423 3334 Ostensum
462 3297 531 3332 est
569 3287 705 3345 igitur
730 3302 785 3332 ex
825 3289 1095 3347 praemissis,
1122 3302 1215 3331 non
1249 3301 1347 3344 esse
1373 3287 1653 3347 impossibile
1680 3290 1802 3347 quod
1830 3290 1941 3335 fides
1969 3305 2039 3336 ca-

81 3355 255 3400 tholica
280 3354 336 3399 de
363 3354 674 3398 incarnatione
700 3352 801 3398 Filii
826 3354 915 3398 Dei
935 3354 1191 3412 praedicat3
1218 3368 1503 3412 consequens
1531 3364 1683 3398 autem
1702 3366 1772 3400 est
1797 3357 2038 3403 ostendere

18 3458 22 3460 .
82 3422 205 3482 quod
231 3423 506 3466 conveniens
538 3420 623 3464 fuit
636 3419 802 3464 Filium
822 3421 911 3466 Dei
927 3431 1136 3466 naturam
1161 3435 1393 3465 assumere
1418 3421 1683 3465 humanam.
1711 3422 1855 3481 Hujus
1882 3434 2038 3470 autem

82 3487 430 3535 convenientiae
467 3487 693 3531 rationem
735 3486 987 3547 Apostolus
1020 3488 1250 3545 assignare
1282 3486 1458 3532 videtur
1491 3502 1544 3532 ex
1586 3498 1776 3547 peccato
1809 3489 2037 3549 originali,

82 3554 206 3613 quod
239 3554 286 3597 in
327 3566 489 3598 omnes
514 3553 794 3612 pertransiit;
827 3553 936 3597 dicit
966 3555 1089 3597 enim
1126 3554 1285 3612 (Rom.
1310 3552 1367 3596 V.
1400 3553 1673 3612 19.):,Sicut,
1699 3562 1776 3613 per
1807 3556 2047 3603 inobediew

16 3626 23 3641 ὲ
