2332 3854
0 1651 24 1926 μνπᾚμήη
0 1612 3 1624 ..
0 1579 7 1582 ,

823 244 978 290 mmm
1016 249 1094 289 111.
1135 249 1256 290 cAP.
1295 248 1388 287 xx.
1979 246 2084 304 309

131 343 395 398 Bonitatem
421 356 572 397 autem
600 361 835 397 creaturae
860 366 954 396 non
981 362 1279 412 assequuntur
1304 365 1360 397 eo
1386 349 1528 396 modo
1554 348 1671 394 sicut
1694 348 1742 393 in
1763 348 1866 393 Deo
1885 358 1965 403 est,
1983 350 2090 395 licet

131 419 333 464 divinam
357 419 609 463 bonitatem
636 431 934 478 unaquaeque
960 433 1030 463 res
1050 419 1253 464 imitetur
1283 417 1533 463 secundum
1560 430 1692 460 suum
1719 415 1926 461 modum.

219 485 385 530 Divina
411 486 534 530 enim
559 485 738 530 bonitas
761 485 951 545 simplex
973 497 1053 540 est,
1076 486 1205 545 quasi
1219 495 1315 531 tota
1331 485 1377 528 in
1395 498 1487 529 uno
1506 483 1756 528 consistens
1771 498 1782 537 ;
1800 484 1947 541 ipsum
1966 483 2089 527 enim

130 550 331 598 divinum
365 566 465 598 esse
496 566 685 597 omnem
716 552 1043 611 plenitudinem
1080 552 1370 611 perfectionis
1405 551 1591 604 obtinet,
1625 559 1675 594 ut
1713 549 1761 593 in
1800 549 1948 608 primo
1986 563 2089 607 pro-

128 618 286 664 batum
327 630 394 664 est
431 620 491 679 (c.
535 619 642 676 28.).
685 619 833 674 Unde,
867 633 1007 677 quum
1040 621 1397 678 unumquodque
1428 618 1474 662 in
1506 628 1683 662 tantum
1726 617 1782 662 sit
1823 617 1997 660 bonum
2040 617 2088 661 in

130 695 349 746 quantum
376 696 444 731 est
467 685 734 746 perfectum,
760 685 911 744 ipsum
937 686 1141 730 divinum
1168 700 1265 730 esse
1299 696 1366 730 est
1388 686 1483 744 ejus
1509 683 1716 744 perfectu
1741 683 1942 738 bonitas;
1964 683 2089 728 idem

131 754 252 797 enirn
279 762 348 797 est
372 753 475 797 Deo
502 767 616 806 esse,
646 753 814 806 vivere,
846 752 1099 810 sapientem
1133 766 1246 806 esse,
1278 752 1462 796 beatum
1497 766 1609 805 esse,
1642 760 1688 795 et
1718 750 1934 809 quidquid
1968 749 2088 793 aliud

130 819 186 863 ad
212 818 539 879 perfectionem
566 829 611 863 et
634 819 887 863 bonitatem
913 819 1089 863 videtur
1114 820 1352 878 pertinere,
1379 819 1508 878 quasi
1532 828 1629 862 tota
1655 817 1807 861 divina
1831 817 2012 861 bonitas
2033 816 2090 862 sit

127 885 279 946 ipsum
304 885 509 930 divinum
536 899 646 931 esse.

216 951 435 998 Rursum:
463 953 568 1011 quia
593 952 742 1011 ipsum
769 951 973 996 divinum
1007 967 1104 997 esse
1141 962 1207 997 est
1239 952 1379 1011 ipsius
1413 952 1504 997 Dei
1537 951 1788 996 exsistentis
1826 950 2087 996 substantia.

128 1019 181 1064 In
206 1019 304 1064 aliis
338 1029 492 1064 autem
528 1019 660 1063 rebus
699 1019 791 1063 hoc
830 1020 1035 1064 accidere
1070 1035 1164 1064 non
1198 1030 1376 1077 potest3
1412 1030 1647 1063 ostensum
1681 1028 1749 1064 est
1783 1018 1906 1062 enim
1940 1018 1988 1062 in
2019 1032 2089 1062 se-

129 1086 279 1132 cundo
305 1087 365 1145 (c.
398 1087 486 1144 52.)
513 1086 637 1146 quod
662 1086 787 1130 nulla
814 1087 1063 1131 substantia
1095 1097 1246 1131 creata
1278 1097 1343 1131 est
1376 1087 1526 1146 ipsum
1558 1101 1691 1130 suum
1729 1100 1848 1140 esse;
1885 1085 2019 1139 unde,
2051 1085 2090 1130 si

127 1153 380 1200 secundum
406 1153 528 1212 quod
554 1167 623 1197 res
657 1153 884 1212 quaelibet
918 1154 1040 1197 bona
1076 1164 1156 1208 est,
1193 1168 1286 1197 non
1320 1163 1388 1197 est
1421 1168 1577 1197 earum
1614 1152 1765 1212 aliqua
1802 1167 1935 1196 suum
1973 1165 2087 1205 esse,

126 1219 252 1265 milla
277 1234 435 1264 earum
462 1230 529 1265 est
560 1234 641 1264 sua
672 1220 878 1274 bonitas3
915 1221 994 1264 sed
1036 1235 1192 1265 earum
1230 1220 1459 1279 quaelibet
1490 1220 1706 1265 bonitatis
1742 1218 2088 1278 participatione

125 1287 248 1333 bona
272 1297 354 1343 est,
377 1289 494 1332 sicut
519 1297 563 1332 et
587 1287 727 1346 ipsius
755 1301 853 1332 esse
880 1287 1223 1347 participatione
1247 1297 1311 1331 est
1340 1301 1433 1331 ens.

214 1353 409 1399 Rursus:
435 1368 530 1399 non
553 1368 713 1398 omnes
742 1364 974 1399 creaturae
1003 1355 1051 1398 in
1077 1369 1169 1399 uno
1197 1355 1339 1413 gradu
1366 1354 1580 1398 bonitatis
1603 1354 1949 1398 constituuntur.
1965 1352 2087 1398 Nam

127 1421 433 1483 quorumdam
458 1421 707 1466 substantia
730 1421 879 1466 forma
906 1432 950 1466 et
982 1431 1107 1466 actus
1146 1431 1226 1476 est,
1261 1420 1436 1466 scilicet
1474 1421 1547 1465 cui
1582 1421 1835 1465 secundum
1867 1420 1927 1475 id,
1964 1420 2087 1479 quod

127 1498 209 1543 est,
236 1489 453 1548 competit
483 1502 583 1533 esse
610 1499 712 1533 actu
736 1498 780 1533 et
805 1489 980 1533 bonum
1007 1503 1118 1533 esse.
1149 1488 1473 1541 Quorumdam
1499 1502 1609 1532 vero
1638 1487 1885 1532 substantia
1911 1501 1965 1532 ex
1996 1501 2090 1531 ma·

124 1555 239 1600 teria
266 1565 311 1600 et
335 1554 483 1600 forma
511 1555 767 1614 composita
794 1565 875 1610 est,
899 1556 972 1599 cui
999 1558 1218 1615 competit
1245 1566 1347 1600 actu
1376 1570 1474 1600 esse
1509 1565 1554 1599 et
1576 1555 1751 1599 bonum
1778 1569 1891 1608 esse,
1913 1554 1992 1598 sed
2024 1568 2089 1598 se—

128 1621 328 1667 cundum
361 1620 529 1681 aliquid
556 1622 640 1676 sui,
666 1621 840 1666 scilicet
865 1623 1116 1666 secundum
1142 1621 1355 1666 formam.
1382 1622 1551 1666 Divina
1576 1622 1712 1680 igitur
1737 1621 1984 1666 substantia
2006 1635 2087 1665 sua

125 1688 303 1733 bonitas
331 1698 420 1743 est;
443 1688 691 1733 substantia
716 1702 826 1732 vero
854 1687 1047 1747 simplex
1072 1689 1323 1733 bonitatem
1350 1688 1591 1747 participat
1617 1687 1871 1732 secundum
1896 1687 1941 1731 id
1964 1687 2087 1746 quod

126 1765 217 1810 est;
239 1755 487 1800 substantia
514 1765 665 1799 autem
693 1757 964 1814 composita,
992 1756 1244 1800 secundum
1273 1755 1441 1814 aliquid
1468 1756 1550 1799 sui.
1579 1755 1630 1798 In
1655 1755 1746 1798 hoc
1776 1764 1928 1799 autem
1953 1754 2086 1798 tertio

125 1821 268 1881 gradu
294 1822 644 1867 substantiarum
667 1822 832 1866 iterum
855 1822 1089 1866 diversitas
1107 1822 1334 1866 invenitur
1350 1831 1570 1881 quantum
1590 1822 1645 1865 ad
1667 1823 1817 1880 ipsum
1836 1835 1948 1865 esse.
1965 1820 2086 1865 Nam

124 1889 429 1948 quorumdam
456 1902 510 1933 ex
535 1888 727 1933 materia
753 1900 797 1932 et
823 1888 971 1932 forma
998 1889 1361 1948 compositorum
1392 1898 1538 1933 totam
1575 1888 1796 1932 materiae
1834 1887 2087 1946 potentiam

123 1953 274 1999 forma
301 1954 531 2014 adimplet,
556 1955 618 1999 ita
644 1955 766 2014 quod
791 1969 886 1999 non
911 1966 1119 2000 remanet
1143 1956 1189 1999 in
1207 1957 1398 2000 materia
1416 1955 1618 2014 potentia
1643 1955 1698 1998 ad
1719 1954 1856 1998 aliam
1873 1954 2087 2009 formam,

126 2031 173 2067 et
196 2035 276 2080 per
301 2035 584 2081 consequens
610 2036 694 2066 nec
722 2023 767 2065 in
790 2021 940 2081 aliqua
967 2022 1055 2066 alia
1087 2023 1277 2067 materia
1308 2023 1511 2081 potentia
1544 2023 1599 2066 ad
1632 2022 1752 2066 hanc
1787 2021 2009 2076 formam3
2044 2032 2088 2066 et

125 2087 391 2147 hujusmodi
415 2097 518 2132 sunt
544 2102 738 2147 corpora
764 2088 994 2143 coelestia,
1021 2104 1137 2148 quae
1166 2103 1219 2134 ex
1244 2099 1341 2134 tota
1368 2090 1558 2133 materia
1591 2103 1673 2133 sua
1706 2099 1930 2133 constant.
1961 2089 2088 2141 Quo-

126 2155 335 2199 rumdam
361 2169 471 2199 vero
496 2154 645 2199 forma
676 2169 770 2199 non
796 2155 939 2214 replet
970 2166 1115 2200 totam
1148 2157 1365 2201 materiae
1397 2156 1675 2216 potentiam;
1709 2155 1828 2200 unde
1859 2155 2008 2200 adhuc
2039 2156 2087 2199 in

126 2221 316 2267 materia
341 2231 547 2266 remanet
570 2222 772 2280 potentia
799 2222 855 2266 ad
882 2221 1019 2266 aliam
1046 2222 1260 2277 formam,
1287 2233 1331 2268 et
1358 2224 1403 2267 in
1431 2223 1581 2281 aliqua
1608 2223 1825 2267 materiae
1858 2232 1984 2281 parte
2016 2237 2085 2266 re-

124 2298 281 2334 manet
311 2289 513 2348 potentia
546 2289 601 2333 ad
637 2289 755 2332 hanc
792 2288 1004 2343 formam,
1041 2290 1157 2334 sicut
1189 2300 1312 2349 patet
1347 2290 1394 2334 in
1433 2289 1670 2334 elementis
1708 2299 1752 2334 et
1786 2288 2086 2334 elementatis.

126 2354 251 2408 Quia
275 2369 386 2399 vero
410 2355 604 2415 privatio
636 2365 703 2400 est
734 2356 934 2414 negatio,
965 2357 1012 2400 in
1045 2356 1307 2411 substantia,
1342 2358 1438 2415 ejus
1472 2357 1595 2416 quod
1628 2356 1905 2401 substantiae
1936 2365 2088 2415 potest

124 2424 288 2477 inesse,
314 2421 605 2467 manifestum
633 2432 700 2467 est
724 2423 848 2482 quod
874 2437 979 2467 cum
1005 2424 1093 2467 hac
1119 2423 1282 2479 forma,
1310 2438 1426 2483 quae
1453 2438 1547 2468 non
1579 2423 1739 2483 implet
1770 2433 1917 2468 totam
1948 2433 2089 2468 mate·

122 2488 217 2534 riae
241 2489 491 2548 potentiam
519 2489 775 2548 adjungitur
800 2490 992 2548 privatio
1013 2489 1216 2546 formae3
1244 2505 1360 2550 quae
1388 2491 1573 2550 quidem
1596 2491 1780 2549 adiungi
1811 2505 1905 2535 non
1938 2500 2088 2548 potest

123 2555 397 2601 substantiae
430 2556 556 2614 cujus
586 2555 736 2607 forma
766 2556 926 2615 implet
956 2567 1102 2602 totam
1134 2559 1351 2602 materiae
1387 2559 1656 2616 potentiam,
1687 2571 1835 2617 neque
1871 2556 1937 2600 illi
1969 2572 2086 2616 quae

124 2631 193 2668 est
214 2621 363 2668 forma
388 2637 468 2682 per
493 2637 625 2667 suam
651 2623 910 2678 essentiam,
938 2634 982 2669 et
1006 2624 1153 2670 multo
1187 2626 1337 2669 minus
1364 2625 1430 2668 illi
1456 2625 1583 2682 cujus
1610 2624 1803 2668 essentia
1837 2634 1905 2668 est
1934 2624 2086 2683 ipsum

123 2702 258 2735 suum
283 2704 395 2735 esse.
421 2689 580 2743 Quum
607 2701 760 2735 autem
784 2691 1078 2736 manifestum
1100 2693 1156 2737 sit
1176 2693 1299 2751 quod
1322 2702 1475 2737 motus
1498 2706 1592 2736 non
1615 2702 1767 2750 potest
1783 2705 1881 2736 esse
1898 2691 1975 2735 ubi
1990 2706 2085 2736 non

124 2766 195 2802 est
212 2757 415 2818 potentia
442 2757 497 2801 ad
531 2756 666 2811 aliud,
697 2758 802 2816 quia
833 2767 986 2803 motus
1021 2769 1088 2803 est
1121 2769 1246 2803 actus
1275 2759 1529 2803 exsistentis
1562 2759 1607 2802 in
1639 2758 1856 2817 potentia,
1882 2758 2084 2817 itemque

124 2822 415 2868 manifestum
436 2823 493 2868 sit
524 2823 646 2882 quod
673 2823 847 2868 malum
873 2835 940 2869 est
965 2826 1062 2883 ipsa
1087 2825 1280 2884 privatio
1306 2825 1429 2879 boni,
1452 2825 1640 2884 planum
1667 2835 1735 2869 est
1761 2824 1899 2884 quod,
1919 2825 1966 2868 in
1992 2825 2082 2869 hoc

125 2887 289 2934 ultimo
315 2888 665 2934 substantiarum
691 2890 865 2944 ordine,
892 2900 959 2935 est
982 2891 1155 2936 bonum
1177 2891 1395 2936 mutabile
1423 2906 1528 2935 cum
1550 2891 1851 2951 permixtione
1877 2891 1987 2936 mali
2008 2905 2085 2951 op-

123 2955 263 3015 positi
284 2969 333 3000 se
356 2955 556 3011 habens;
583 2956 705 3015 quod
731 2957 778 3000 in
804 2958 1110 3016 superioribus
1137 2959 1490 3004 substantiarum
1517 2958 1748 3003 ordinibus
1766 2959 1971 3003 accidere
1988 2972 2083 3003 non

123 3032 287 3082 potest.
314 3022 521 3067 Possidet
546 3023 682 3082 igitur
702 3023 816 3068 haec
843 3024 1090 3069 substantia
1117 3025 1279 3070 ultimo
1307 3026 1448 3070 modo
1472 3026 1607 3081 dicta,
1625 3026 1741 3071 sicut
1757 3025 1969 3071 ultimum
1987 3040 2084 3085 gra-

125 3089 235 3133 dum
259 3089 307 3133 in
333 3103 447 3143 esse,
473 3091 533 3134 ita
559 3089 770 3134 ultimum
798 3091 986 3149 gradum
1016 3093 1061 3135 in
1091 3092 1309 3137 bonitate.

213 3155 334 3200 Inter
358 3165 505 3215 partes
531 3156 670 3200 etiarn
693 3157 828 3215 hujus
855 3158 1131 3203 substantiae
1159 3163 1220 3203 ex'
1239 3160 1431 3204 materia
1449 3170 1493 3204 et
1514 3158 1663 3203 forma
1686 3159 1985 3218 compositae,
2007 3160 2083 3204 bo-

124 3223 275 3268 nitatis
301 3223 415 3268 ordo
441 3223 678 3268 invenitur.
705 3223 863 3277 Quum
891 3226 1012 3270 enim
1045 3227 1234 3271 materIa
1262 3227 1318 3270 sit
1345 3241 1424 3271 ens
1446 3227 1491 3270 in
1520 3227 1723 3285 potentia
1749 3227 2002 3271 secundum
2034 3241 2082 3271 se

126 3291 424 3344 considerata,
450 3289 599 3335 forma
628 3304 738 3336 vero
773 3291 831 3336 sit
865 3302 990 3337 actus
1027 3295 1139 3352 ejus,
1173 3293 1420 3338 substantia
1454 3307 1565 3337 vero
1603 3293 1857 3352 composita
1890 3293 1947 3337 sit
1979 3304 2081 3337 actu

126 3357 345 3402 exsistens
371 3372 450 3417 per
474 3357 687 3412 sormam,
711 3357 860 3403 forma
884 3359 1068 3418 quidem
1101 3359 1185 3404 erit
1210 3359 1461 3404 secundum
1488 3374 1535 3404 se
1553 3360 1689 3413 bona,
1707 3359 1955 3403 substantia
1972 3373 2081 3403 vero

127 3424 383 3483 composita
409 3435 542 3483 prout
567 3435 670 3469 actu
691 3424 828 3469 habet
848 3423 1060 3480 formam,
1083 3426 1273 3470 materia
1295 3439 1404 3470 vero
1431 3427 1682 3470 secundum
1706 3426 1827 3485 quod
1851 3436 1918 3470 est
1937 3426 1984 3470 in
2006 3440 2082 3484 po-

124 3490 264 3535 tentia
290 3490 346 3535 ad
371 3489 583 3535 formam.
610 3490 679 3545 Et,
704 3490 811 3535 licet
835 3492 1193 3551 unumquodque
1216 3493 1273 3536 sit
1297 3492 1471 3536 bonum
1489 3492 1535 3536 in
1553 3502 1772 3551 quantum
1791 3502 1859 3537 est
1875 3506 1969 3547 ens,
1986 3506 2081 3536 non

124 3565 279 3602 tamen
306 3567 485 3616 oportet
510 3557 632 3616 quod
658 3557 862 3612 materia,
888 3572 1003 3618 quae
1030 3569 1098 3603 est
1123 3573 1202 3603 ens
1229 3558 1381 3603 solum
1407 3560 1453 3603 in
1478 3557 1696 3618 potentia,
1719 3559 1776 3603 sit
1792 3558 1912 3603 bona
1928 3557 2081 3604 solum

125 3622 422 3682 in⁷potentia;
448 3636 527 3669 ens
553 3625 675 3669 enim
702 3622 908 3670 absolute
934 3624 1112 3679 dicitur,
1132 3625 1307 3669 bonum
1333 3635 1486 3670 autem
1513 3635 1557 3671 et
1580 3625 1628 3670 in
1660 3625 1818 3670 ordine
1851 3626 2080 3680 consistit3
