2332 3854
250 201 357 255 354
599 185 602 188 ⁴
902 200 1056 238 mmm
1096 199 1172 236 111.
1214 198 1561 238 CAP.XLvl11-.

246 302 293 345 in
319 302 405 346 hac
432 302 524 346 vita
547 302 784 346 veritatem
811 303 1146 359 cognoscimus.
1173 301 1280 346 Non
1302 312 1370 346 est
1392 303 1529 361 igitur
1553 303 1766 361 possibile
1798 292 1921 362 quod
1946 303 2108 348 ultima
2120 303 2192 348 fe

247 368 392 412 licitas
423 368 624 412 hominis
648 369 705 412 sit
728 369 774 411 in
800 368 887 411 hac
914 367 1018 411 vita.

334 434 525 492 Propter
550 435 632 478 has
659 444 811 477 autem
835 444 880 476 et
903 433 1164 490 hujusmodi
1190 435 1402 489 rationes,
1428 434 1687 480 Alexander
1713 445 1758 480 et
1782 435 2010 480 Averroes
2030 444 2196 495 posue-

249 511 352 544 runt
377 501 587 544 ultimam
613 500 814 543 hominis
840 498 1105 543 felicitatem
1130 513 1226 543 non
1257 513 1356 545 esse
1383 502 1427 544 in
1455 497 1718 559 cognitione
1744 501 1961 555 humana,
1987 510 2102 560 qua'e
2128 513 2197 547 est

247 581 325 626 per
357 567 567 610 scientias
594 565 908 624 speculativas,
931 565 1010 609 sed
1036 579 1117 623 per
1143 566 1533 611 continuationem
1561 582 1667 611 cum
1698 567 1947 611 substantia
1976 577 2196 625 separata,

249 647 385 692 quam
414 647 511 676 esse
539 632 781 675 credebant
806 630 1069 688 possibilem
1100 632 1316 676 homini
1305 647 1351 676 m
1377 633 1464 677 hac
1490 634 1594 677 vita.
2114 637 2119 657 ³

369 699 491 751 Quia
516 712 625 741 vero
652 697 924 742 Aristoteles
939 697 1052 742 vidit
1076 698 1282 756 (decimo
1308 698 1454 743 Ethic.
1482 714 1520 744 c.
1553 698 1640 756 10.)
1667 700 1789 758 quod
1805 713 1900 744 non
1922 709 1989 744 est
2015 698 2113 745 alia
2126 714 2200 745 co-

248 766 390 824 gnitio
418 764 618 809 hominis
645 764 691 806 in
707 764 794 807 hac
816 764 923 818 vita,
950 777 1088 822 quam
1105 778 1184 823 per
1209 764 1419 823 scientias
1446 765 1761 823 speculativas,
1787 766 1940 825 posuit
1959 765 2197 811 hominem

246 846 338 875 non
367 830 587 888 consequi
611 829 877 873 felicitatem
893 829 1157 888 perfectam,
1172 831 1250 875 sed
1268 845 1351 876 suo
1369 832 1524 876 modo.
1540 832 1592 875 In
1610 846 1700 890 quo
1718 832 1825 877 satis
1848 842 2046 892 apparet,
2063 835 2200 892 quan-

248 907 342 941 tam
370 896 627 953 angustiam
653 896 936 954 patiebantur
960 896 1068 940 hinc
1093 897 1198 941 inde
1231 911 1391 942 eorum
1414 897 1647 956 praeclara
1664 898 1862 957 ingenia,
1889 912 1915 942 a
1940 899 2100 958 quibus
2127 913 2201 943 an-

247 962 403 1021 gustiis
420 962 727 1014 liberabimur,
746 962 783 1005 si
809 975 1049 1020 ponamus,
1066 964 1316 1007 secundum
1342 964 1634 1022 probationes
1655 964 1942 1023 praemissas,
1958 964 2199 1010 hominem

247 1029 301 1072 ad
328 1042 484 1071 veram
516 1027 778 1071 felicitatem
811 1038 914 1086 post
943 1028 1062 1072 hanc
1089 1029 1230 1072 vitam
1263 1030 1498 1087 pervenire
1530 1044 1678 1088 posse,
1711 1032 1863 1075 anima
1893 1030 2094 1075 hominis
2119 1032 2200 1075 im-

246 1094 428 1138 mortali
455 1094 708 1137 exsistente.
735 1094 787 1137 In
811 1108 902 1152 quo
930 1104 1047 1138 statu
1075 1097 1226 1138 anima
1251 1095 1475 1153 intelliget
1499 1111 1580 1154 per
1605 1097 1797 1141 modum
1823 1111 1920 1155 quo,
1939 1096 2199 1156 intelligunt

245 1161 520 1206 substantiae
547 1169 794 1218 separatae,
813 1161 927 1218 sicut
957 1161 1005 1203 in
1037 1161 1238 1205 secundo
1262 1163 1322 1219 (c.
1341 1161 1412 1222 96.
1431 1172 1476 1206 et
1495 1163 1609 1221 seq.)
1635 1163 1770 1221 huius
1797 1163 1946 1221 operis
1963 1173 2198 1208 ostensum
2270 1215 2275 1218 ‚

248 1238 327 1271 est.
354 1227 448 1271 Erit
479 1227 616 1285 igitur
642 1226 802 1270 ultima
827 1213 1018 1270 felicitas
1049 1227 1251 1272 hominis
1283 1230 1329 1272 in
1363 1229 1626 1287 cognitione
1659 1229 1761 1283 Dei,
1794 1242 1932 1288 quam
1964 1229 2114 1274 habet
2120 1229 2201 1274 hu-

247 1307 382 1338 mana
408 1308 539 1337 mens
570 1303 674 1351 post
705 1293 823 1337 hanc
846 1293 988 1336 vitam
1005 1308 1085 1352 per
1106 1295 1298 1338 modum
1320 1309 1410 1353 quo
1437 1295 1587 1354 ipsum
1613 1305 1900 1354 cognoscunt
1923 1295 2198 1379 substantiae

246 1370 494 1419 separatae

336 1427 526 1484 Propter
552 1427 674 1484 quod
698 1425 880 1485 (Matth.
908 1426 963 1469 V.
989 1425 1076 1482 12.)
1103 1427 1331 1471 Dominus
1358 1427 1580 1472 mercedem
1596 1428 1760 1472 nobis
1743 1443 1788 1472 m
1810 1428 1930 1474 coelis
1955 1428 2200 1488 promittit;

248 1504 291 1538 et
318 1494 499 1552 (Matth.
525 1493 671 1539 XXII.
712 1493 800 1552 30.)
837 1493 959 1547 dicit,
986 1494 1107 1553 quod
1140 1495 1285 1538 sancti
1319 1502 1442 1540 erunt
1471 1497 1574 1540 sicut
1606 1496 1740 1554 angeli
1761 1495 1840 1555 qui
1873 1495 2016 1542 vident
2044 1499 2200 1558 semper

247 1562 386 1605 Deum
411 1562 456 1605 in
488 1561 619 1614 coelis,
646 1570 696 1604 ut
721 1560 883 1604 dicitur
909 1560 1090 1617 (Matth.
1116 1560 1283 1604 XVIII.
1315 1562 1403 1618 10.)

975 1722 1229 1778 CAPUT
1269 1722 1473 1778 XLIX.

251 1857 409 1903 QUOD
452 1857 824 1896 SUBSTANTIAE
851 1858 1161 1895 SEPARATAE
1185 1858 1302 1897 NON
1333 1858 1541 1896 VIDENT
1570 1857 1726 1895 DEUM
1755 1857 1856 1896 PER
1893 1855 2199 1915 ESSENUAM

395 1932 467 1968 EX
507 1931 624 1969 HOC
666 1931 824 1976 QUOD
860 1931 1234 1970 COGNOSCANT
1274 1932 1389 1969 EUM
1421 1933 1519 1969 PER
1551 1931 1856 1970 ESSENTIAM
1888 1930 2050 1968 SUAM.

485 2033 542 2090 (I.
565 2039 682 2092 part.
706 2038 857 2091 quaest.
885 2033 983 2076 XII.
1011 2039 1092 2077 art.
1115 2046 1158 2089 4.
1181 2039 1219 2077 et
1243 2038 1393 2091 quaest.
1427 2032 1585 2076 LXIV.
1617 2037 1697 2076 art.
1729 2043 1766 2075 ι.
1799 2029 1854 2074 ad
1883 2030 1970 2088 3.),

339 2144 537 2203 Oportet
569 2154 721 2188 autem
753 2145 994 2203 inquirere,
1027 2154 1176 2189 utrum
1209 2145 1323 2189 haec
1355 2145 1451 2204 ipsa
1477 2145 1681 2203 cognitio
1708 2157 1797 2203 qua
1829 2143 2104 2195 substantiae
2129 2156 2200 2188 se-

248 2221 432 2269 paratae
465 2221 510 2255 et
542 2211 722 2255 animae
753 2208 1085 2270 postmortem
1119 2221 1405 2269 cognoscunt
1435 2212 1587 2255 Deum
1620 2225 1699 2269 per
1724 2224 1827 2254 suas
1855 2209 2091 2264 essentias,
2115 2208 2200 2254 suf·

248 2277 370 2321 ficiat
397 2278 451 2321 ad
479 2278 679 2335 ipsarum
696 2278 905 2321 ultimam
922 2277 1200 2322 felicitatem.
1225 2278 1298 2321 Ad
1323 2280 1450 2336 cujus
1465 2278 1664 2321 veritatis
1686 2277 2031 2335 indagationem
2049 2275 2198 2336 primo

249 2344 582 2388 ostendendum
605 2353 684 2397 est,
708 2345 828 2402 quo'd
856 2358 935 2403 per
960 2344 1099 2388 talem
1117 2344 1309 2389 modum
1328 2344 1602 2402 cognitionis
1618 2357 1713 2387 non
1737 2342 2199 2402 cognoscitur'divina

249 2411 454 2454 essentia.
498 2411 738 2469 Contingit
773 2413 895 2455 enim
923 2425 977 2454 ex
1010 2410 1173 2455 effectu
1210 2425 1492 2469 cognoscere
1528 2424 1713 2454 causam
1740 2408 2063 2468 multipliciter.
2090 2408 2198 2452 Uno

248 2478 405 2531 modo,
438 2477 688 2520 secundum
723 2478 845 2536 quod
883 2477 1069 2521 effectus
1108 2477 1300 2521 sumitur
1326 2487 1375 2521 ut
1411 2477 1612 2520 medium
1648 2476 1702 2519 ad
1737 2475 2110 2535 cognoscendum
2142 2475 2198 2519 de

250 2558 385 2587 causa
413 2544 535 2602 quod
562 2543 631 2598 sit,
659 2553 703 2587 et
735 2544 856 2602 quod
889 2544 991 2587 talis
1017 2545 1087 2597 sit,
1113 2544 1229 2587 sicut
1261 2544 1425 2587 accidit
1458 2544 1504 2586 in
1537 2543 1735 2586 scientiis
1767 2556 1883 2601 quae
1915 2543 2102 2586 causam
2127 2541 2200 2585 de·

249 2619 504 2654 monstrant
528 2624 607 2668 per
633 2610 861 2655 effectum.
893 2610 1001 2654 Alio
1034 2610 1189 2666 modo,
1213 2612 1273 2654 ita
1296 2610 1417 2668 quod
1443 2611 1490 2652 in
1512 2610 1611 2667 ipso
1638 2608 1799 2652 effectu
1825 2608 2032 2652 videatur
2062 2620 2198 2652 causa

248 2677 294 2720 in
326 2686 545 2735 quantum
569 2677 817 2720 similitudo
842 2690 1004 2720 causae
1031 2677 1218 2720 resultat
1239 2678 1283 2720 in
1307 2675 1493 2720 effectu:
1522 2677 1637 2720 sicut
1661 2675 1806 2719 homo
1831 2675 2008 2719 videtur
2032 2674 2079 2718 in
2105 2688 2200 2733 spe-

249 2743 352 2787 culo
385 2753 568 2800 propter
594 2758 724 2787 suam
758 2743 1115 2787 similitudinem.
1159 2744 1215 2787 Et
1247 2742 1395 2786 differt
1433 2742 1507 2786 hic
1541 2742 1705 2786 modus
1739 2756 1764 2785 a
1794 2741 1957 2799 primo.
1996 2740 2120 2785 Nam
2142 2741 2198 2785 ¹in

246 2811 394 2869 primo
417 2821 520 2854 sunt
536 2810 626 2854 duo
645 2810 932 2868 cognitiones
950 2809 1135 2854 effectus
1158 2819 1202 2854 et
1219 2823 1397 2863 causae,
1416 2822 1608 2868 quarum
1629 2822 1719 2851 una
1742 2818 1810 2852 est
1835 2807 2017 2865 alterius
2039 2820 2196 2852 causa:

247 2891 353 2919 nam
374 2877 577 2934 cognitio
601 2875 788 2920 effectus
811 2886 878 2920 est
900 2890 1036 2920 causa
1058 2876 1179 2935 quod
1200 2885 1505 2935 cognoscatur
1525 2877 1622 2933 ejus
1640 2888 1790 2918 causa.
1811 2874 1863 2936 In
1881 2873 2022 2926 modo
2045 2882 2198 2918 autem

247 2944 462 2997 secundo,
491 2958 580 2987 una
602 2953 668 2988 est
693 2944 809 2987 visio
838 2944 1091 3002 utriusque:
1120 2942 1255 2987 simul
1277 2943 1399 2986 enim
1417 2943 1525 2986 dum
1542 2942 1719 2985 videtur
1735 2939 1935 2995 effectus,
1951 2939 2129 2984 videtur
2154 2950 2199 2985 et

248 3021 384 3055 causa
410 3012 455 3055 in
481 3012 594 3070 ipso.
635 3010 794 3055 Tertio
822 3011 977 3064 modo,
1010 3011 1072 3055 ita
1108 3010 1230 3069 quod
1270 3010 1356 3053 ista
1388 3007 1638 3052 similitudo
1681 3020 1844 3052 causae
1868 3007 1915 3051 in
1947 3005 2110 3051 effectu
2141 3007 2199 3052 sit

245 3078 394 3122 forma
417 3092 504 3136 qua
538 3078 777 3137 cognoscit
802 3092 988 3122 causam
1016 3092 1121 3121 suus
1149 3076 1351 3130 effectuS,
1378 3076 1493 3120 sicut
1518 3075 1556 3119 si
1580 3089 1681 3119 arca
1702 3074 1890 3118 haberet
1913 3073 2197 3118 intellectum

248 3155 293 3189 et
323 3159 400 3202 per
428 3144 626 3188 formam
654 3159 782 3188 suam
811 3154 1112 3202 cognosceret
1138 3153 1296 3196 artem,
1324 3157 1349 3186 a
1382 3156 1469 3201 qua
1494 3142 1596 3185 talis
1628 3141 1778 3185 forma
1807 3139 1932 3185 velut
1957 3142 2055 3199 ejus
2079 3140 2199 3184 simi-

246 3207 390 3255 litudo
407 3212 641 3270 processit.
657 3210 798 3255 Nullo
823 3221 974 3254 autem
1001 3213 1192 3254 istorum
1218 3209 1461 3253 modorum
1481 3223 1559 3267 per
1577 3207 1788 3252 effectum
1814 3216 1964 3266 potest
1979 3207 2199 3276 cognosci

248 3292 383 3321 causa
411 3278 517 3336 quid
544 3288 624 3331 est,
647 3278 734 3321 nisi
766 3278 822 3321 sit
848 3276 1034 3321 effectus
1062 3289 1225 3320 causae
1253 3276 1543 3334 adaequatus,
1571 3276 1615 3318 in
1640 3287 1730 3333 quo
1752 3283 1848 3318 tota
1865 3274 2009 3317 virtus
2034 3271 2199 3322 causae

249 3345 535 3403 exprimatur.
565 3345 852 3388 Substantiae
877 3354 1028 3387 autern
1055 3350 1287 3400 separatae
1306 3351 1594 3398 cognoscunt
1614 3341 1767 3385 Deum
1783 3353 1863 3399 per
1877 3351 1983 3384 suas
1997 3339 2198 3384 substan-

247 3413 348 3465 tias,
371 3412 486 3456 sicut
512 3425 648 3455 causa
673 3410 966 3472 cognoscitur
986 3423 1066 3468 per
1088 3409 1312 3453 effectum.
1335 3408 1442 3452 Non
1470 3418 1622 3452 autem
1648 3409 1798 3467 primo
1819 3406 1976 3462 modo,
2001 3406 2108 3466 quia
2130 3404 2197 3451 sic

250 3492 410 3522 eorum
438 3468 639 3537 cognitio
668 3488 786 3522 esset
817 3477 1079 3530 discursiva,
1110 3475 1189 3521 sed
1222 3475 1362 3520 modo
1395 3475 1650 3528 secundo,-'
1639 3489 1684 3518 m
1712 3483 1930 3543 quantum
1960 3485 2054 3518 una
2073 3472 2197 3518 videt

250 3545 401 3590 Deum
433 3545 479 3588 in
513 3544 621 3602 alia;
649 3554 692 3590 et
717 3545 859 3589 modo
886 3544 1019 3590 tertio
1050 3543 1096 3590 in
1129 3552 1348 3606 quantum
1381 3541 1607 3605 quaelibet
1638 3554 1807 3589 earum
1827 3538 1949 3589 videt
1970 3538 2122 3589 Deum
2149 3539 2195 3586 in
