2332 3854
750 180 905 219 LIBER
944 180 1021 219 111.
1063 181 1181 220 CAP.
1225 181 1347 220 CLV.
1941 180 2044 236 525

97 283 281 344 quidem
306 297 387 344 per
411 293 612 344 apertam
640 282 879 336 visionem,
897 283 975 327 sed
1003 297 1082 342 per
1097 282 1343 342 quamdam
1362 282 1677 328 certitudinem
1704 283 2048 342 provenientem

96 365 150 401 ex
176 352 456 396 revelatione
482 350 648 394 divina.
679 349 812 402 Quae
839 350 1022 408 quidem
1047 349 1265 394 revelatio
1292 349 1342 394 fit
1367 350 1568 409 quodam
1590 349 1794 394 interiori
1820 359 1864 393 et
1889 349 2050 393 intelli·

97 416 223 478 gibili
247 417 419 461 lumine
445 427 645 461 mentem
674 414 877 459 elevante
906 416 961 459 ad
988 416 1330 475 percipiendum
1356 430 1408 460 ea
1436 417 1491 460 ad
1509 430 1625 475 quae
1647 430 1727 474 per
1748 415 1903 460 lumen
1925 425 2051 459 natu·

95 478 190 528 rale
222 483 478 528 intellectus
516 482 770 542 pertingere
796 495 890 525 non
917 492 1089 540 potest;
1116 483 1231 527 sicut
1258 483 1381 526 enirn
1406 497 1486 541 per
1512 482 1668 526 lumen
1693 481 1899 525 naturale
1924 482 2052 526 intel-

95 549 240 595 lectus
258 550 458 594 redditur
474 550 622 593 certus
638 548 693 592 de
712 547 782 591 his
800 561 915 607 quae
934 547 1107 592 lumine
1126 548 1204 592 illo
1224 549 1476 608 cognoscit,
1489 559 1537 592 ut
1554 549 1610 592 de
1628 548 1785 607 primis
1804 549 2048 607 principiis,

94 611 158 660 ita
183 615 239 660 de
265 617 335 659 his
362 629 477 674 quae
504 613 833 674 supernaturali
866 613 1038 658 lumine
1072 615 1369 673 apprehendit
1395 615 1710 659 certitudinem
1747 615 1896 659 habet.
1923 615 2049 659 Haec

97 676 250 726 autem
278 682 500 727 certitudo
531 681 786 725 necessaria
818 690 886 724 est
916 681 971 724 ad
1003 681 1094 725 hoc
1128 682 1249 739 quod
1284 682 1382 725 aliis
1415 682 1609 739 proponi
1642 682 1818 739 possint
1848 694 1902 725 ea
1933 694 2049 740 quae

95 749 247 793 divina
273 749 549 793 revelatione
567 748 897 807 percipiuntur;
923 762 1016 792 non
1040 749 1162 791 enim
1190 763 1293 792 cum
1322 749 1562 793 securitate
1581 748 1678 792 aliis
1705 747 1975 807 proferimus
1993 748 2049 791 de

94 815 256 875 quibus
281 815 595 859 certitudinem
618 828 711 857 non
730 813 965 857 habemus.
986 813 1107 858 Cum
1131 816 1360 873 praedicto
1390 826 1539 859 autem
1566 815 1739 859 lumine
1766 824 1970 858 mentem
1987 814 2052 858 in-

96 881 232 926 terius
257 880 509 924 illustrante
537 881 698 924 adsunt
726 880 969 939 aliquando
995 881 1041 923 in
1064 881 1214 924 divina
1241 882 1521 925 revelatione
1548 881 1698 940 aliqua
1726 882 1950 925 exteriora
1976 880 2048 924 vel

57 1001 62 1007 ¹
92 948 307 992 interiora
326 947 600 1005 cognitionis
628 947 807 999 auxilia,
830 956 985 1006 utpote
1004 947 1163 1006 aliquis
1190 962 1341 991 sermo
1359 948 1552 992 exterius
1570 947 1836 992 sensibiliter
1857 947 2049 1000 auditus,

94 1015 171 1074 qui
196 1014 347 1058 divina
372 1014 535 1058 virtute
562 1013 796 1067 formetur,
816 1024 892 1057 aut
909 1028 987 1071 per
1003 1014 1379 1071 imaginationem
1397 1015 1584 1058 interius
1611 1015 1714 1058 Deo
1739 1013 1934 1058 faciente
1955 1027 2051 1072 per-

95 1085 264 1145 ceptus,
290 1079 384 1124 sive
411 1081 548 1124 etiam
575 1079 726 1138 aliqua
753 1079 1046 1139 corporaliter
1070 1080 1166 1124 visa
1194 1083 1439 1141 exteriusla
1456 1082 1559 1124 Deo
1586 1080 1796 1133 formata,
1819 1079 1893 1123 vel
1910 1079 2047 1123 etiam

91 1145 278 1191 interius
303 1146 351 1190 in
375 1146 704 1204 imaginatione
722 1146 960 1206 descripta,
988 1160 1039 1189 ex
1054 1147 1215 1205 quibus
1242 1148 1386 1191 homo
1410 1161 1490 1206 per
1515 1146 1670 1191 lumen
1697 1147 1884 1190 interius
1907 1147 2049 1190 menti

91 1210 366 1273 impressum
393 1213 706 1270 cognitionem
734 1213 897 1271 accipit
922 1213 1202 1266 divinorum3
1230 1213 1350 1257 unde
1377 1214 1642 1271 hujusmodi
1669 1213 1837 1257 auxilia
1863 1213 1960 1257 sine
1986 1212 2051 1256 in-

92 1279 248 1325 teriori
271 1278 443 1323 lumine
463 1279 518 1323 ad
537 1279 849 1338 cognitionem
869 1279 1125 1322 divinorum
1143 1293 1236 1323 non
1260 1279 1502 1332 sufficiunt,
1519 1279 1674 1323 lumen
1693 1290 1847 1324 autem
1863 1279 2049 1323 interius

91 1343 257 1391 sufficit
280 1345 379 1390 sine
405 1346 511 1389 istis.
547 1346 671 1390 Haec
705 1355 856 1389 autem
882 1346 1175 1389 invisibilium
1209 1346 1295 1390 Dei
1323 1347 1540 1390 revelatio
1569 1347 1624 1389 ad
1651 1346 1918 1405 sapientiam
1951 1359 2051 1404 per-

91 1413 221 1466 tinet,
236 1426 352 1472 quae
370 1412 550 1489 proprie
572 1421 639 1456 est
657 1412 859 1470 cognitio
878 1412 1158 1466 divinorum;
1180 1422 1223 1456 et
1244 1412 1349 1456 ideo
1368 1413 1530 1456 dicitur
1548 1412 1676 1471 (Sap.
1690 1412 1791 1457 VII.
1805 1424 1875 1470 27.
1894 1421 1939 1456 et
1955 1411 2048 1468 28.)

91 1479 213 1538 quod
239 1478 459 1538 sapientia
478 1478 566 1522 Dei
587 1487 665 1538 per
681 1481 865 1522 nationes
889 1480 933 1521 in
955 1480 1119 1522 animas
1143 1485 1304 1522 sanctas
1322 1493 1360 1523 se
1383 1480 1626 1536 transfert..
1643 1493 1684 1535 .,·
1709 1480 1913 1522 neminem
1939 1479 2050 1522 enim

96 1545 234 1604 diligit
257 1544 389 1599 Deus,
416 1547 497 1589 nisi
526 1559 619 1589 eum
645 1547 717 1602 qui
743 1560 836 1589 cum
867 1546 1072 1603 sapientia
1101 1545 1335 1597 inhabitat;
1370 1554 1415 1588 et
1445 1544 1608 1603 (Eccli.
1635 1545 1735 1588 XV.
1768 1544 1827 1601 5.)
1859 1544 2046 1588 dicitur.

93 1612 292 1671 Implevit
315 1611 435 1655 illum
461 1612 670 1655 Dominus
690 1613 841 1670 spiritu
863 1612 1089 1670 sapientiae
1120 1617 1158 1655 et
1188 1612 1423 1656 intellectus.

183 1677 275 1723 Sed
300 1677 405 1736 quia
426 1678 658 1721 invisibilia
683 1677 800 1721 Dei.
878 1685 988 1736 ‚per
1018 1691 1066 1721 ea
1087 1678 1323 1735 quaefacta
1353 1684 1460 1731 sunt,
1487 1678 1703 1731 intellecta,
1731 1679 2043 1736 conspiciuntur

90 1743 249 1804 (Rom.
274 1743 307 1787 Ι.
336 1744 441 1801 20.),
465 1757 544 1803 per
569 1744 770 1787 divinam
803 1744 995 1802 gratiam
1026 1757 1119 1787 non
1146 1744 1297 1787 solum
1312 1742 1570 1787 revelantur
1595 1745 1859 1788 hominibus
1877 1744 2045 1797 divina,

11 1829 15 1833 ·
90 1811 168 1855 sed
185 1810 322 1855 etiam
341 1809 490 1869 aliqua
507 1810 562 1854 de
588 1810 720 1853 rebus
740 1811 925 1864 creatis3
958 1810 1080 1868 quod
1108 1810 1162 1853 ad
1189 1810 1427 1854 scientiam
1454 1810 1677 1867 pertinere
1702 1811 1902 1864 videtur3
1925 1810 2045 1854 unde

91 1876 260 1922 dicitur*
279 1872 408 1936 (Sap.
436 1876 538 1922 VII.
577 1876 690 1934 17.):
728 1877 818 1936 Ipse
849 1876 958 1920 dedit
987 1877 1092 1919 mihi
1118 1877 1267 1920 horum
1299 1890 1403 1935 quae
1437 1882 1531 1921 sunt
1563 1878 1778 1921 scientiam
1803 1891 1966 1931 veram,
2001 1879 2049 1921 ut

90 1946 220 1989 sciam
236 1935 543 2002 dispositionem
567 1944 677 1987 orbis
694 1949 905 1987 terrarum
921 1949 959 1987 e't
973 1945 1147 1987 virtutes
1164 1944 1454 1987 elementorum
1462 1959 1480 1992 ,·
1499 1952 1543 1986 et
1568 1943 1644 2001 (II.
1665 1942 1860 2001 Paralip.
1885 1943 1918 1987 1.
1958 1943 2045 2000 12.)

90 2010 320 2055 Dominus
345 2009 455 2053 dixit
480 2009 536 2052 ad
565 2009 892 2054 Salomonem:
918 2010 1131 2068 Sapientia
1154 2016 1190 2054 et
1208 2011 1381 2054 scientia
1413 2010 1511 2053 data
1541 2016 1635 2053 sunt
1667 2011 1756 2053 tibi.

179 2076 244 2120 Ea
275 2089 384 2120 vero
411 2089 526 2135 quae
551 2076 696 2120 homo
714 2076 954 2134 cognoscit
977 2076 1024 2119 in
1049 2076 1263 2120 notitiam
1288 2075 1470 2120 alterius
1496 2076 1744 2135 procedere
1771 2076 2048 2120 convenien-

91 2153 159 2188 ter
183 2156 277 2187 non
310 2152 460 2202 potest
489 2143 576 2186 nisi
601 2157 681 2202 per
705 2157 980 2186 sermonem.
1013 2143 1135 2195 Quia
1162 2143 1298 2201 igitur
1329 2143 1393 2186 illi
1421 2143 1498 2201 qui
1524 2157 1549 2186 a
1575 2144 1677 2186 Deo
1719 2142 2046 2186 revelationem

93 2209 333 2269 accipiunt,
356 2209 608 2253 secundum
641 2209 847 2253 ordinem
876 2209 1087 2252 divinitus
1124 2210 1391 2263 institutum,
1420 2209 1596 2269 aliquos
1621 2210 1842 2253 instruere
1869 2210 2047 2265 debent,

90 2277 398 2320 necessarium
423 2274 506 2319 fuit
531 2286 579 2319 ut
610 2275 747 2319 etiam
774 2275 844 2319 his
872 2275 1016 2332 gratia
1051 2275 1296 2319 locutionis
1314 2275 1508 2328 daretur,
1535 2276 1786 2319 secundum
1815 2276 1937 2334 quod
1962 2276 2048 2320 exi·
2102 2329 2108 2332 η

93 2352 220 2400 geret
241 2341 414 2386 utilitas
441 2354 601 2385 eorum
624 2342 700 2400 qui
726 2350 853 2385 erant
878 2342 1141 2385 instruendi.
1171 2342 1304 2386 Unde
1331 2342 1494 2386 dicitur
1512 2343 1619 2400 (Isa.
1649 2342 1699 2386 L.
1726 2342 1814 2398 4.):
1838 2344 2048 2387 Dominus

91 2408 200 2454 dedit
229 2409 335 2452 mihi
362 2408 547 2466 linguam
573 2407 796 2462 eruditam,
829 2413 876 2452 ut
907 2410 1038 2452 sciam
1069 2415 1294 2453 sustentare
1319 2423 1428 2463 eum,
1461 2410 1532 2467 qui
1564 2410 1700 2467 lapsus
1721 2416 1791 2463 est,
1811 2411 1967 2461 verbo;
2003 2419 2047 2453 et

91 2473 320 2519 Dominus
346 2473 576 2533 discipulis
595 2475 702 2518 dicit
719 2474 851 2532 (Luc.
880 2474 1000 2518 XXI.
1030 2474 1139 2532 15.):
1167 2476 1256 2534 Ego
1279 2475 1384 2520 dabo
1409 2477 1528 2520 vobis
1559 2490 1600 2520 os
1621 2483 1660 2520 et
1689 2479 1950 2535 saffientiam,
1978 2478 2047 2521 cui

91 2555 174 2585 non
193 2546 392 2600 poterunt
415 2542 612 2594 resistere,
645 2547 683 2585 et
707 2541 986 2586 contradicere
1019 2556 1156 2586 omnes
1176 2542 1418 2586 'adversarii
1453 2545 1594 2588 vestri.
1627 2543 1761 2587 Unde
1793 2553 1838 2587 et
1862 2553 2046 2603 propter

91 2607 198 2660 hoc,
224 2608 366 2651 etiam
402 2607 584 2665 quando
623 2608 824 2666 oportuit
861 2622 942 2666 per
973 2622 1144 2666 paucos
1175 2609 1388 2652 virtutem
1414 2609 1517 2653 fidei
1543 2610 1588 2651 in
1626 2610 1812 2653 diversis
1838 2611 2045 2668 gentibus

93 2673 357 2732 praedicari,
374 2673 579 2717 instructi
597 2684 702 2717 sunt
726 2675 911 2732 quidam
936 2675 1148 2718 divinitus
1174 2684 1223 2718 ut
1247 2674 1414 2733 linguis
1446 2676 1582 2718 variis
1607 2675 1914 2734 loquerentur,
1931 2678 2046 2721 sicut

92 2740 254 2784 dicitur
279 2739 405 2798 (Act.
427 2739 482 2782 II.
509 2740 597 2796 4.):
622 2740 777 2798 Repleti
801 2747 897 2785 sunt
921 2755 1058 2784 omnes
1082 2742 1242 2799 Spiritu
1271 2742 1439 2795 Sancte,
1462 2747 1500 2786 et
1521 2749 1743 2800 coeperunt
1768 2743 1881 2801 loqui
1911 2746 2045 2788 variis

92 2807 261 2866 linguis,
289 2812 416 2865 prout
441 2806 620 2865 Spiritus
643 2807 819 2851 Sanctus
843 2807 971 2852 dabat
1000 2808 1136 2867 eloqui
1165 2808 1260 2852 illis.

182 2872 288 2927 Sed,
322 2872 426 2930 quia
461 2885 615 2916 sermo
655 2875 914 2931 propositus
941 2873 1288 2918 confirmatione
1311 2874 1483 2932 indiget
1509 2875 1563 2918 ad
1591 2875 1680 2919 hoc
1709 2875 1831 2934 quod
1856 2875 2045 2935 recipia-

92 2949 178 2993 tur,
205 2938 292 2982 nisi
307 2938 366 2982 sit
381 2952 461 2997 per
477 2951 525 2982 se
552 2938 831 2992 manifestus,
851 2953 903 2983 ea
930 2949 1084 2984 autem
1110 2954 1226 2999 quae
1253 2950 1357 2985 sunt
1371 2941 1477 2985 fidei
1503 2951 1608 2985 sunt
1632 2942 1862 2986 humanae
1879 2943 2045 2987 rationi

92 3003 414 3057 immanifesta,
432 3005 740 3049 necessarium
760 3004 844 3049 fuit
870 3006 1038 3064 aliquid
1057 3006 1256 3050 adhiberi
1275 3020 1366 3065 quo
1385 3007 1729 3051 confirmaretur
1754 3020 1906 3053 sermo
1923 3022 2047 3067 prae-

91 3070 341 3115 dicantium
362 3069 514 3114 fidem.
540 3071 647 3115 Non
675 3081 826 3115 autem
854 3072 1115 3116 confirmari
1136 3083 1314 3130 poterat
1339 3087 1419 3131 pet·
1437 3074 1587 3132 aliqua
1613 3074 1834 3132 principia
1853 3076 2044 3120 rationis

90 3150 170 3195 per
180 3136 369 3180 modum
382 3136 794 3192 demonstrationis,
815 3152 955 3197 quum
970 3153 1023 3182 ea
1036 3153 1151 3198 quae
1169 3148 1272 3183 sunt
1285 3139 1388 3184 fidei
1405 3141 1630 3184 rationem
1648 3141 1879 3186 excedant.
1898 3141 2046 3201 Opor-

90 3203 174 3247 tuit
216 3202 353 3261 igitur
391 3201 613 3262 aliquibus
654 3204 830 3248 indiciis
873 3204 1135 3249 confirmari
1176 3206 1534 3264 praedicantium
1572 3220 1850 3260 sermonem,
1883 3207 2042 3266 quibus

90 3267 328 3313 manifeste
355 3269 668 3313 ostenderetur
698 3270 962 3328 huiusmodi
997 3285 1258 3318 ser-monem
1286 3274 1561 3331 processisse
1584 3286 1609 3316 a
1636 3274 1752 3326 Deo,
1779 3274 1887 3317 dum
1921 3289 2045 3333 prae·

90 3335 291 3380 dicantes
308 3335 416 3380 talia
442 3347 749 3394 operarentur,
767 3338 970 3382 sanando
993 3338 1213 3392 infirmos,
1241 3349 1283 3383 et
1303 3339 1413 3383 alias
1439 3340 1624 3383 virtutes
1652 3341 1900 3398 operando,
1927 3354 2042 3399 quae

89 3415 184 3447 non
205 3404 348 3461 possit
372 3401 522 3446 facere
549 3402 664 3447 alius
689 3403 774 3447 nisi
805 3404 945 3449 Deus.
980 3405 1114 3449 Unde
1141 3405 1384 3458 Dominus,
1417 3405 1663 3464 discipulos
1700 3406 1756 3449 ad
1782 3407 2042 3465 praedican-

90 3468 423 3522 dum’mittens,
449 3469 559 3513 dixit
579 3469 761 3527 (Matth.
793 3470 849 3514 X.
877 3471 960 3529 8.):
993 3471 1190 3530 Infirmos
1221 3478 1376 3526 curate,
1415 3478 1601 3516 mortuos
1629 3474 1833 3526 suscitate,
1867 3474 2043 3533 leprosos

90 3534 298 3590 mundate,
330 3534 544 3581 daemones
575 3535 738 3595 ejicite,·
779 3545 824 3581 et
855 3537 1019 3582 dicitur
1053 3538 1217 3596 (Marc.
1255 3537 1378 3582 XVI.
1413 3539 1529 3595 20.):
1570 3539 1642 3584 Illi
1677 3545 1812 3584 autem
1843 3541 2040 3600 profecti,
