2332 3854
765 195 922 236 LIBER
959 195 1016 235 11.
1059 195 1180 235 CAP.
1221 194 1411 233 XXVIII.
1971 194 2071 250 147

73 298 94 350 ’ζ’
137 326 144 329 -ι
156 298 438 359 Amplius:
461 300 510 344 in
536 298 741 376 quolibet
765 313 947 359 genere,
973 298 1095 359 quod
1122 307 1190 345 est
1213 307 1399 358 propter
1425 310 1488 352 se,
1513 305 1583 343 est
1613 298 1735 355 prius
1761 310 1817 341 eo
1843 296 1967 356 quod
2005 306 2075 342 est

75 365 295 430 Ξρειιριει
324 366 461 411 aliud.
485 365 604 410 Illud
628 365 765 425 igitur
791 366 914 425 quod
940 376 1008 411 est
1033 366 1232 425 primum
1258 364 1523 424 simpliciter
1546 363 1666 409 inter
1703 377 1866 409 ornnes
1897 377 2073 418 causas,

66 432 193 487 ’,αὶ
200 447 339 479 causa
362 442 548 493 propter
571 432 773 492 seipsum
793 442 985 477 tanturn.
1015 432 1161 485 Quod
1184 442 1338 478 autem
1361 431 1455 490 agit
1479 444 1536 476 ex
1561 430 1714 476 debito
1740 430 1950 489 justitiae,
1978 444 2073 475 non

111 498 207 562 agit
228 510 412 560 propter
434 501 636 559 seipsum
660 509 863 544 tantum:
888 500 981 558 agit
1006 500 1131 545 enim
1155 509 1339 579 propter
1363 497 1476 544 illud
1498 498 1574 543 cui
1595 497 1741 543 debet.
1768 498 1896 542 Deus
1921 498 2073 556 igitur,
2118 494 2122 500 ’

60 560 222 625 ,fusa
242 567 302 612 sit
323 567 470 627 prima
502 580 653 622 causa,
679 575 724 611 et
748 566 949 621 primurn
977 580 1115 625 agens
1142 580 1213 611 res
1240 568 1286 611 in
1313 579 1411 612 esse
1452 579 1548 610 non
1580 564 1792 624 produxit
1832 579 1887 610 ex
1920 565 2071 609 debito

67 640 91 693 ’,ᾗ
109 633 320 695 imflae.

155 700 320 746 *Hinc
345 710 413 747 est
437 700 559 761 quod
586 701 743 758 (Rom.
769 701 848 745 XI.
878 714 946 759 35.
973 710 1017 745 et
1047 700 1136 759 36.)
1163 700 1348 746 dicitur:
1378 701 1485 758 Quis
1500 701 1627 760 prior
1652 699 1768 745 dedit
1797 698 1863 746 illi
1888 705 1924 743 et
1949 700 2072 744 retri-

60 772 83 822 {j}
110 769 260 814 binam
279 769 348 814 ei?
372 769 571 827 quoniam
595 782 645 813 ex
668 770 774 828 ipso,
797 775 837 813 et
848 775 928 826 per
944 769 1091 827 ipsum,
1112 775 1151 812 et
1167 769 1211 811 in
1227 768 1315 826 ipso
1340 774 1436 812 sunt
1450 769 1592 812 omnia
1603 782 1620 820 ,⁶
1647 776 1693 814 et
1720 765 1825 825 (Job
1856 765 1974 812 XLI.
1995 766 2072 822 2.):

51 831 87 871 ἓ
113 835 221 893 Quis
250 835 536 881 autemdedit
557 835 675 889 mihi,
698 839 743 879 ut
772 834 942 879 reddam
974 836 1044 879 ei?
1075 835 1218 878 omnia
1243 848 1347 892 quae
1367 836 1440 879 sub
1462 835 1570 879 coelo
1594 840 1703 889 sunt,
1730 847 1822 879 mea
1845 839 1952 878 sunt.

55 894 66 949 J·
198 901 288 947 Per
309 901 401 947 hoc
424 910 575 947 autem
602 901 854 946 excluditur
878 914 1004 946 error
1030 900 1334 960 quorumdam
1357 901 1491 958 (Rab.
1513 902 1663 960 Moys.
1678 945 1683 950 ,
1701 901 1777 946 lib.
1803 900 1884 944 ΙΙΙ.
1904 914 1943 945 c.
1967 900 2074 957 18.),

54 994 74 1033 ,⁷
109 967 303 1030 probare
327 968 584 1023 nitentium,
616 968 739 1028 quod
770 969 896 1012 Deus
928 981 1022 1011 non
1048 976 1198 1026 potest
1227 966 1377 1011 facere
1410 968 1497 1012 nisi
1529 968 1652 1027 quod
1685 967 1806 1023 facit,
1840 967 1947 1027 quia
1976 981 2072 1012 non

49 1056 65 1094 j
109 1044 262 1097 potest
290 1033 441 1080 facere
471 1035 560 1080 nisi
590 1035 713 1095 quod
739 1034 894 1080 debet:
921 1048 1016 1078 non
1049 1034 1171 1079 enirn
1197 1048 1251 1078 ex
1269 1034 1421 1079 debito
1447 1035 1642 1093 justitiae
1668 1049 1738 1080 res
1765 1044 1992 1095 operatur,
2024 1044 2073 1079 ut

58 1123 87 1160 ῃ·
110 1114 246 1161 supra
271 1111 507 1146 ostensum
533 1111 614 1147 est.

50 1162 82 1222 ζμ
199 1167 330 1213 Licet
354 1178 508 1213 autem
539 1168 843 1213 universalem
874 1182 1027 1213 rerum
1058 1168 1412 1228 productionem
1437 1168 1551 1213 nihil
1586 1179 1788 1214 creatum
1814 1169 2072 1228 praecedat,

54 1267 63 1297 3
110 1233 187 1284 eui
210 1233 380 1295 aliquid
403 1235 606 1285 debitum
633 1250 732 1282 esse
761 1236 920 1295 possit,
940 1235 1172 1294 praecedit
1195 1245 1352 1281 tamen
1379 1234 1548 1295 aliquid
1570 1236 1838 1293 increatum,
1858 1236 1980 1295 quod
2004 1247 2072 1282 est

54 1296 71 1362 .ss
110 1301 355 1349 creationis
378 1301 667 1362 principium.
687 1302 828 1356 Quod
851 1302 1035 1362 quidem
1062 1302 1301 1361 dupliciter
1328 1302 1606 1348 considerari
1623 1313 1788 1363 potest.
1814 1302 1918 1363 Ipsa
1945 1304 2069 1348 enirn

56 1378 65 1416 ῖ
108 1366 263 1415 divina
277 1368 458 1414 bonitas
475 1369 706 1429 praecedit
720 1380 769 1414 ut
785 1369 901 1423 finis,
924 1379 969 1415 et
992 1369 1191 1428 primum
1207 1370 1435 1414 motivum
1453 1370 1510 1414 ad
1529 1370 1790 1424 creandum,
1817 1371 2072 1415 secundum

98 1435 419 1495 'Augustinum
444 1437 522 1496 qui
546 1436 656 1482 dicit
679 1437 773 1494 (De
797 1437 944 1481 verbis
973 1436 1166 1495 apostol.
1185 1446 1320 1481 serm'.
1352 1438 1462 1496 13.):
1493 1451 1517 1479 «
1537 1437 1660 1489 Quia
1676 1437 1803 1482 Deus
1819 1438 1966 1482 bonus
1988 1448 2072 1492 est,

63 1499 268 1550 {sumus
289 1519 343 1559 »3
367 1503 556 1548 scientia
582 1514 735 1548 autem
762 1506 872 1562 ejus,
900 1513 944 1548 et
969 1502 1180 1548 voluntas
1206 1504 1485 1562 praecedunt
1510 1504 1627 1548 sicut
1653 1518 1706 1548 ea
1732 1504 1894 1564 quibus
1920 1519 1992 1549 res
2024 1505 2071 1549 in

110 1574 212 1616 &ee
235 1569 560 1629 producuntur.
585 1570 634 1615 Si
658 1571 796 1630 igitur
812 1570 960 1630 ipsam
987 1570 1190 1614 divinam
1210 1571 1463 1615 bonitatem
1482 1570 1689 1615 absolute
1712 1571 2072 1626 consideremus,

59 1669 81 1698 4
110 1635 290 1683 nullum
316 1637 517 1682 debitum
542 1638 590 1681 in
616 1637 847 1682 creatione
872 1651 1026 1681 rerum
1050 1637 1323 1682 invenimus.
1349 1638 1529 1682 Dicitur
1555 1638 1680 1682 enim
1706 1652 1799 1682 uno
1827 1638 1969 1683 modo
1997 1638 2074 1683 ali·

60 1700 97 1758 ’Ῐζς
112 1703 219 1764 quid
243 1703 388 1749 alicui
418 1704 648 1758 debitum;
680 1719 735 1749 ex
767 1704 926 1749 ordine
959 1703 1142 1748 alterius
1180 1704 1235 1748 ad
1270 1705 1436 1763 ipsum,
1473 1705 1597 1764 quod
1631 1705 1807 1750 scilicet
1837 1705 1885 1749 in
1921 1706 2072 1765 ipsum

113 1771 246 1816 debet
269 1770 436 1816 referre
462 1771 585 1831 quod
613 1771 666 1815 ab
692 1771 793 1831 ipso
821 1771 1007 1829 accipit:
1032 1771 1149 1815 sicut
1174 1771 1378 1815 debitum
1406 1781 1472 1816 est
1496 1771 1778 1817 benefactori
1799 1771 1921 1831 quod
1948 1772 1991 1817 ei
2016 1773 2072 1817 de
2143 1781 2146 1784 ⁴

56 1836 93 1876 J
110 1837 343 1883 beneficiis
369 1838 541 1898 gratiae
568 1847 772 1897 agantur,
790 1839 837 1881 in
855 1847 1075 1897 quantum
1100 1837 1178 1882 ille
1201 1838 1279 1897 qui
1305 1838 1481 1897 accepit
1507 1838 1796 1893 beneficium,
1817 1839 1907 1883 hoc
1935 1839 1977 1883 ei
2002 1840 2074 1883 de-

71 1905 85 1936 s
111 1905 200 1950 bet.
226 1905 313 1950 Hic
339 1915 494 1950 tamen
519 1906 685 1949 modus
710 1905 848 1950 debiti
874 1905 918 1948 in
945 1918 1097 1949 rerum
1124 1905 1355 1949 creatione
1377 1904 1534 1949 locum
1559 1911 1655 1949 non
1679 1906 1834 1960 habet,
1852 1921 1958 1950 cum
1978 1921 2072 1951 non

60 2008 74 2032 4
110 1973 169 2018 sit
183 1970 352 2032 aliquid
373 1973 702 2032 praeexsistens
728 1973 803 2016 cui
819 1981 974 2031 posset
995 1982 1257 2031 competere
1277 1971 1444 2031 aliquid
1456 1972 1560 2016 Deo
1583 1972 1760 2027 debere,
1777 1987 1864 2019 nec
1883 1973 2069 2032 aliquod

60 2035 80 2093 „J
113 2041 211 2100 ejus
234 2038 509 2085 beneficium
530 2040 835 2098 praeexsistat.
850 2038 959 2083 Alio
982 2039 1124 2083 modo
1148 2038 1310 2083 dicitur
1332 2038 1501 2097 aliquid
1529 2038 1665 2083 alicui
1690 2039 1892 2084 debiturn
1918 2054 2075 2084 secun-

8 2157 10 2169 1
110 2106 222 2152 dum
246 2120 317 2151 se:
333 2106 425 2151 hoc
442 2107 651 2163 enimfest
669 2119 728 2151 ex
742 2106 1012 2151 necessitate
1030 2105 1166 2150 alicui
1183 2106 1385 2150 debitum
1404 2105 1527 2165 quod
1550 2107 1606 2150 ad
1625 2108 1720 2165 ejus
1738 2106 2071 2166 perfectionem

7 2172 10 2203 f
63 2182 81 2235 ·{
109 2174 372 2234 requiritur;
397 2171 515 2218 sicut
537 2173 718 2218 homini
742 2173 945 2218 debitum
978 2182 1046 2218 est
1063 2173 1244 2217 habere
1270 2187 1447 2227 manus,
1476 2173 1550 2217 vel
1580 2174 1809 2230 virtutem,
1841 2174 1947 2233 quia
1974 2174 2072 2219 sine

78 2239 87 2274 75
110 2240 185 2287 his'
208 2240 444 2301 perfectus
460 2254 559 2285 esse
582 2254 676 2285 non
693 2250 856 2300 potest.
872 2240 1040 2284 Divina
1059 2250 1211 2285 autem
1228 2241 1409 2285 bonitas
1432 2240 1561 2286 nullo
1585 2242 1798 2286 exteriori
1822 2243 1997 2302 indiget
2017 2243 2074 2287 ad

70 2308 182 2375 3⁸34}
204 2306 556 2370 perfectionem:
581 2322 675 2352 non
710 2317 776 2353 est
811 2308 948 2367 igitur
984 2321 1064 2367 per
1099 2307 1291 2352 modurn
1329 2308 1611 2353 necessitatis
1649 2309 1691 2353 ei
1727 2309 1878 2354 debita
1904 2320 2075 2355 creatu-

67 2376 273 2424 ἤτω
293 2375 546 2434 productio.
956 2406 962 2409 .

160 2441 393 2487 Adhuc.
411 2442 538 2487 Deus
554 2456 636 2487 sua
653 2441 888 2487 voluntate
906 2456 978 2487 res
995 2442 1041 2486 in
1059 2456 1158 2487 esse
1175 2442 1401 2502 produxit,
1419 2453 1468 2487 ut
1492 2457 1628 2503 supra
1644 2444 1705 2501 (c.
1725 2445 1817 2502 27.)
1837 2454 2071 2489 ostensum

70 2500 192 2560 έέἐ.
216 2508 326 2553 Νοιι
358 2518 426 2554 est
458 2518 612 2554 autem
643 2509 970 2565 necessarium,
1003 2509 1041 2553 si
1070 2509 1198 2554 Deus
1229 2523 1360 2554 suam
1392 2510 1645 2555 bonitatem
1677 2512 1773 2555 vult
1805 2525 1917 2565 esse,
1950 2512 2076 2571 quod

65 2566 223 2621 stht
248 2575 337 2620 alia
363 2589 388 2620 a
404 2589 453 2620 se
478 2577 694 2635 produci3
720 2576 855 2634 hujus
872 2577 995 2621 enirn
1014 2576 1335 2621 conditionalis
1359 2578 1631 2622 antecedens
1659 2588 1727 2623 est
1749 2579 2074 2633 necessarium,

68 2644 208 2703 ,8311
230 2649 383 2687 autem
416 2656 725 2703 consequens:
760 2653 996 2688 ostensum
1018 2653 1086 2688 est
1111 2644 1234 2688 enim
1260 2644 1307 2687 in
1329 2644 1479 2703 primo
1507 2645 1571 2701 (c.
1590 2645 1660 2689 80.
1663 2645 1698 2701 )‚
1722 2645 1845 2703 quod
1865 2645 1992 2690 Deus
2018 2659 2075 2689 ex

70 2706 381 2762 Wesmtate
410 2708 509 2755 vult
539 2724 669 2754 suam
710 2710 965 2755 bonitatem
996 2724 1108 2766 esse,
1140 2725 1235 2754 non
1268 2722 1422 2755 autem
1455 2725 1510 2755 ex
1540 2711 1809 2756 necessitate
1840 2711 1939 2756 vult
1970 2711 2071 2756 alia.

281 2789 375 2820 non
398 2790 454 2821 ex
483 2777 752 2821 necessitate
789 2778 976 2822 debetur
1001 2777 1181 2822 divinae
1207 2777 1397 2821 bonitati
1425 2787 1733 2822 creaturarum
1759 2778 2013 2837 productio.

156 2842 436 2902 Amplius.
463 2853 699 2888 ostensum
724 2853 792 2888 est
817 2845 878 2901 (c.
906 2856 975 2903 23.
990 2842 1060 2888 26.
1079 2854 1124 2888 et
1152 2856 1221 2901 27.
1225 2843 1262 2901 ),
1288 2845 1411 2903 quod
1436 2845 1563 2889 Deus
1581 2845 1792 2904 producit
1807 2859 1878 2891 res
1895 2846 1942 2889 in
1959 2860 2075 2901 esse,

189 2919 287 2954 :iex
307 2912 581 2955 necessitate
605 2920 808 2965 naturae,
833 2925 982 2970 neque
1009 2924 1063 2955 ex
1087 2911 1356 2955 necessitate
1382 2913 1614 2965 scientiae,
1641 2925 1788 2970 neque
1810 2912 2073 2967 voluntatis,

77 2981 262 3036 neque
285 2976 495 3054 iustitiae.
522 2976 663 3022 Nullo
689 2978 827 3037 igitur
851 2978 995 3022 modo
1027 2978 1308 3022 necessitatis
1330 2978 1509 3022 divinae
1535 2979 1748 3024 bonitatis
1775 2991 1843 3024 est
1869 2980 2071 3025 debitum

70 3043 238 3106 qnod
261 3056 334 3088 res
358 3044 406 3088 in
431 3057 529 3088 esse
555 3045 875 3104 producantur.

171 3109 361 3172 Potest
382 3120 539 3155 tamen
564 3111 654 3156 dici
680 3125 778 3156 esse
804 3112 888 3156 sibi
913 3111 1116 3156 debiturn
1142 3126 1221 3171 per
1246 3112 1437 3157 modum
1465 3114 1701 3172 cujusdam
1730 3114 2071 3160 condecentiae.

84 3167 284 3236 §muna
295 3187 449 3222 autem
466 3177 646 3237 proprie
663 3178 783 3223 dicta
801 3179 1001 3223 debitum
1018 3179 1300 3224 necessitatis
1317 3181 1524 3239 requirit;
1552 3181 1674 3239 quod
1696 3180 1818 3224 enim
1833 3195 1887 3225 ex
1903 3181 2074 3239 iustitia

73 3240 261 3291 ὦσαι
275 3243 488 3299 redditur,
514 3258 570 3289 ex
593 3246 860 3290 necessitate
887 3248 994 3304 juris
1021 3247 1063 3291 ei
1090 3246 1290 3291 debetur.
1320 3247 1448 3291 Sicut
1472 3247 1610 3305 igitur
1637 3258 1946 3292 creaturarum
1972 3262 2072 3308 pro-

84 3303 275 3359 ὤίκιιο
293 3324 389 3355 non
413 3304 564 3371 potest
588 3312 678 3356 dici
701 3312 839 3357 fuisse
866 3327 920 3357 ex
951 3313 1103 3358 debito
1137 3314 1347 3372 justitiae,
1381 3328 1470 3372 qua
1501 3315 1627 3358 Deus
1654 3324 1891 3359 creaturae
1914 3316 1971 3360 sit
1995 3315 2072 3361 de-

84 3372 246 3433 &itur
270 3377 334 3423 ita
358 3392 444 3423 nec
469 3391 524 3423 ex
548 3377 627 3423 tali
653 3379 850 3438 justitiae
871 3379 1038 3434 debito,
1066 3394 1157 3439 quo
1185 3395 1293 3425 suae
1324 3381 1516 3425 bonitati
1542 3381 1599 3425 sit
1624 3381 1815 3436 debitor,
1841 3382 1878 3426 si
1902 3382 2072 3442 justitia

104 3443 295 3506 ιφορι-ιε
311 3444 573 3504 accipiatur
589 3445 738 3504 Large
754 3456 909 3491 tamen
930 3447 1099 3506 justitia
1117 3458 1303 3506 accepta
1329 3456 1479 3506 potest
1504 3447 1620 3491 dici
1609 3462 1656 3491 ιιι
1674 3448 1902 3494 creatione
1920 3463 2072 3495 rerum

83 3508 298 3571 justina
322 3512 368 3556 ιιι
394 3521 615 3570 quantum
639 3512 843 3558 divinam
869 3514 1093 3558 condecet
1117 3513 1382 3559 bonitatem.

74 3590 131 3614 a
206 3576 258 3623 si
286 3591 395 3623 vero
427 3577 628 3623 divinam
660 3578 1005 3639 dispositionem
1038 3580 1394 3636 consideremus,
1427 3582 1662 3641 quomodo
1694 3583 1820 3630 Deus
1851 3583 2074 3644 disposuit
