2332 3854
246 265 363 333 326
916 275 1071 314 Lmen
1111 273 1187 313 111.
1230 275 1349 314 cap,
1391 275 1558 313 xxvu.

255 377 432 438 pliciter
458 386 671 436 sequatur
698 376 752 420 ad
771 375 1059 434 simpliciter;
1086 376 1203 420 sicut
1221 374 1419 421 calidum
1436 375 1657 431 calefacit,
1675 376 1822 435 magis
1849 376 2051 421 calidum
2064 373 2217 437 magis

257 443 479 497 calefacit,
506 455 550 488 et
567 444 766 487 maxime
785 442 981 486 calidum
1005 443 1204 486 maxime
1223 441 1471 486 calefaciet.
1501 443 1549 487 Si
1573 443 1711 503 igitur
1736 442 2062 488 delectationes
2082 447 2215 503 prae·-

255 512 424 557 missae
453 521 602 555 essent
628 509 879 554 secundum
908 524 955 553 se
980 509 1143 563 bonae,
1177 515 1409 568 oporteret
1426 510 1547 569 quod
1566 511 1765 554 maxime
1783 510 1845 554 uti
1863 510 1927 555 eis
1959 515 2079 555 esset
2103 510 2215 571 opfi-

258 594 399 623 mum.
436 579 536 622 Hoc
565 588 716 621 autem
745 587 867 635 patet
900 591 998 620 esse
1025 575 1215 631 falsum3
1241 590 1350 620 nam
1375 577 1542 621 nimius
1581 591 1687 621 usus
1720 589 1881 621 eorum
1907 583 2139 635 reputatur
2166 578 2214 622 Μ

256 647 431 698 vitium,
461 656 503 689 et
531 656 596 688 est
623 645 760 688 etiam
788 644 970 702 corpori
1001 645 1178 697 noxius,
1212 654 1255 688 et
1285 643 1504 688 similium
1530 643 1887 688 delectationum
1912 643 2213 703 impeditivus.

258 713 365 756 Non
393 722 497 756 sunt
522 712 658 769 igitur
683 725 762 769 per
788 725 836 754 se
862 711 1035 754 bonum
1067 711 1283 754 hominis.
1317 710 1368 754 In
1404 711 1468 755 eis
1495 711 1631 768 igitur
1656 724 1750 754 non
1777 710 1983 754 consistit
2013 710 2214 756 humana

258 778 461 823 felicitas.
1275 797 1278 799 ·

345 846 607 888 Praeterea:
637 854 762 888 actus
781 845 998 888 virtutum
1016 854 1120 888 sunt
1144 843 1393 888 laudabiles
1420 858 1474 888 ex
1501 843 1591 887 hoc
1619 843 1742 902 quod
1775 843 1831 887 ad
1856 842 2118 888 felicitatem
2146 849 2216 888 ¹or-

260 912 482 955 dinantur.
513 911 559 954 Si
578 911 715 969 igitur
746 911 791 954 in
809 910 1185 955 delectationibus
1211 913 1469 970 praemissis
1483 910 1754 967 *consisteret
1785 910 1989 956 humana
2008 909 2214 965 felicitas,

260 989 385 1022 actus
409 977 584 1021 virtutis
612 978 758 1036 magis
781 987 899 1022 esset
923 977 1162 1022 laudabilis
1186 978 1234 1022 in
1261 977 1523 1024 accedendo
1551 976 1606 1022 ad
1632 977 1714 1023 has
1732 975 2059 1022 delectationes
2077 991 2213 1036 quam

257 1046 303 1088 in
331 1044 599 1088 abstinendo
633 1045 686 1087 ab
715 1044 792 1088 eis.
821 1044 923 1088 Hoc
949 1054 1099 1088 autem
1122 1054 1246 1103 patet
1272 1058 1369 1088 esse
1396 1042 1581 1098 falsum;
1609 1058 1718 1086 nam
1746 1053 1871 1088 actus
1887 1043 2213 1102 temperantiae

260 1113 458 1156 maxime
481 1111 690 1155 laudatur
715 1112 761 1155 in
789 1112 1055 1156 abstinendo
1084 1126 1109 1155 a
1135 1111 1527 1165 delectationibus,
1548 1111 1667 1155 unde
1691 1111 1743 1154 ab
1761 1111 1853 1155 hoc
1879 1111 2212 1156 denominatur.

258 1180 366 1224 Non
394 1188 460 1223 est
486 1179 621 1237 igitur
651 1179 697 1222 in
725 1178 1103 1226 delectationibus
1128 1178 1388 1238 praemissis
1419 1178 1620 1222 hominis
1651 1177 1858 1222 felicitas.

346 1245 580 1304 Amplius:
608 1243 709 1289 finis
736 1243 923 1289 ultimus
966 1244 1202 1304 cujuslibet
1238 1245 1303 1289 rei
1328 1244 1455 1288 Deus
1482 1254 1562 1298 est,
1590 1254 1639 1288 ut
1664 1257 1717 1288 ex
1749 1243 2008 1303 praemissis
2034 1243 2094 1302 (c.
2127 1243 2214 1300 18.)

256 1323 392 1372 patet.
419 1312 535 1356 Illud
560 1312 698 1370 igitur
714 1321 895 1370 oportet
920 1311 1133 1356 ultimum
1160 1311 1298 1356 finem
1324 1311 1527 1355 hominis
1549 1311 1659 1369 poni
1684 1325 1764 1369 per
1782 1310 1904 1370 quod
1926 1311 2126 1355 maxime
2141 1317 2216 1370 ἕρ·

256 1381 528 1439 propinquat
555 1379 609 1422 ad
637 1379 803 1422 Deum.
832 1380 918 1423 Per
939 1380 1191 1438 praedictas
1216 1389 1367 1422 autem
1396 1377 1722 1422 delectationes
1757 1377 1902 1421 homo
1929 1377 2215 1436 impeditura

257 1447 458 1490 maxima
492 1446 931 1506 appropinquatione
959 1445 1014 1488 ad
1042 1440 1209 1499 Deum,
1252 1459 1368 1504 quae
1394 1445 1444 1488 fit
1479 1452 1557 1503 per
1590 1438 2043 1502 contemplationem,
2074 1448 2214 1504 quam

254 1514 453 1558 maxime
480 1513 738 1573 praedictae
756 1513 1081 1557 delectationes
1104 1513 1371 1572 impediunt,
1398 1522 1554 1572 utpote
1581 1512 1637 1556 ad
1658 1512 1890 1557 sensibilia
1912 1514 2116 1558 maxime
2137 1512 2218 1556 lio·

255 1581 430 1625 minem
457 1581 796 1639 immergentes,
825 1590 868 1624 et
893 1595 973 1639 per
1000 1595 1284 1639 consequens
1312 1581 1365 1624 ab
1393 1579 1751 1638 intelligibilibus
1783 1579 2078 1624 retrahentes.
2107 1579 2216 1624 Non

256 1658 324 1692 est
349 1648 485 1707 igitur
510 1647 557 1691 in
585 1645 959 1691 delectationibus
988 1647 1298 1706 corporalibus
1324 1646 1514 1691 felicitas
1540 1647 1742 1690 humana
1769 1646 1995 1706 ponenda.
2024 1651 2040 1672 ²

345 1715 434 1758 Per
458 1714 550 1758 hoc
578 1724 731 1758 autem
759 1713 1011 1758 excluditur
1033 1726 1158 1758 error
1183 1714 1511 1772 Epicureorum
1537 1713 1582 1756 in
1609 1713 1680 1757 his
1701 1713 2009 1772 voluptatibus
2031 1711 2218 1759 felicita·

255 1791 351 1826 tem
377 1781 579 1825 hominis
605 1781 899 1839 ponentium3
926 1795 979 1825 ex
1005 1795 1200 1840 quorum
1227 1794 1421 1840 persona
1447 1780 1556 1825 dicit
1582 1780 1805 1824 Salomon
1829 1780 2000 1839 (Eccle.
2022 1779 2079 1824 V.
2101 1780 2214 1838 ⁴17⁴.):
2235 1792 2240 1793 ⁷

259 1849 354 1893 Hoc
380 1850 518 1907 itaque
549 1849 686 1892 visum
718 1853 775 1893 est
806 1848 911 1892 mihi
943 1849 1110 1902 bonum,
1137 1855 1184 1893 ut
1215 1847 1399 1892 comedat
1430 1849 1534 1906 quis,
1569 1853 1605 1891 et
1626 1849 1755 1902 bibat,
1788 1852 1825 1892 et
1845 1848 2027 1907 fruatur
2057 1847 2217 1893 laetitia

256 1931 306 1960 ex
344 1916 485 1960 labore
519 1929 634 1959 5u0...
647 1930 663 1967 ;
697 1921 735 1959 et
758 1914 856 1959 haec
874 1922 978 1974 pars
1003 1915 1142 1967 illtus;
1177 1925 1221 1958 et
1243 1914 1372 1973 (Sap.
1400 1914 1456 1957 ΙΙ.
1484 1915 1572 1974 9.):
1609 1915 1767 1973 Ubique
1799 1915 2082 1973 relinquamus
2099 1915 2216 1975 signa

255 1983 459 2037 laetitiae,
489 1984 689 2041 quoniam
722 1982 821 2026 haec
854 1988 908 2025 est
923 1989 1025 2040 pars
1050 1988 1205 2034 nostra,
1239 1988 1277 2026 et
1308 1982 1404 2025 haec
1429 1988 1485 2025 est
1505 1996 1592 2025 sors
1611 1987 1767 2026 nostra.
1794 1980 2057 2026 Excluditut·
2075 1976 2216 2025 etiam

257 2063 383 2093 error
401 2048 823 2103 Cerinthianorum,
841 2049 918 2108 qui
934 2049 979 2092 in
999 2048 1159 2092 ultima
1176 2047 1391 2092 felicitate
1408 2058 1513 2107 post
1527 2049 1911 2093 resurrectionem
1930 2048 2055 2093 mille
2072 2046 2216 2096 ahnos

254 2116 301 2161 in
329 2130 472 2176 regno
497 2116 669 2161 Christi
695 2116 946 2160 secundum
990 2114 1195 2160 carnales
1239 2115 1407 2159 ventris
1448 2115 1705 2174 voluptates
1737 2114 1995 2159 fabulantur
2016 2114 2216 2175 futurem

254 2183 374 2227 unde
402 2193 446 2227 et
464 2182 729 2237 Chiliastae,
748 2183 877 2242 quasi
892 2181 1152 2236 Millenarii,
1175 2193 1279 2226 sunt
1297 2181 1510 2241 appellati
1526 2198 1536 2236 ;
1553 2182 1599 2226 in
1618 2182 1798 2227 Graeco
1816 2183 1939 2226 enim
1958 2177 2076 2238 χῢζια
2093 2182 2216 2227 iden}

256 2261 324 2295 est
351 2251 473 2309 quod
500 2250 624 2294 mille.
653 2250 963 2294 Excluduntur
990 2252 1127 2293 etiam
1154 2249 1432 2308 Judaeorum
1469 2260 1513 2294 et
1546 2250 1880 2295 Saracenorum
1913 2249 2108 2306 fabulae,
2139 2249 2218 2310 qui

253 2316 572 2362 retributiones
597 2317 824 2376 justorum
849 2317 896 2361 in
922 2317 1164 2376 praedictis
1191 2317 1498 2377 voluptatibus
1526 2328 1726 2376 ponunt;
1752 2317 1947 2363 felicitas
1978 2318 2103 2363 enim
2133 2318 2218 2362 vir·

252 2384 359 2429 tutis
386 2395 454 2429 est
478 2385 747 2444 praemium.

958 2547 1213 2628 CAP5UT
1255 2548 1521 2604 XXVIII.

517 2684 678 2731 QUOD
713 2684 999 2723 FELICITAS
1037 2685 1154 2725 NON
1196 2684 1488 2724 CONSISTIT
1529 2685 1586 2725 IN
1626 2678 1961 2726 HONORIBUS·

911 2793 1031 2853 (Ι-ΙΙ.
1075 2802 1227 2853 quaest.
1260 2795 1336 2840 XI.
1368 2802 1450 2841 art.
1485 2796 1575 2859 2.).μ

344 2914 409 2959 Ex
435 2914 676 2974 praedictis
702 2924 825 2973 patet
851 2915 972 2974 quod
1001 2915 1138 2960 etiam
1178 2930 1263 2961 nec
1291 2916 1336 2960 in
1363 2916 1613 2961 honoribus
1647 2926 1715 2961 est
1739 2908 1975 2961 summurn
2011 2908 2214 2963 hominis

256 2982 445 3036 bonum,
474 2983 596 3040 quod
625 2992 691 3026 est
715 2981 921 3026 felicitaS.

305 3046 307 3049 ’
342 3048 464 3093 Finis
484 3051 607 3093 enim
634 3048 820 3094 ultimus
836 3049 1039 3094 hominis
1059 3060 1102 3094 et
1127 3064 1207 3094 sua
1230 3050 1420 3095 felicitas
1438 3060 1505 3095 est
1526 3052 1622 3110 ejus
1641 3050 1969 3109 perfectissima
1992 3052 2215 3112 operatio,

226 3167 228 3169 ¹
255 3127 303 3160 ut
330 3130 382 3160 ex
409 3117 713 3175 superioribus
743 3118 803 3174 (e.
833 3115 902 3161 26.
931 3127 975 3160 et
1002 3118 1093 3174 27.)
1122 3128 1257 3176 patet.
1292 3118 1455 3162 Honor
1483 3127 1635 3162 autem
1661 3118 1863 3163 hominis
1889 3131 1983 3163 non
2010 3119 2236 3168 consistit,
2312 3100 2332 3146 *9³

254 3183 300 3226 in
327 3197 409 3227 sua
437 3183 716 3242 operatione,
741 3183 818 3227 sed
852 3182 1035 3227 alterius
1063 3185 1118 3227 ad
1155 3185 1320 3242 ipsum,
1348 3185 1423 3243 qui
1457 3187 1497 3229 ei
1534 3186 1838 3230 reverentiam
1879 3176 2076 3231 exhibet.
2107 3185 2215 3232 Non

254 3259 321 3294 est
346 3250 483 3309 igitur
507 3249 699 3295 felicitas
725 3250 927 3294 hominis
955 3250 1000 3293 in
1027 3251 1277 3295 honoribus
1305 3252 1529 3310 ponenda.

345 3318 533 3361 Adhuc:
563 3318 684 3377 quod
713 3327 778 3362 est
801 3327 984 3377 propter
1011 3316 1201 3362 alterum
1229 3318 1401 3362 bonum
1426 3329 1470 3362 et
1496 3318 1916 3366 desiderabilenon
1939 3327 2008 3364 est
2028 3311 2215 3366 ultimus

254 3384 368 3428 finis.
399 3383 515 3428 Tale
539 3395 689 3429 autem
719 3395 786 3429 est
811 3385 982 3439 h0n0r3
1010 3399 1102 3429 non
1130 3385 1252 3428 enim
1286 3384 1448 3444 aliquis
1474 3395 1595 3430 recte
1621 3386 1875 3431 honoratur
1905 3386 1992 3431 nisi
2031 3392 2216 3447 propter

256 3451 424 3511 aliquid
453 3451 573 3496 aliud
600 3452 774 3496 bonum
801 3452 846 3495 in
874 3466 929 3496 eo
958 3453 1201 3507 exsistens;
1229 3462 1272 3496 et
1294 3462 1475 3512 propter
1501 3453 1591 3497 hoc
1618 3453 1832 3499 homines
1849 3453 2216 3513 honoratique&

255 3527 370 3572 runt,
398 3519 527 3577 quasi
553 3518 660 3563 boni
688 3519 879 3577 alicujus
906 3518 1028 3578 quod
1055 3519 1100 3562 in
1130 3519 1193 3564 eis
1221 3529 1289 3563 est
1313 3520 1629 3564 testimonium
1654 3520 1825 3565 habere
1844 3519 2076 3574 volente&
2094 3519 2214 3564 unde

255 3595 299 3629 et
326 3585 471 3644 magis
503 3586 701 3644 gaudent
726 3586 938 3630 homines
967 3599 993 3629 a
1019 3586 1198 3644 magnis
1225 3596 1269 3630 et
1285 3586 1562 3645 sapientibus
1585 3587 1817 3632 honorari.
1842 3587 1951 3633 Non
1983 3591 2054 3632 est
2077 3586 2214 3648 igitur

256 3653 299 3695 in
327 3652 576 3696 honoribus
612 3651 802 3697 felicitas
828 3652 1030 3698 hominis
1057 3652 1282 3712 ponenda.
