2332 3854
252 171 358 228 344
906 169 1061 209 LIBER
1093 168 1177 208 111.
1219 168 1339 207 GAP.
1367 166 1530 206 *XLIII-

247 285 395 330 neque
414 271 533 316 actio
552 270 661 316 solis
678 281 726 316 ut
741 270 978 315 illuminet.
1006 271 1128 328 Ergo
1156 269 1419 314 sec-undum
1433 268 1708 327 posit-ionem
1730 267 2009 328 praedictam
2022 267 2203 313 homini

247 352 342 382 non
369 339 534 397 poterit
550 339 730 382 attribui
747 351 894 396 neque
913 336 1032 380 actio
1045 335 1300 380 intellectus
1326 330 1552 394 possibilis
1578 345 1627 380 ut
1651 334 1888 393 intelligat,
1908 347 2056 394 neque
2076 334 2201 380 aedo

247 404 504 450 intellectus
538 405 712 464 agentis
740 415 787 448 ut
814 403 1039 461 intelligat
1057 402 1328 447 substant-ias
1351 408 1603 461 separatas,
1628 402 1703 446 vel
1734 411 1781 446 ut
1805 400 1945 445 faciat
1971 399 2204 446 intellecta

250 473 296 515 in
323 482 440 516 actu.

339 538 571 597 Amplius:
599 536 850 581 secundum
871 529 1150 594 positionem
1169 535 1464 594 praedictam,
1481 534 1735 580 intellectus
1755 548 1895 594 agens
1911 546 2005 578 non
2019 533 2205 592 ponium

253 605 505 649 continuari
535 604 774 647 nobiscum
802 613 850 646 ut
874 602 1036 659 forma,
1063 603 1152 646 nisi
1175 616 1262 660 -per
1284 603 1375 646 hoc
1399 602 1521 660 quod
1549 610 1614 646 est
1646 600 1793 645 forma
1812 600 2201 660 speculativomm

249 671 603 724 intellectorum,
634 683 830 727 quorum
854 669 991 712 etiam
1018 669 1202 728 ponitur
1225 667 1374 712 forma
1400 683 1481 727 per
1505 669 1611 721 hoc,
1644 667 1766 726 quod
1791 667 1961 712 -eadem
1987 666 2204 713 affiozzest

248 737 503 781 intellectus
535 737 708 793 agentis
727 745 771 779 et
796 734 982 778 illorum
1008 733 1361 788 intellectorum,
1386 734 1561 778 scilicet
1585 733 1991 778 facereintellecta
2016 733 2200 778 inam.

248 803 357 847 Non
392 803 527 861 igitur
553 802 718 860 poterit
744 815 842 844 esse
868 800 1016 845 forma
1040 801 1189 854 nobis,
1217 801 1312 845 »nisi
1336 801 1589 845 secundum
1621 800 1742 858 quod
1784 799 2128 844 communicant*
2152 797 2201 842 in

250 869 429 913 actione
463 870 558 926 ejus
584 867 814 911 intellecta
839 866 1129 925 speculativa.
1156 867 1286 911 Haec
1314 877 1466 911 autem
1491 881 1586 911 non
1612 867 1957 911 communicant
1980 866 2027 910 in
2053 874 2203 924 opera-

250 937 376 981 tione
409 936 519 991 ejus,
547 948 662 993 quae
690 944 759 978 est
779 934 1031 992 intelligere
1057 934 1329 978 substantias
1343 944 1597 993 separatas,
1616 933 1829 980 cum-sint
1853 934 2200 992 speciesssrerum

259 1001 555 1055 sensibilium,
581 1001 668 1044 nisi
694 1000 932 1044 redeamus
963 1000 1018 1043 ad
1045 1001 1311 1059 opinionem
1338 1001 1618 1059 Avempace,
1660 1001 1782 1058 quod
1801 1000 2202 1059 quidditatessub-

255 1068 521 1120 stantiarum
548 1077 859 1125 separatarum
881 1069 1055 1125 possint
1082 1068 1302 1125 cognosci
1319 1081 1468 1125 perea
1485 1080 1601 1126 quae
1611 1066 1914 1124 intelligimus
1931 1066 1987 1111 de
1998 1067 2095 1110 istis
2106 1078 2205 1110 sen-

257 1134 472 1179 sibilibus.
498 1133 641 1177 Nullo
668 1134 803 1191 igitur
831 1133 973 1177 modo
1000 1146 1079 1192 per
1103 1133 1227 1177 viam
1254 1134 1533 1192 praedictam
1558 1133 1810 1192 poterimus
1829 1131 2207 1191 intelligere—mb-

255 1201 440 1246 stantias
467 1210 710 1259 separatas.

341 1268 605 1311 Praeterea:
638 1265 895 1310 intellectus
927 1266 1334 1324 agens-secundum
1362 1265 1501 1309 alium
1529 1265 1736 1309 ordinem
1769 1264 2208 1326 comparatmaaain-

258 1334 441 1379 tellecta
467 1333 760 1392 speculativa,
787 1347 983 1391 quorum
1001 1342 1069 1376 est
1082 1331 1288 1386 factivus,
1308 1342 1360 1377 vet
1387 1332 1443 1376 ad
1461 1332 1730 1376 substantias
1752 1342 1994 1391 separatas,-
2014 1345 2207 1391 quanam

257 1416 353 1445 non
380 1411 445 1445 est
470 1399 675 1454 factivus,
701 1399 780 1443 sed
808 1399 1147 1458 cognoscitivus
1172 1409 1350 1443 tanturn
1382 1398 1633 1443 secundum
1660 1397 2080 1457 ejus-positionem.r
2100 1396 2208 1443 Nou

257 1468 395 1527 igitur
422 1476 616 1526 oportet,
649 1467 687 1510 si
713 1465 951 1525 copuletur
981 1466 1113 1511 nobis
1155 1481 1232 1525 per
1269 1466 1360 1509 hoc
1397 1466 1520 1524 quod
1556 1474 1622 1510 est
1655 1464 1846 1510 factivus
1870 1464 2208 1510 intellectorum

258 1534 659 1594 speculativorum,
687 1533 809 1591 quod
837 1532 1074 1591 copuletur
1098 1533 1231 1577 nobis
1253 1533 1502 1577 secundum
1521 1532 1642 1591 quod
1661 1541 1730 1576 est
1751 1531 2210 1590 cognoscitivus›³ub-

255 1601 522 1645 stantiarum
548 1610 873 1659 separatarum,
892 1599 1032 1644 sedin
1049 1600 1130 1644 tali
1155 1613 1374 1658 processu
1391 1609 1459 1644 est
1475 1600 1685 1659 deceptio
1703 1597 1941 1644 manifeste
1958 1598 2208 1644 secundum

259 1668 484 1712 accidens.
767 1720 769 1723 r
1820 1718 1824 1727 A
2121 1676 2123 1679 ’

348 1735 538 1779 Adhuc:
567 1734 605 1778 si
629 1748 709 1793 per
734 1733 1017 1778 intellectum
1045 1742 1259 1791 agentem
1300 1733 1625 1791 cognoscimus
1664 1732 1934 1777 substantias
1952 1737 2210 1791 sepas-atas,

255 1802 348 1846 hoc
371 1815 466 1845 non
494 1812 560 1845 est
590 1801 636 1844 in
663 1811 884 1859 quantum
915 1799 1172 1844 intellectus
1201 1813 1340 1858 agens
1376 1810 1443 1843 est
1467 1798 1622 1843 =forma
1647 1799 1783 1857 hujus
1814 1797 2044 1844 veranius
2063 1798 2211 1844 vintel-

257 1868 366 1912 lecti
387 1867 669 1926 speculativi,
696 1867 774 1911 sed
793 1868 845 1910 ⁴in
873 1877 1093 1925 quantum
1115 1866 1164 1910 fit
1189 1866 1339 1910 for-ma
1365 1866 1518 1919 nobis3
1545 1866 1616 1909 sic>
1636 1866 1759 1910 enim
1786 1878 1866 1925 per
1885 1866 2040 1925 ipsum}
2057 1878 2213 1924 possu-

254 1949 357 1979 mus
384 1934 651 1992 intelligere.
675 1933 746 1978 Fit
769 1943 921 1977 autem
938 1932 1087 1977 forma
1103 1933 1236 1977 nobis
1255 1933 1392 1976 etiam
1410 1946 1489 1990 per
1506 1932 1651 1991 prima
1673 1932 1903 1976 intellecta
1918 1931 2211 1991 speculativa,

259 2002 512 2046 secundum
540 2001 660 2059 quod
688 2001 783 2059 ipse
825 2000 945 2044 dicit.
984 2000 1104 2058 Ergo
1133 2000 1283 2044 statim
1311 2014 1337 2043 a
1363 2000 1587 2058 principio
1627 2000 1772 2043 homo
1805 2009 1953 2057 potest
1968 1997 2214 2059 (per-durel-

255 2067 428 2111 lectum
456 2077 668 2125 agentem
686 2066 949 2125 intelligere
976 2067 1248 2122 substantias
1275 2077 1518 2123 separatas.
1548 2065 1596 2109 Si
1614 2076 1767 2110 autem
1784 2066 1959 2110 dicatur
1973 2066 2095 2124 quod
2117 2079 2213 2110 non

254 2134 304 2178 fit
329 2134 461 2178 nobis
488 2132 685 2192 perfecte
710 2132 860 2178 'forma
886 2147 965 2190 per
982 2133 1207 2191 quaedam
1231 2131 1464 2176 intellecta
1486 2131 2035 2191 speculativaintellectus
2054 2135 2213 2192 agens,

253 2210 303 2245 ut
324 2214 403 2259 per
429 2201 579 2259 ipsum
616 2200 849 2258 possimus
882 2200 1135 2257 intelligere
1177 2200 1450 2243 substantias
1490 2209 1733 2256 separatas,
1759 2199 1850 2243 hoc
1869 2218 1872 2222 ⁴
1890 2213 1987 2248 non
2017 2209 2096 2243 ⁴etat
2120 2198 2214 2243 nisi

256 2269 362 2327 quia
380 2268 477 2326 ipsa
494 2266 724 2311 intellecta
742 2267 1021 2326 speculativa
1038 2282 1131 2311 non
1149 2267 1404 2325 adaequant
1421 2265 1750 2325 perfectionem
1761 2265 2020 2319 intellectus
2029 2267 2215 2325 agentis

257 2335 304 2378 in
329 2334 628 2392 intelligendo
656 2334 926 2378 substantias
953 2345 1196 2392 separatas.
1237 2333 1325 2377 Sed
1351 2347 1436 2376 nec
1464 2333 1634 2376 -omnia
1668 2331 2216 2392 intellecta-speculativa

261 2400 399 2445 simul
417 2410 603 2458 accepta
623 2399 1020 2459 adaequant-illam
1035 2400 1360 2458 perlectionem
1374 2398 2215 2458 intellectus·agentissecundumquod

258 2467 472 2525 intelligit
503 2467 774 2511 substantias
799 2477 1046 2525 separatas,
1082 2481 1187 2510 cum
1225 2466 1381 2511 omnia
1411 2466 1526 2510 haec
1553 2479 1646 2509 non
1683 2467 1772 2510 sint
1795 2464 2217 2524 inteuigibiliamisi

258 2534 305 2577 in
332 2543 553 2592 quantum
579 2543 683 2578 sunt
707 2532 827 2577 facta
848 2532 1092 2577 intellecta.
1120 2532 1203 2576 Illa
1229 2547 1338 2576 vero
1361 2542 1466 2576 sunt
1486 2531 1787 2590 intelligibilia
1811 2531 2216 2577 secundumsssuam

256 2610 481 2644 naturam.
504 2600 611 2644 Non
622 2600 774 2658 {gitur
797 2614 875 2658 per
902 2600 992 2643 hoc
1020 2599 1142 2658 quod
1167 2600 1323 2643 omnia
1355 2598 1633 2657 speculativa
1659 2598 1972 2658 intelligibilia
2002 2598 2216 2653 sdiemus,

258 2667 489 2724 oportebit
515 2667 637 2725 quod
663 2667 724 2710 ita
742 2665 940 2725 perfecte
967 2665 1224 2710 intellectus
1243 2680 1383 2724 agens
1400 2665 1480 2710 fiat
1495 2666 1628 2710 nobis
1644 2663 1794 2709 forma
1810 2665 2051 2724 2qu0d<per1
2067 2665 2218 2725 ipsum

258 2732 569 2791 intelligamus
587 2733 861 2777 substantias
879 2742 1123 2790 separatas.
1145 2731 1233 2776 Vel
1260 2733 1298 2776 si
1322 2733 1414 2776 hoc
1431 2746 1525 2776 non
1547 2732 1802 2791 requiritur,
1818 2731 2047 2790 oportebit
2056 2731 2217 2776 §dicere

258 2799 381 2858 quod
413 2799 713 2858 intelligendo
740 2799 974 2859 quodlibet
998 2798 1297 2858 intelligibile,
1323 2798 1620 2858 intelligimus
1647 2799 1918 2844 substantias
1943 2794 2188 2858 sepafatas.

993 2975 1248 3031 CAPUT
1291 2975 1492 3031 XLIV.

740 3110 899 3156 QUOD
941 3110 1155 3148 ULTIMA
1192 3110 1477 3148 FELICITAS
1514 3109 1744 3149 HOMINIS

291 3192 415 3232 NON
458 3191 751 3231 CONSISTIT
793 3192 849 3229 IN
891 3191 1241 3231 COGNITIONE
1281 3179 2207 3241 SUBSTANTIARuMfiEPARATSRQ'

621 3272 848 3319 QUALEM
888 3272 1233 3311 PRAEDICTAE
1273 3273 1566 3312 OPINIONES
1607 3272 1868 3313 FtNGUNT.

353 3397 460 3441 Non
488 3406 554 3442 est
580 3405 732 3441 autem
754 3396 970 3457 possibile
994 3395 1258 3441 felicitatem
1280 3397 1532 3443 humanam
1558 3398 1605 3441 in
1622 3397 1710 3442 *tali
1731 3396 2221 3456 cognitionesubstun·

263 3464 430 3507 tiarum
447 3474 757 3523 separatarum
776 3478 961 3523 ponere,
978 3464 1092 3509 sicut
1104 3463 1321 3523 praedicti
1337 3463 1602 3523 philosophi
1618 3471 1877 3524 posuerunt.
1895 3463 2078 3509 Vanum
2096 3463 2220 3508 enim

266 3539 332 3574 est
359 3530 479 3589 quod
508 3540 575 3575 est
606 3531 661 3575 ad
685 3530 823 3575 finem
856 3545 993 3590 quem
1018 3544 1113 3576 non
1135 3539 1286 3590 potest
1317 3531 1549 3589 consequi.
1578 3530 1695 3576 Cum
1729 3530 1867 3589 igitur
1883 3528 2220 3575 finis-hominis
