2332 3854
296 262 394 301 102
931 261 1086 300 LIBER
1125 260 1160 299 1.
1204 259 1325 300 CAP.
1365 259 1605 300 Lxxxvn.

956 471 1211 527 CAPUT
1246 459 1587 532 LXXXVII.

454 606 613 652 QUOD
648 605 874 645 DIVINAE
906 605 1261 646 VOLUNTATIS
1293 607 1447 647 NIHIL
1482 607 1695 647 POTEST
1727 607 1854 645 ESSE
1886 604 2081 645 CAUSA.
2157 655 2162 672 ζ

503 728 506 731 <
529 708 581 763 (I.
602 715 717 766 part.
746 714 896 765 quaest.
924 707 1039 751 XIX.
1067 714 1148 752 art.
1170 721 1207 766 5.
1234 714 1272 753 et
1296 709 1363 753 De
1387 710 1512 753 verit.
1539 715 1693 768 quaest.
1728 708 1798 752 VI.
1826 713 1909 752 art.
1938 708 2016 765 2.).
2076 739 2079 741 -
2111 715 2163 743 ‘W
2198 731 2201 741 .
2228 726 2237 736 ν’

2070 783 2072 785 ,
2104 780 2193 809 *m*
2222 788 2224 802 ᾖ

382 818 607 870 Quamvis
627 828 779 862 autem
798 817 947 877 aliqua
966 818 1081 862 ratio
1098 818 1279 864 divinae
1295 818 1542 864 voluntatis
1571 819 1791 878 assignari
1807 818 1964 878 possit,
1981 831 2076 862 non
2096 827 2251 863 tamen

289 886 492 943 sequitur
518 885 639 943 quod
666 884 913 928 voluntatis
940 886 1036 944 ejus
1063 886 1120 929 sit
1146 885 1296 945 aliqua
1323 900 1473 930 causa.
1496 886 1736 930 Voluntati
1757 887 1879 930 enim
1903 898 2040 930 causa
2064 883 2250 929 volendi

290 962 357 995 est
382 951 505 996 finis:
534 951 634 995 finis
663 961 815 994 autem
842 952 1021 996 divinae
1047 952 1294 997 voluntatis
1321 963 1387 997 est
1412 967 1493 997 sua
1517 953 1720 997 bonitas:
1749 954 1847 1012 ipsa
1871 952 2009 1010 igitur
2049 961 2119 996 est
2147 951 2251 995 Deo

290 1031 424 1061 causa
451 1017 652 1071 volendi,
679 1032 796 1076 quae
823 1028 891 1062 est
917 1019 1055 1062 etiam
1081 1018 1231 1077 ipsum
1258 1033 1393 1063 suum
1414 1018 1547 1063 velle.
1574 1019 1788 1063 Aliorum
1815 1028 1969 1063 autem
1996 1032 2022 1062 a
2046 1018 2152 1063 Deo
2175 1031 2254 1062 vo-

286 1083 472 1128 litorum
498 1083 677 1128 nullum
703 1094 770 1128 est
796 1085 898 1128 Deo
926 1099 1063 1129 causa
1088 1085 1288 1140 volendi,
1315 1086 1394 1130 sed
1421 1100 1563 1129 unum
1586 1100 1753 1130 eorum
1780 1095 1848 1136 est¹
1878 1084 2007 1138 alteri
2029 1098 2170 1135 ,causa
2202 1093 2252 1128 ut

290 1150 499 1195 ordinem
525 1151 693 1195 habeat
719 1151 773 1195 ad
801 1151 1003 1194 divinam
1029 1152 1298 1205 bonitatem,
1321 1162 1364 1195 et
1381 1151 1444 1195 sic
1467 1150 1735 1210 intelligitur
1755 1150 1882 1196 Deus
1903 1160 2088 1211 propter
2109 1164 2254 1195 unum

289 1232 450 1261 eorum
477 1217 598 1261 aliud
625 1218 756 1262 velle.
785 1219 915 1262 Patet
940 1228 1095 1262 tamen
1122 1219 1244 1277 quod
1264 1232 1364 1267 ,non
1391 1228 1572 1277 oportet
1589 1218 1844 1262 discursum
1862 1217 2061 1277 aliquem
2082 1230 2253 1276 ponere

288 1285 334 1328 in
361 1285 450 1328 Dei
475 1284 741 1341 voluntate3
767 1299 877 1329 nam
903 1285 980 1328 ubi
1020 1294 1088 1329 est
1128 1299 1243 1328 unus
1286 1294 1413 1328 actus
1454 1299 1549 1328 non
1592 1283 1904 1328 consideratur
1931 1283 2175 1337 discursus,
2206 1292 2256 1327 ut

289 1366 422 1411 supra
450 1352 510 1409 (c.
543 1353 631 1409 57.)
675 1352 796 1396 circa
826 1351 1111 1396 intellectum
1153 1362 1389 1396 ostensum
1415 1359 1494 1397 est.
1531 1352 1658 1395 Deus
1685 1362 1839 1396 autem
1875 1364 1970 1398 nno
2011 1358 2116 1396 actu
2148 1349 2255 1394 vult

289 1432 418 1463 suam
445 1419 698 1463 bonitatem
726 1428 771 1463 et
797 1419 954 1462 omnia
981 1418 1084 1472 alia,
1112 1433 1218 1463 cum
1244 1432 1326 1463 sua
1349 1418 1468 1462 actio
1495 1417 1553 1462 sit
1584 1432 1664 1463 sua
1691 1418 1900 1463 essentia.
1979 1462 1982 1465 ,

381 1485 470 1529 Per
495 1485 725 1544 praedicta
758 1495 912 1530 autem
939 1485 1189 1530 excluditur
1215 1499 1340 1529 error
1365 1485 1671 1544 quorumdam
1695 1485 1961 1540 dicentium,
1978 1483 2138 1533 omnia-
2150 1498 2254 1543 pto-

292 1552 454 1597 cedere
482 1567 508 1596 a
539 1553 642 1597 Deo
680 1553 933 1597 secundum
965 1552 1222 1612 simplicem
1248 1552 1549 1606 voluntatem,
1576 1563 1626 1597 ut
1650 1552 1707 1597 de
1732 1551 1864 1597 nullo
1893 1561 2104 1610 oporteat
2116 1551 2256 1599 ratio-

287 1634 396 1663 nem
421 1619 623 1674 reddere,
650 1620 738 1664 nisi
764 1621 868 1679 quia
895 1621 1022 1664 Deus
1057 1619 1166 1664 vult.
1203 1620 1342 1672 Quod
1381 1620 1519 1664 etiam
1559 1621 1819 1684 Scripturae
1860 1619 2041 1666 divinae
2064 1627 2256 1665 contra-

288 1686 441 1740 riatur,
465 1701 581 1745 quae
607 1687 761 1731 Deum
787 1687 994 1746 perhibet
1011 1687 1262 1731 secundum
1283 1686 1491 1731 ordinem
1509 1686 1757 1746 sapientiae
1774 1700 1885 1732 suae
1902 1685 2061 1732 omnia
2070 1684 2254 1739 fecisse,

289 1753 541 1797 secundum
555 1752 667 1797 111ud
686 1754 779 1811 (Ps.
801 1754 921 1798 CIII.
933 1754 1055 1810 24.):
1079 1754 1274 1798 Omnia
1259 1770 1303 1798 m
1324 1755 1529 1813 sapientia
1547 1752 2115 1813 fecisti;et(Eccli.1.1o.)
2142 1751 2256 1844 daci-

293 1829 379 1873 tur‚
407 1820 530 1879 quod
553 1821 680 1865 Deus
697 1820 837 1879 effudit
851 1822 1102 1880 sapientiam
1118 1835 1237 1865 suam
1254 1828 1373 1880 super
1392 1822 1532 1865 omnia
1554 1828 1679 1879 opera
1691 1834 1782 1865 sua.

945 1997 1200 2053 CAPUT
1241 1998 1614 2054 LXXXVIII.

535 2133 728 2177 QUOD
782 2134 849 2173 IN
889 2134 1029 2172 DEO
1084 2135 1204 2172 EST
1261 2134 1574 2172 LIBERUM
1613 2131 2021 2172 ARBITRIUM.

646 2235 712 2293 (Ι.
739 2242 856 2295 part.
889 2242 1043 2295 quaest.
1077 2236 1193 2280 XIX.
1225 2242 1308 2280 art.
1341 2250 1406 2281 ro.
1439 2242 1478 2280 et
1509 2251 1544 2281 1.
1571 2236 1682 2280 Sent.
1715 2234 1808 2280 dist.
1830 2249 1898 2294 25.
2330 2294 2332 2296 .

851 2309 890 2347 et
914 2303 980 2347 De
1005 2304 1127 2347 verit.
1151 2309 1304 2361 quaest.
1331 2303 1492 2350 XXIV.
1515 2309 1598 2348 art.
1620 2303 1700 2361 4.).
2319 2318 2332 2367 5

378 2411 447 2456 Ex
471 2411 711 2470 praedictis
738 2422 891 2456 autern
919 2412 1097 2457 ostendi
1119 2422 1283 2470 potest,
1309 2413 1433 2472 quod
1458 2412 1505 2456 in
1531 2413 1634 2457 Deo
1656 2412 1852 2457 liberum
1878 2411 2114 2464 arbitrium
2129 2411 2258 2458 inve·

290 2480 424 2523 nitur.
451 2479 574 2523 Nam
599 2478 793 2523 liberum
820 2479 1054 2523 arbitrium
1080 2479 1243 2524 dicitur
1272 2489 1480 2537 respectu
1517 2493 1679 2524 eorum
1714 2493 1832 2538 quae
1856 2493 1952 2524 non
1986 2478 2257 2533 necessitate
2320 2473 2332 2519 3}

291 2545 391 2604 quis
409 2545 519 2599 vult,
542 2546 621 2590 sed
642 2546 826 2605 propria
851 2556 1043 2605 sponte;
1070 2546 1190 2591 unde
1222 2547 1268 2590 in
1294 2547 1426 2591 nobis
1459 2556 1527 2592 est
1557 2546 1752 2591 liberum
1786 2545 2027 2593 arbitrium.
2046 2554 2254 2604 respectu
2325 2577 2332 2601 ¹.

292 2613 389 2670 ejus
415 2612 538 2671 quod
564 2612 778 2657 volumus
805 2627 984 2657 currere
1016 2613 1088 2657 vel
1116 2612 1362 2658 ambulare.
1389 2614 1514 2659 Deus
1543 2623 1696 2657 autem
1722 2612 1811 2657 alia
1837 2627 1863 2656 a
1892 2627 1944 2658 se
1968 2626 2064 2661 non
2096 2626 2153 2658 ex
2180 2625 2258 2657 ne-

210 2683 217 2689 “
293 2680 504 2724 cessitate
529 2678 641 2733 vult,
667 2689 717 2724 ut
748 2694 883 2739 supra
908 2681 968 2737 (c.
996 2680 1090 2737 81.)
1118 2690 1355 2725 ostensum
1381 2690 1460 2724 est.
1499 2681 1602 2724 Deo
1634 2680 1769 2739 igitur
1793 2679 1989 2725 liberum
2020 2678 2255 2730 arbitrium

292 2746 461 2791 habere
485 2749 721 2806 competit.

384 2814 573 2858 Adhuc:
600 2813 813 2858 voluntas
839 2814 992 2858 divina
1018 2814 1064 2858 in
1086 2815 1158 2858 his
1186 2815 1241 2858 ad
1268 2828 1383 2874 quae
1410 2827 1505 2858 non
1531 2813 1784 2858 secundum
1801 2823 2012 2860 naturam
2033 2826 2166 2858 suam
2184 2811 2259 2864 de.-

294 2881 576 2935 terminatur,
610 2881 866 2925 inclinaturv
885 2882 1232 2940 quodammodo
1258 2896 1338 2940 per
1364 2895 1497 2925 suum
1522 2881 1823 2936 intellectum,
1839 2890 1889 2929 ut
1912 2894 2048 2941 supra
2064 2881 2135 2938 (c.
2154 2879 2257 2937 82)
2309 2869 2332 2948 ξ

295 2956 532 2992 ostensum
556 2957 635 2993 est.
665 2947 756 2991 Sed
778 2962 832 2992 ex
858 2948 947 2992 hoc
966 2948 1111 2992 homo
1138 2948 1303 2992 dicitur
1323 2963 1429 3007 prae
1457 2948 1647 2993 caeteris
1674 2947 1946 2996 animalibus
1970 2947 2167 2993 liberum
2191 2961 2257 2991 ar-
2308 2970 2332 3033 ἐξ

292 3013 478 3058 bitrium
504 3014 686 3068 habere,
720 3015 825 3073 quia
852 3015 907 3058 ad
943 3014 1194 3059 volendum
1229 3015 1400 3073 judicio
1441 3015 1630 3059 rationis
1662 3014 1919 3069 inclinatur,
1953 3027 2049 3059 non
2044 3013 2257 3100 *impetu
2311 3043 2332 3069 a

293 3091 482 3126 naturae
509 3082 627 3126 sicut
651 3082 805 3136 bruta3
833 3095 943 3140 ergo
970 3083 1016 3125 in
1042 3082 1145 3125 Deo
1173 3091 1240 3126 est
1271 3081 1464 3126 liberum
1488 3081 1736 3126 arbitrium.
2305 3069 2332 3137 3³

382 3149 521 3193 Item.
549 3149 802 3193 secundum
829 3148 1202 3207 Philosophum
1192 3163 1235 3192 m
1263 3148 1396 3193 tertio
1424 3148 1571 3192 Ethic.
1600 3149 1658 3205 (c.
1688 3161 1728 3206 7.
1733 3147 2007 3203 ),voluntas
2030 3157 2099 3192 est
2122 3126 2253 3194 finis:
2299 3138 2332 3213 t}

296 3215 461 3260 electio
490 3226 658 3270 autem,
685 3230 846 3260 eorum
873 3229 989 3274 quae
1013 3216 1067 3260 ad
1085 3215 1225 3260 finem
1242 3225 1358 3259 sunt.
1378 3214 1499 3259 Cum
1517 3215 1653 3274 igitur
1671 3216 1797 3260 Deus
1818 3214 2022 3278 seipsum
2036 3224 2255 3274 tanquam
2300 3223 2322 3254 ff·

295 3282 435 3326 finem
462 3282 585 3336 velit,
614 3282 702 3326 alia
727 3296 838 3327 vero
872 3284 988 3326 sicut
1020 3296 1135 3341 quae
1163 3281 1218 3325 ad
1245 3281 1383 3326 finem
1417 3292 1534 3335 sunt,
1560 3282 1776 3340 sequitur,
1801 3282 1926 3342 quod
1956 3289 2162 3341 respectu
2187 3280 2258 3331 sui

295 3349 463 3393 habeat
475 3349 760 3393 voluntatem
777 3359 969 3403 tantum,
988 3358 1195 3406 respectu
1217 3358 1368 3392 autem
1388 3347 1584 3391 aliorum
1602 3348 1893 3393 electionem.
1906 3347 2083 3392 Electio
2100 3356 2254 3392 autem

296 3430 476 3473 semper
498 3431 576 3475 per
598 3416 791 3461 liberum
816 3416 1049 3460 arbitrium
1066 3416 1127 3460 fit.
1155 3417 1257 3460 Deo
1279 3415 1416 3474 igitur
1438 3415 1632 3460 liberum
1656 3415 1890 3460 arbitrium
1911 3413 2145 3474 competit.
2312 3412 2332 3507 ’ξ

388 3482 652 3527 Praeterea:
680 3484 826 3528 homo
853 3497 932 3543 per
953 3483 1044 3527 hoc
1071 3482 1194 3542 quod
1218 3482 1356 3527 habet
1380 3482 1575 3527 liberum
1604 3482 1853 3536 arbitrium,
1878 3481 2042 3527 dicitur
2071 3493 2258 3525 suarum
2286 3502 2332 3549 555

297 3548 533 3592 actionum
560 3550 788 3594 dominus.
808 3551 910 3594 Hoc
938 3559 1090 3595 autem
1118 3550 1317 3594 maxime
1345 3549 1564 3608 competit
1596 3550 1745 3608 primo
1778 3548 1946 3608 agenti,
1972 3548 2101 3607 cujus
2127 3555 2255 3592 actus

296 3615 350 3658 ab
381 3615 470 3659 alio
494 3630 588 3660 non
617 3617 854 3675 dependet.
884 3618 984 3676 Ipse
1012 3617 1147 3676 igitur
1173 3617 1299 3661 Deus
1325 3615 1519 3661 liberum
1547 3616 1781 3661 arbitrium
1806 3615 1957 3661 habet.
