2332 3854
739 274 894 315 LIBER
934 274 1010 314 111.
1053 274 1173 314 CAP.
1207 273 1428 314 Lxxxlv·
1970 272 2072 327 411

128 377 259 424 Hanc
292 385 443 423 autem
464 373 742 434 opinionem*
762 374 1053 420 manifestum
1084 385 1151 422 est
1182 388 1281 422 esse
1306 373 1484 426 falsam.
1511 372 1654 432 Igitur
1685 371 1978 417 manifestum
2011 381 2087 417 est-

126 456 231 488 eam
252 456 350 487 esse
375 441 551 496 falsam,
577 455 693 501 quae
709 441 837 500 ponit
864 455 1056 500 corpora
1083 441 1300 487 coelestia
1326 453 1425 486 esse
1450 440 1581 485 nobis
1608 452 1768 485 causas
1794 438 2078 506 intelligendi

130 508 314 555 directe.
1938 559 1941 562 Α

214 575 332 620 Hinc
359 584 427 621 est
450 575 590 621 etiam
614 574 737 634 quod
762 588 890 620 sacra
917 574 1148 633 Scriptura
1174 582 1359 621 causam
1392 585 1574 620 nostrae
1605 573 1934 633 intelligentiae
1963 573 2082 617 attri-

124 642 222 687 buit
244 656 339 686 non
365 641 501 687 alicui
534 641 730 701 corpori,
762 640 842 686 sed
867 641 969 685 Deo
996 641 1100 698 (Job
1127 642 1316 686 XXXV.
1351 655 1412 688 10.
1443 650 1488 687 et
1518 639 1629 697 11.):
1665 641 1750 686 Ubi
1780 646 1836 687 est
1862 641 1975 684 Deus
2006 640 2079 697 qui

117 710 223 768 socii
251 724 329 762 me,
372 710 444 768 qui
484 708 592 754 dedit
633 710 825 754 carmina
865 709 910 751 in
942 710 1090 753 nocte?
1124 710 1212 765 Qui
1248 709 1358 754 docet
1388 723 1461 754 nos
1490 716 1612 768 super
1638 710 1828 766 jumenta
1860 712 2010 761 terrae,
2043 711 2080 750 et

11 823 26 827 ‚
129 783 250 836 super
273 776 462 821 volucres
493 776 594 821 coeli
625 774 759 820 erudit
787 775 893 819 nos?
923 775 981 819 Et
1021 774 1160 830 (Psal.
1203 774 1369 820 XCIII.
1419 776 1535 831 10.):
1581 775 1671 831 Qui
1714 773 1830 819 docet
1870 773 2079 818 hominem

13 867 27 877 ω
89 839 359 902 ,’ςσίιηίίαηι.

26 900 27 905 ’
217 907 462 953 Sciendum
490 918 558 953 est
587 917 743 952 tamen
775 907 898 967 quod
930 906 1036 952 licet
1069 921 1262 966 corpora
1296 907 1513 952 coelestia
1547 908 1716 953 directe
1752 905 2080 965 intelligentiae

126 983 309 1021 nostrae
334 987 471 1020 causa
505 988 603 1019 esse
629 988 722 1018 non
755 975 944 1034 possint,
972 973 1142 1033 aliquid
1174 985 1329 1019 tamen
1363 974 1418 1019 ad
1450 975 1542 1019 hoc
1569 982 1815 1034 operantur
1845 973 2079 1017 indirecte.

47 1079 52 1086 .
129 1040 259 1088 Licet
282 1041 406 1086 enim
429 1040 686 1087 intellectus
710 1054 804 1085 non
830 1041 888 1086 sit
917 1041 1057 1085 virtus
1092 1055 1328 1100 corporea,
1358 1051 1514 1086 tamen
1540 1043 1584 1086 in
1617 1041 1750 1086 nobis
1782 1040 1986 1100 operatio
2018 1039 2083 1083 in-

129 1107 336 1157 tellectus
369 1107 590 1167 compleri
614 1121 707 1152 non
740 1118 890 1166 potest
922 1108 1019 1152 sine
1046 1109 1312 1166 operatione
1348 1110 1566 1153 virtutum
1595 1122 1934 1168 corporearum,
1966 1120 2082 1166 quae

130 1184 235 1223 sunt
253 1175 538 1234 imaginatio,
557 1185 601 1220 et
630 1175 697 1220 vis
716 1175 1015 1219 memorativa
1042 1185 1086 1219 et
1117 1175 1377 1234 cogitativa,
1395 1186 1444 1222 ut
1475 1190 1531 1220 ex
1565 1175 1870 1235 superioribus
1887 1173 2011 1232 (Lib.
2027 1173 2083 1217 11.

131 1255 170 1288 c.
197 1254 268 1301 73.
294 1255 335 1288 c.
358 1241 458 1299 fin.)
475 1251 612 1301 patet.
628 1241 686 1286 Et
705 1241 810 1287 inde
829 1251 896 1286 est
913 1241 1034 1300 quod
1061 1242 1290 1300 impeditis
1306 1243 1471 1291 harum
1497 1244 1718 1287 virtutum
1745 1241 2084 1301 operationibus

129 1319 315 1370 propter
330 1308 529 1368 aliquam
543 1309 748 1367 corporis
764 1308 1174 1367 indispositionem,
1191 1309 1436 1368 impeditur
1452 1310 1657 1369 operatio
1679 1308 1952 1362 intellectus,
1968 1307 2087 1351 sicut

130 1386 254 1436 patet
276 1375 324 1419 in
349 1376 622 1435 phreneticis
648 1385 693 1420 et
718 1375 996 1434 lethargicis,
1023 1386 1067 1419 et
1094 1376 1192 1420 aliis
1219 1376 1496 1434 hujusmodi.
1524 1377 1582 1421 Et
1613 1386 1798 1436 propter
1823 1375 1914 1419 hoc
1947 1374 2086 1425 etiam

130 1442 310 1489 bonitas
334 1442 644 1501 dispositionis
670 1443 874 1501 corporis
900 1443 1093 1486 humani
1117 1442 1225 1487 facit
1253 1453 1410 1501 aptum
1434 1443 1491 1487 ad
1514 1444 1630 1488 bene
1647 1441 2013 1502 intelligendum,
2039 1440 2086 1484 in

131 1520 351 1569 quantum
368 1524 423 1555 ex
447 1510 539 1554 hoc
559 1509 815 1569 praedictae
837 1509 954 1554 vires
975 1508 1188 1554 fortiores
1204 1510 1435 1555 exsistunt.
1461 1510 1595 1555 Unde
1622 1510 1786 1554 dicitur
1810 1509 1857 1553 in
1881 1507 2085 1554 secundo

132 1577 206 1623 De
232 1576 386 1622 anima
411 1577 462 1634 (t.
496 1591 535 1621 c.
567 1576 662 1636 94.)
694 1577 815 1635 quod
847 1575 1012 1621 molles
1045 1590 1179 1621 carne
1218 1586 1347 1635 aptos
1384 1587 1538 1622 mente
1574 1577 1794 1622 videmus.
1827 1574 2081 1634 Dispositio

135 1643 519 1705 autem.corporis
543 1643 734 1688 humani
760 1643 964 1702 subjacet
988 1642 1260 1688 coelestibus
1283 1644 1497 1688 motibus.
1519 1644 1645 1688 Dicit
1663 1644 1787 1688 enim
1802 1642 2087 1701 Augustinus

119 1710 182 1755 *in
206 1710 364 1770 quinto
394 1711 468 1755 De
509 1710 630 1754 civit.
661 1710 751 1755 Dei
777 1711 838 1767 (c.
875 1707 915 1754 6.
955 1720 999 1754 et
1031 1710 1109 1768 7.)‚
1137 1710 1259 1769 quod
1296 1724 1388 1756 non
1425 1725 1748 1771 usquequaque
1775 1711 1966 1755 absurde
1998 1710 2088 1754 dici

131 1785 281 1838 potest
305 1776 361 1822 ad
386 1776 508 1822 solas
535 1777 740 1836 corporis
757 1775 1031 1821 differentias
1055 1777 1230 1822 afflatus
1257 1778 1481 1836 quosdam
1502 1778 1654 1831 valere
1680 1778 1901 1822 sidereos:
1936 1786 1981 1822 et
2000 1777 2090 1821 Da-

132 1840 373 1890 mascenus
405 1844 514 1890 dicit
542 1844 590 1888 in
621 1843 824 1888 secundo
856 1844 928 1888 De
961 1843 1049 1888 fide
1084 1844 1325 1891 orthodox.
1360 1845 1421 1902 (c.
1451 1842 1670 1904 7„)'quod
1702 1844 1779 1889 alii
1812 1854 1857 1889 et
1888 1843 1964 1889 alii
1995 1842 2087 1903 pla-

131 1919 265 1956 netae
290 1910 490 1957 diversas
514 1910 871 1970 complexiones,
893 1920 939 1955 et
963 1910 1156 1965 habitus,
1177 1921 1220 1955 et
1238 1911 1558 1971 dispositiones
1575 1914 1621 1956 in
1637 1911 1770 1957 nobis
1790 1911 2085 1956 constituunt.

131 1976 189 2022 Et
211 1976 317 2023 ideo
357 1977 575 2024 indirecte
613 1991 806 2037 corpora
833 1976 1052 2022 coelestia
1094 1978 1149 2022 ad
1181 1979 1434 2025 bonitatem
1466 1978 1794 2037 intelligentiae
1827 1988 2087 2038 operantur.

131 2043 189 2089 Et
202 2043 267 2089 sic
292 2045 410 2089 sicut
434 2044 601 2090 medici
625 2054 814 2104 possunt
839 2044 1040 2102 judicare
1062 2044 1118 2088 de
1138 2045 1342 2090 bonitate
1361 2045 1620 2091 intellectus
1647 2061 1701 2090 ex
1735 2046 1938 2105 corporis
1967 2059 2090 2090 com-

131 2110 357 2170 plexione,
382 2111 499 2156 sicut
523 2126 579 2156 ex
605 2111 902 2170 dispositione
921 2112 1142 2171 proxima,
1169 2112 1232 2156 ita
1250 2112 1507 2172 astrologus
1526 2127 1578 2158 ex
1596 2113 1794 2158 motibus
1813 2112 2085 2158 coelestibus

132 2177 250 2222 sicut
274 2192 330 2222 ex
350 2192 488 2224 causa
517 2190 696 2223 remota
719 2177 822 2223 talis
848 2178 1170 2237 dispositionis.
1197 2179 1254 2224 Et
1279 2194 1359 2238 per
1389 2180 1511 2225 hunc
1539 2180 1732 2225 modum
1762 2189 1913 2238 potest
1938 2179 2086 2224 verifi-

133 2244 228 2289 cari
252 2244 378 2304 quod
391 2243 688 2290 Ptolomaeus
709 2245 756 2290 in
775 2244 1040 2304 Centilogio
1059 2245 1190 2291 dicit:
1221 2245 1343 2291 Cum
1360 2246 1493 2292 fuerit
1514 2248 1767 2292 Mercurius
1788 2247 1835 2290 in
1856 2246 2090 2291 nativitate

103 2315 107 2318 ’
132 2312 322 2371 alicujus
342 2314 391 2357 in
416 2313 568 2373 aliqua
590 2313 835 2358 domorum
858 2313 1057 2368 Saturni,
1083 2324 1128 2359 et
1151 2315 1250 2374 ipse
1274 2313 1404 2360 fortis
1425 2316 1470 2359 in
1489 2329 1586 2361 esse
1610 2330 1709 2370 suo,
1737 2315 1814 2360 dat
1835 2313 2089 2359 bonitatem

129 2378 456 2440 intelligentiae
481 2380 744 2426 medullitus
765 2381 814 2425 in
841 2381 989 2426 rebus.

825 2551 1079 2608 CAPUT
1121 2551 1404 2608 LXXXV.

195 2684 355 2736 QUOD
397 2685 654 2726 CORPORA
694 2685 1000 2743 CQELESTIA
1037 2685 1156 2727 NON
1196 2686 1340 2727 SUNT
1382 2685 1595 2725 CAUSAE
1636 2682 2029 2724 VOLUNTATUM

708 2761 779 2800 ET
819 2760 1115 2800 ACTIONUM
1152 2759 1507 2807 NOSTRARUM.

792 2859 843 2917 (l.
863 2867 980 2920 part.
1006 2875 1044 2920 q.
1076 2860 1212 2906 CXV.
1237 2867 1318 2906 art.
1344 2860 1426 2919 4.).

222 2970 290 3015 Ex
318 2970 410 3016 hoc
436 2980 590 3016 autem
616 2970 803 3016 ulterius
831 2983 1031 3032 apparet,
1059 2972 1180 3032 quod
1211 2987 1404 3032 corpora
1430 2971 1648 3018 coelestia
1679 2987 1774 3018 non
1813 2981 1919 3017 sunt
1955 2985 2093 3017 causa

134 3036 423 3086 voluntatum
448 3048 723 3092 nostrarum,
739 3053 888 3098 neque
907 3039 1202 3084 electionum.
1219 3039 1447 3085 Voluntas
1466 3040 1587 3084 enim
1606 3040 1652 3084 in
1672 3049 1797 3098 parte
1813 3037 2094 3084 intellectiva

137 3105 317 3149 animae
335 3114 417 3158 est,
434 3113 483 3148 ut
499 3114 623 3163 patet
648 3119 728 3163 per
752 3105 1089 3164 Philosophum
1109 3109 1154 3151 in
1171 3108 1304 3151 tertio
1332 3107 1404 3152 De
1432 3107 1585 3151 anima
1612 3108 1663 3163 (t.
1692 3122 1730 3152 c.
1757 3106 1866 3163 42.).
1885 3106 1935 3150 Si
1955 3105 2092 3164 igitur

137 3183 332 3229 corpora
357 3170 575 3216 coelestia
599 3171 694 3216 non
721 3182 910 3230 possunt
934 3173 1197 3232 imprimere
1221 3173 1391 3218 directe
1418 3173 1466 3217 in
1492 3172 1775 3218 intellectum
1801 3183 2024 3226 nostrum,
2045 3181 2095 3216 ut

135 3246 369 3283 ostensum
392 3246 462 3282 est
485 3238 547 3296 (c.
571 3237 682 3294 84),
706 3251 854 3298 neque
881 3239 1021 3283 etiam
1046 3240 1092 3284 in
1110 3239 1398 3285 voluntatem
1417 3250 1623 3284 nostram
1641 3239 1813 3285 directe
1831 3239 2093 3298 imprimere

49 3313 65 3342 12
136 3312 363 3362 poterunt.
2030 3325 2034 3328 -

41 3413 58 3434 ,
224 3369 457 3428 Amplius:
486 3370 637 3415 omnis
669 3369 835 3416 electio
861 3382 907 3417 et
932 3372 1120 3418 actualis
1151 3373 1364 3419 voluntas
1398 3374 1445 3418 in
1478 3373 1611 3418 nobis
1644 3372 1909 3418 immediate
1936 3386 1990 3416 ex
2023 3385 2096 3430 ap-

51 3487 54 3488 ⁷
137 3437 441 3495 prehensione
474 3437 771 3483 intellectuali
808 3450 1031 3484 causatur.
1067 3440 1249 3485 Bonum
1285 3441 1410 3485 enim
1441 3440 1726 3485 intellectum
1763 3449 1830 3485 est
1861 3439 2094 3498 objectum

33 3528 65 3555 3„
136 3501 397 3557 voluntatis,
424 3512 473 3548 ut
498 3513 619 3562 patet
645 3504 691 3548 in
717 3504 850 3549 tertio
877 3505 948 3550 De
977 3507 1129 3551 anima
1156 3508 1205 3565 (t.
1237 3521 1274 3550 c.
1306 3508 1411 3565 31.).
1439 3507 1496 3551 Et
1521 3517 1704 3567 propter
1720 3507 1812 3551 hoc
1834 3521 1929 3551 non
1945 3514 2096 3566 potest

60 3587 62 3589 >
139 3568 267 3628 sequi
290 3570 559 3629 perversitas
584 3570 634 3614 in
659 3570 886 3630 eugendo,
910 3572 999 3619 nisi
1024 3573 1281 3619 intellectus
1306 3574 1525 3632 judicium
1552 3573 1734 3619 deficiat
1759 3575 1805 3618 in
1833 3571 2094 3632 particulari

41 3637 48 3646 ”
140 3632 342 3694 eligibili,
366 3645 416 3683 ut
446 3645 569 3696 patet
592 3650 672 3695 per
696 3636 1034 3699 Philosophum
1059 3639 1107 3685 in
1124 3640 1319 3701 septimo
1335 3640 1482 3688 Ethic.
1508 3642 1568 3700 (c.
1601 3640 1673 3700 5.).
1704 3640 1915 3701 Corpora
1937 3649 2094 3690 autem
