2332 3854
826 236 980 276 mima
1017 235 1091 275 w.
1134 235 1254 275 cAP.
1296 234 1408 275 x1x.
1960 216 2062 287 585

109 347 180 387 est
200 339 248 384 in
272 337 506 383 voluntate
523 335 674 381 divina
700 346 750 381 ut
775 346 979 382 amatum
1005 338 1050 381 in
1073 346 1271 391 amante,
1292 346 1337 381 et
1363 332 1388 379 a
1414 333 1569 379 Verbo
1590 333 1680 378 Dei
1700 344 1743 379 et
1767 348 1792 378 a
1813 334 1916 378 Deo
1941 335 2068 393 cujus

0 412 23 455 i<
109 416 180 454 est
204 406 393 450 verbum
420 403 651 463 procedat.
1290 435 1292 438 ψ

0 479 21 517 i'
229 472 390 524 Quum
414 482 565 515 autem
592 480 826 515 ostensum
858 471 914 514 sit
937 470 1058 528 quod
1086 481 1290 514 amatum
1316 469 1362 512 in
1389 479 1570 513 amante
1596 481 1690 512 non
1719 479 1786 512 est
1811 467 2066 512 secundum

109 538 452 585 similitudinem
487 537 672 596 speciei,
704 537 821 581 sicut
861 537 1144 581 intellectum
1176 537 1220 580 in
1257 535 1555 594 intelligente,
1590 548 1731 579 omne
1765 544 1915 578 autem
1945 534 2068 592 quod

0 649 6 657 ,Α
107 605 315 665 procedit
340 604 395 648 ab
419 603 562 648 altero
596 617 675 662 per
701 604 892 647 modum
919 604 1059 662 geniti
1085 603 1290 662 procedit
1317 603 1568 647 secundum
1592 601 1939 646 similitudinem
1971 614 2072 660 spe-

0 670 13 715 ἐ
109 672 195 717 cici
221 680 533 729 agenerante,
557 669 823 728 relinquitur
849 670 971 729 quod
994 683 1235 728 processus
1262 669 1326 714 rei
1352 669 1408 713 ad
1430 669 1522 714 hoc
1549 669 1671 728 quod
1693 668 1812 712 sitin
1834 667 2070 717 voluntate

0 746 7 794 Ξ
109 739 229 785 sicut
252 747 454 783 amatum
477 739 522 783 in
550 747 731 781 amante
757 750 851 781 non
875 737 931 781 sit
957 752 1035 795 per
1062 737 1253 781 modum
1280 736 1586 794 generationis
1609 736 1725 780 sicut
1747 748 1989 794 processus
2006 734 2072 779 rei

0 794 12 823 ’ἦ
109 804 165 851 ad
190 805 280 852 hoc
312 804 436 863 quod
461 806 519 848 sit
544 806 589 848 in
611 803 860 857 intellectu,
877 803 1014 847 habet
1039 803 1262 847 rationem
1282 803 1603 861 generationis,
1621 799 1817 861 utsupra
1836 812 2070 847 ostensum

107 882 191 917 est.
207 872 333 917 Deus
350 872 500 930 igitur,
518 871 769 930 procedens
786 885 865 930 per
882 871 1073 914 modum
1092 871 1274 925 amoris,
1293 884 1385 914 non
1404 872 1610 929 procedit
1628 880 1675 914 ut
1693 870 1885 927 genitus.
1908 869 2069 928 Neque

106 938 386 997 igiturifilius
417 938 507 982 dici
539 948 700 996 potest.
730 938 835 991 Sed,
868 940 973 996 quia
1002 949 1204 982 amatum
1232 939 1277 981 in
1304 936 1539 981 voluntate
1567 937 1738 981 exsistit
1770 947 1820 980 ut
1843 936 2070 981 inclinans

50 1010 56 1018 ‘
108 1015 156 1051 et
177 1005 522 1064 quodammodo
547 1004 789 1063 impellens
820 1005 1090 1048 intrinsecus
1118 1014 1351 1048 amantem
1376 1004 1423 1047 in
1450 1005 1596 1062 ipsam
1623 1017 1719 1048 rem
1748 1014 1965 1056 amatam,
1989 1003 2072 1047 im·

106 1071 263 1132 pulsus
291 1083 442 1116 autem
469 1072 534 1116 rei
558 1071 750 1115 viventis
772 1072 826 1115 ab
854 1071 1055 1114 interiori
1085 1071 1138 1114 ad
1167 1071 1373 1128 spiritum
1401 1071 1608 1128 pertinet,
1627 1071 1841 1114 convenit
1861 1070 1964 1114 Deo
1991 1084 2070 1128 per

109 1138 298 1183 modum
318 1139 486 1182 amoris
505 1138 769 1197 procedenti
788 1148 836 1182 ut
859 1137 1050 1196 Spiritus
1085 1138 1273 1190 dicatur,
1301 1138 1395 1195 ejus
1429 1138 1674 1196 spiratione
1708 1136 1836 1195 quasi
1869 1136 2068 1195 quadam

108 1206 383 1264 aspiratione
417 1205 673 1249 exsistente.
709 1205 826 1248 Hinc
860 1214 927 1249 est
960 1205 1081 1262 quod
1111 1204 1359 1261 Apostolus
1377 1205 1549 1263 spiritui
1578 1215 1620 1247 et
1647 1204 1795 1248 amori
1817 1203 2062 1262 impulsum

109 1273 358 1331 quemdam
384 1271 604 1325 attribuit3
630 1271 794 1315 dicitur
811 1272 934 1315 enirn
951 1271 1110 1329 (Rom.
1138 1270 1258 1314 VIII.
1283 1271 1395 1328 14.):
1419 1272 1510 1327 Qui
1526 1273 1677 1329 spiritu
1700 1272 1784 1315 Dei
1805 1278 2001 1329 aguntur,
2025 1270 2068 1315 hi

97 1336 186 1398 filii
206 1339 291 1383 Dei
314 1345 434 1390 sunt;
463 1347 507 1382 et
539 1338 616 1394 (II.
650 1339 761 1384 Cor.
786 1338 842 1381 V.
882 1340 992 1394 14.):
1021 1339 1187 1383 Caritas
1211 1337 1369 1382 Chr1'sti
1391 1343 1506 1396 urget
1527 1352 1611 1381 nos.
1637 1337 1760 1389 Quia
1783 1351 1890 1381 vero
1915 1338 2066 1381 omnis

107 1404 427 1450 intellectualis
453 1415 605 1449 motus
633 1419 659 1448 a
689 1407 886 1449 termino
914 1404 1248 1458 denominatur,
1273 1418 1403 1447 amor
1429 1415 1579 1448 autern
1615 1405 1870 1463 praedictus
1895 1414 1963 1448 est
1979 1419 2070 1463 quo

106 1471 234 1516 Deus
266 1473 362 1532 ipse
389 1482 582 1525 amatur,
609 1471 933 1515 convenienter
958 1471 1083 1515 Deus
1110 1485 1189 1529 per
1215 1470 1407 1514 modum
1434 1470 1602 1515 amoris
1629 1471 1882 1528 procedens
1909 1471 2072 1515 dicitur

111 1537 304 1597 Spiritus
330 1538 548 1594 Sanctus;
576 1553 630 1582 ea
662 1538 787 1583 enim
812 1551 929 1597 quae
959 1538 1063 1582 Deo
1090 1536 1240 1582 dicata
1273 1548 1391 1591 sunt,
1424 1548 1581 1582 sancta
1607 1537 1694 1582 dici
1718 1548 2070 1583 consueverunt.

877 1692 1132 1748 CAPUT
1172 1693 1299 1748 XX.

182 1822 258 1861 DE
296 1787 627 1861 ErFECTIBus
667 1797 998 1859 ATTRIBU‘rls
1035 1820 1268 1858 SPIRITUI
1303 1819 1522 1858 SANCTO
1564 1819 1620 1859 IN
1661 1819 1994 1871 SCRIPTURIS,

264 1910 266 1913 ·
461 1887 470 1895 ⁸
634 1894 914 1933 RESPECTU
954 1894 1164 1933 TOTIUS
1207 1894 1549 1934 CREATURAE.
1594 1893 1598 1897 “

202 2004 400 2064 Oportet
425 2014 592 2058 autem,
624 1996 877 2048 secundum
911 2003 1277 2048 convenientiam
1310 2003 1663 2062 praedictorum,
1690 2003 1980 2049 considerare
2013 2001 2070 2047 ef·

8 2075 35 2122 ³.
106 2070 252 2116 fectus
277 2085 392 2130 quos
416 2070 602 2130 Spiritui
629 2070 799 2115 Sancto
826 2084 955 2114 sacra
982 2069 1214 2129 Scriptura
1241 2070 1453 2114 attribuit.

25 2186 27 2188 ,
116 2178 122 2183 .
198 2138 448 2184 Ostensurn
477 2146 545 2182 est
569 2137 692 2182 enim
717 2137 764 2181 in
796 2137 1103 2196 superioribus
1130 2136 1251 2194 (Lib.
1278 2137 1312 2181 I.
1341 2151 1379 2181 c.
1413 2136 1506 2194 86.)
1534 2137 1657 2196 quod
1689 2136 1869 2182 bonitas
1894 2137 1983 2181 Dei
2006 2146 2073 2181 est

22 2208 35 2253 Ῐ
107 2205 226 2251 ratio
256 2204 442 2250 volendi
474 2204 596 2264 quod
627 2204 717 2248 alia
747 2204 837 2248 sint
869 2215 913 2248 et
944 2219 1024 2262 per
1053 2219 1186 2248 suam
1218 2203 1503 2249 voluntatem
1535 2219 1606 2249 res
1638 2205 1685 2248 in
1718 2218 1817 2249 esse
1849 2204 2071 2264 producit.

2 2311 4 2314 Α
107 2272 258 2316 Amor
281 2272 419 2330 igitur
444 2284 535 2330 quo
568 2285 699 2316 suam
730 2272 982 2316 bonitatem
1017 2281 1141 2315 amat
1173 2281 1241 2317 est
1282 2286 1420 2316 causa
1463 2272 1704 2316 creationis
1747 2286 1919 2326 rerum;
1952 2271 2072 2315 unde

17 2344 36 2392 '3-
66 2334 72 2341 ’
107 2347 157 2382 et
184 2338 369 2398 quidam
397 2338 569 2397 antiqui
594 2337 857 2397 philosophi
883 2351 1091 2382 amorem
1117 2338 1308 2382 deorum
1337 2352 1522 2382 causam
1556 2339 1767 2383 omnium
1789 2352 1887 2383 esse
1914 2351 2073 2396 posue-

106 2414 225 2459 runt,
251 2414 301 2450 ut
323 2414 447 2464 patet
470 2405 517 2449 in
533 2405 683 2464 primo
701 2405 1097 2463 Metaphyisicor.;
1123 2415 1166 2449 et
1184 2406 1433 2464 Dionysius
1452 2405 1560 2450 dicit
1585 2406 1632 2450 in
1650 2416 1810 2464 quarto
1836 2405 1908 2449 De
1934 2405 2072 2449 divin.

18 2467 27 2514 ἶ
98 2471 284 2516 nomin.
312 2471 434 2530 qu'od
461 2472 639 2516 divinus
673 2485 803 2516 amor
828 2468 927 2515 non*
956 2472 1160 2529 permisit
1186 2472 1335 2531 ipsum
1363 2473 1460 2517 sine
1487 2473 1692 2531 germine
1717 2487 1828 2517 esse.
1855 2472 2072 2517 Habitum

33 2561 42 2566 ..
113 2548 182 2583 est
207 2547 360 2583 autem
391 2551 445 2582 ex
469 2539 728 2597 praemissis
754 2538 876 2597 quod
911 2538 1102 2597 Spiritus
1130 2539 1324 2583 Sanctus
1342 2541 1546 2598 procedit
1571 2554 1652 2598 per
1677 2540 1872 2584 modum
1903 2539 2073 2583 amoris

87 2617 200 2663 &quo
216 2603 342 2648 Deus
367 2614 492 2649 amat
512 2605 726 2664 seipsum.
748 2605 891 2663 Igitur
913 2605 1104 2663 Spiritus
1132 2605 1325 2650 Sanctus
1353 2616 1419 2650 est
1445 2607 1719 2665 principium
1742 2606 1984 2651 creationis
2009 2621 2073 2651 re-

43 2716 46 2720 ,
106 2683 234 2724 rum3
267 2679 313 2714 et
341 2670 432 2714 hoc
464 2670 743 2729 significatur
774 2671 820 2713 in
852 2670 970 2715 Psal.
1006 2672 1127 2716 CIII.
1166 2684 1258 2730 3o.:
1291 2673 1446 2717 Emitte
1477 2673 1684 2731 Spiritum
1717 2678 1847 2724 tuum,
1893 2678 1929 2716 et
1961 2686 2075 2717 crea-

35 2746 44 2799 ἦ
108 2738 278 2782 buntur.
295 2736 361 2780 Ex
376 2737 466 2781 hoc
485 2738 623 2781 etiam
645 2737 767 2795 quod
787 2736 978 2795 Spiritus
993 2737 1185 2782 Sanctus
1203 2752 1282 2796 per
1300 2738 1491 2783 modum
1510 2740 1678 2783 amoris
1701 2738 1919 2797 procedit,
1940 2753 2072 2783 amor

109 2814 263 2848 autem
287 2803 381 2847 vim
408 2804 655 2862 quamdam
681 2804 972 2862 impulsivam
992 2813 1035 2848 et
1062 2805 1284 2848 motivam
1303 2805 1452 2859 habet,
1472 2814 1623 2850 motus
1652 2805 1728 2864 qui
1756 2815 1823 2850 est
1849 2820 1874 2849 a
1899 2805 2003 2851 Deo
2024 2805 2072 2849 in

107 2870 240 2914 rebus
266 2869 452 2929 Spiritui
478 2870 648 2914 Sancto
671 2870 850 2929 proprie
877 2871 1057 2915 attribui
1083 2871 1270 2915 videtur.
1294 2871 1446 2915 Prima
1475 2882 1627 2916 autem
1655 2872 1848 2916 mutatio
1869 2872 1916 2916 in
1935 2872 2070 2916 rebus

40 2943 52 2963 ²
110 2950 137 2980 a
160 2936 264 2981 Deo
291 2937 508 2982 exsistens
534 2936 799 2995 intelligitur
817 2938 1069 2981 secundum
1087 2938 1208 2996 quod
1236 2952 1289 2982 ex
1308 2938 1497 2982 materia
1525 2948 1675 2983 creata
1692 2937 1877 2983 informi
1895 2939 2073 2998 species

53 3010 56 3014 ’
108 3001 308 3047 diversas
338 3003 560 3062 produxit.
589 3003 723 3049 Unde
756 3003 845 3047 hoc
879 3018 993 3062 opus
1023 3004 1208 3063 Spiritui
1235 3004 1407 3048 Sancto
1430 3018 1558 3048 sacra
1585 3004 1818 3062 Scriptura
1845 3005 2070 3059 attribuit3

110 3068 269 3114 dicitur
301 3069 424 3114 enim
450 3069 590 3128 (Gen.
623 3070 657 3114 I.
691 3071 782 3126 2.):
820 3071 1014 3129 Spiritus-
1031 3072 1115 3115 Dei
1145 3072 1358 3126 ferebatur
1382 3079 1505 3130 super
1531 3086 1661 3129 aquas
1670 3087 1686 3123 ,·
1714 3070 1810 3115 vult
1834 3072 1954 3115 enim
1982 3072 2075 3116 Au-

25 3146 61 3196 '⁵2'
110 3135 314 3193 gustinus
339 3150 419 3195 per
445 3150 584 3195 aquas
611 3136 802 3195 intelligi
821 3137 1059 3181 materiam
1086 3138 1297 3195 primam,
1325 3152 1460 3195 super
1483 3152 1620 3196 quam
1648 3138 1855 3197 spiritum
1882 3138 2073 3182 Domini

47 3211 55 3261 j
109 3199 215 3248 fierri
235 3203 410 3257 dicitur,
436 3217 531 3248 non
557 3203 684 3262 quasi
711 3204 807 3262 ipse
834 3213 1086 3257 moveatur,
1116 3204 1194 3248 sed
1221 3205 1327 3263 quia
1356 3215 1424 3248 est
1450 3205 1668 3249 motionis
1693 3205 1980 3263 principium.

41 3273 54 3319 ,ᾗ
154 3302 156 3304 -
196 3268 390 3315 Rursus:
436 3284 588 3314 rerum
615 3271 882 3328 gubernatio
921 3285 946 3314 a
972 3272 1074 3315 Deo
1108 3272 1360 3315 secundum
1394 3272 1641 3330 quamdam
1677 3271 1934 3315 motionem
1966 3284 2068 3315 esse

41 3377 45 3387 ,,
109 3333 390 3395 intelligitur,
415 3338 666 3382 secundum
694 3338 816 3395 quod
843 3338 968 3383 Deus
1002 3338 1158 3382 omnia
1185 3338 1337 3396 dirigit
1364 3347 1408 3382 et
1434 3349 1591 3382 movet
1623 3339 1668 3381 in
1704 3337 1912 3396 proprios
1938 3337 2067 3382 fines.

112 3401 163 3447 Si
186 3402 325 3461 igitur
344 3403 566 3461 impulsus
587 3413 634 3447 et
653 3404 798 3448 motio
826 3403 882 3447 ad
925 3404 1145 3462 Spiritum
1186 3404 1420 3461 Sanctum,
1447 3404 1624 3448 ratione
1647 3405 1832 3457 amoris,
1863 3403 2072 3463 pertinet,

44 3483 50 3490 ··
112 3470 437 3515 convenienter
452 3484 603 3515 rerum
621 3470 888 3529 gubernatio
911 3481 955 3515 et
970 3471 1239 3529 propagatio
1259 3470 1445 3529 Spiritui
1463 3471 1634 3516 Sancto
1653 3471 1919 3516 attribuitur.
1934 3470 2070 3515 Unde

50 3531 62 3575 J
112 3535 219 3594 Uob
243 3535 455 3581 XXXIII.
480 3536 545 3592 4.)
578 3537 760 3581 dicitur:
793 3537 974 3596 Spiritus
1004 3538 1186 3582 Domini
1199 3537 1305 3595 jecit
1325 3552 1389 3582 me
1399 3552 1416 3589 ,⁰
1445 3547 1489 3580 et
1515 3535 1707 3593 (Psalm.
1735 3535 1919 3581 CXLII.
1957 3537 2071 3593 10.):

110 3601 297 3661 Spiritus
315 3609 407 3648 tuus
434 3604 560 3649 bonus
585 3602 749 3648 deducet
781 3604 914 3649 mein
940 3610 1098 3649 terram
1124 3610 1296 3649 rectam.
1344 3603 1414 3659 Et,
1445 3603 1550 3662 quia
1584 3603 1835 3662 gubernare
1866 3603 2072 3649 subditos
