2332 3854
191 229 216 282 3
229 228 255 281 5
266 225 295 264 2
836 219 992 262 LIBER
1030 222 1106 260 ΙΙΙ.
1150 221 1270 260 CAP.
1310 220 1497 259 XLVIII.

185 327 272 371 nisi
302 337 382 386 per
414 336 594 370 motum
625 322 892 378 uiolentum,
933 323 1011 382 qui
1044 322 1344 367 contrariatur
1376 311 1618 381 appetituie‘
1642 318 1854 367 Felicitas
1885 332 2170 370 autemzew-

186 390 372 438 ultimus
403 393 519 446 finis,
552 405 690 451 quem
721 392 866 435 homo
899 389 1162 433 naturaliter
1194 389 1431 434 desiderat.
1465 388 1548 433 Est
1574 389 1711 446 igitur
1736 389 1947 434 hominis
1972 390 2159 437 deside-³-

185 461 303 505 rium
334 459 538 504 naturale
573 459 627 502 ad
660 458 750 501 hoc
784 456 918 515 quod
937 456 984 499 in
1025 455 1241 500 felicitate
1273 455 1536 500 stabiliatur.
1569 456 1669 500 Nisi
1699 456 1837 514 igitur
1869 467 1995 500 cum
2005 456 2156 502 felici-2

183 537 274 572 tate
306 530 471 585 pariter
502 523 887 581 immobiliterque
920 521 1214 566 stabilitatem
1240 531 1558 599 consequatur,
1583 522 1790 565 nondum
1817 531 1885 566 est
1904 517 2030 577 felix,
2046 512 2167 582 eju&

184 593 406 638 desiderio
433 591 627 635 naturali
658 590 865 633 nondum
891 589 1164 647 quiescente.
1194 589 1316 634 Cum
1342 589 1478 648 igitur
1510 589 1672 647 aliquis
1697 587 1962 633 felicitatem
1989 600 2154 636 conse*

185 661 348 720 quitur,
381 659 546 718 pariter
578 656 870 700 stabilitatem
903 667 946 699 et
983 656 1184 714 quietem
1211 656 1515 715 consequitur.
1550 655 1684 699 Unde
1711 655 2002 700 etoffin’ium‘
2028 657 2152 702 hm

185 737 252 771 est
283 727 338 770 de
364 725 578 769 felicitate
602 723 857 780 conceptio,
882 722 1004 781 quod
1031 722 1086 766 de
1113 722 1182 766 sui
1204 722 1379 766 ratione
1397 721 1688 766 stabilitatem
1712 722 1935 780 requirat&
1960 732 2160 782 propter}

185 794 306 852 quod
333 791 641 849 Philosophus
675 790 784 833 dicit
816 790 861 832 in
894 790 1042 848 primo
1075 788 1222 833 Ethic.
1255 789 1316 847 (c.
1345 789 1433 845 14.)
1467 788 1589 847 quod
1621 801 1716 832 non
1744 788 2040 834 aestimamus
2062 784 2144 834 ho*

187 860 357 904 minem
381 871 478 901 esse
496 856 894 900 chamaeleontem
913 856 1172 914 quemdam.
1196 856 1248 899 In
1265 856 1357 899 vita
1375 866 1527 899 autem
1544 855 1628 899 ista
1645 866 1738 898 non
1761 863 1828 900 eSt
1845 854 2002 915 aliqua·
2019 865 2145 901 cet-'ta‘

184 925 424 979 stabilitas;
459 923 642 967 cuilibet
665 923 803 975 enim,
829 924 1249 981 quantumcumque
1273 921 1380 965 felix
1407 922 1595 975 dicatur,
1621 920 1835 980 possibile
1867 932 1934 967 est
1958 918 2143 977 infirmi-

185 1003 300 1036 tates
337 1002 381 1035 et
411 990 657 1034 infortunia
691 990 896 1033 accidere
928 989 1088 1047 quibus
1121 988 1395 1047 impediatur
1427 989 1480 1032 ab
1514 988 1795 1046 operatione,
1828 998 2143 1049 quaecumque

187 1059 244 1103 sit
274 1058 366 1110 illa,
397 1058 444 1100 in
477 1071 565 1116 qua
597 1058 780 1115 ponitur
805 1054 1010 1099 felicitas.
1043 1055 1151 1099 Non
1185 1064 1252 1098 est
1277 1055 1411 1113 igitur
1433 1053 1646 1114 possibile
1672 1054 1718 1098 in
1740 1054 1827 1098 hac
1848 1055 1941 1099 vita
1963 1055 2149 1100 esseni-⁴

186 1126 348 1169 timam
380 1123 581 1167 hominis
610 1122 888 1167 felicitatem.

275 1190 516 1249 Amplius:
550 1189 878 1234 inconveniens
916 1188 1094 1232 videtur
1125 1197 1170 1232 et
1209 1186 1533 1241 irrationabile,
1574 1188 1696 1246 quod
1738 1196 1934 1247 tempus«
1961 1197 2155 1247 gemm‘

185 1258 322 1302 tionis
356 1257 545 1315 aliquus
578 1256 643 1299 rei
669 1256 725 1300 sit
763 1269 999 1313 magnum,
1021 1264 1201 1313 tempus
1229 1265 1382 1298 autem
1409 1254 1656 1298 durationis
1682 1255 1833 1313 ipsius
1849 1255 1911 1299 sit
1923 1263 2146 1313 'pa‘rvtfflg
2177 1273 2180 1276 ·

186 1333 450 1384 sequeretur
482 1323 605 1368 enim
638 1322 760 1382 quod
786 1333 947 1365 natura
973 1322 1020 1365 in
1052 1321 1215 1379 maiori
1249 1331 1457 1380 tempore
1489 1335 1573 1364 suo
1605 1320 1695 1364 fine
1718 1321 1981 1380 privaretur.
2008 1320 2144 1366 Unde

186 1392 393 1436 videmus
427 1390 549 1449 quod
584 1389 799 1433 animalia
833 1402 947 1448 quae
974 1403 1114 1447 parvo
1141 1397 1350 1447 tempore
1381 1388 1553 1442 vivunt,
1585 1397 1776 1447 parvum
1808 1387 1945 1432 etiam
1968 1396 2148 1447 tempus

188 1459 243 1503 ad
275 1459 365 1502 hoc
399 1457 521 1516 quod
554 1456 844 1533 perficiantur
882 1456 1065 1499 habent.
1101 1454 1151 1498 Si
1191 1465 1344 1498 autem
1374 1454 1579 1498 humana
1618 1454 1813 1498 felicitas
1851 1454 2084 1499 consistat
2100 1454 2154 1498 in'

187 1525 384 1584 perfecta
407 1524 672 1582 operatione
695 1522 947 1567 secundum
964 1513 1178 1565 virtutem
1195 1521 1458 1580 perfectam,
1475 1521 1550 1565 vel
1571 1520 1942 1589 intellectualem,
1957 1520 2034 1566 vei
2043 1526 2150 1565 ’τηου

161 1592 347 1645 ¹ralem,
383 1590 666 1650 impossibile
699 1599 766 1633 est
800 1604 903 1633 eam
947 1588 1158 1632 advenire
1191 1587 1371 1631 homini
1402 1588 1488 1631 nisi
1524 1598 1628 1646 post
1658 1596 1837 1645 tempus
1870 1586 2147 1631 diuturnum.

188 1659 245 1703 Et
270 1660 359 1703 hoc
394 1659 592 1702 maxime
625 1657 670 1700 in
704 1649 993 1713 speculativis
1027 1665 1226 1713 apparet,
1258 1655 1304 1697 in
1338 1649 1497 1712 quibus
1531 1653 1690 1697 ultima
1722 1652 1913 1697 felicitas
1945 1652 2148 1698 hominis

189 1727 384 1785 ponitur,
417 1735 466 1768 ut
498 1739 551 1769 ex
584 1723 824 1782 praedictis
855 1731 992 1781 patet.
1018 1722 1140 1766 Nam
1172 1722 1246 1764 vix
1271 1722 1323 1764 in
1353 1720 1513 1765 ultima
1547 1730 1692 1764 aetate
1733 1720 1878 1764 homo
1911 1720 1967 1764 ad
2008 1719 2150 1779 perfe-
2203 1738 2205 1740 ·

189 1803 311 1837 ctam
343 1791 704 1851 speculationem
731 1789 1023 1834 scientiarum
1041 1788 1277 1846 pervenire
1294 1797 1467 1847 potest;
1490 1797 1597 1831 tunc
1627 1796 1794 1840 autem,
1811 1797 1861 1830 ut
1884 1785 2148 1845 plurimum,
2190 1801 2192 1803 ’

190 1860 427 1903 modicum
458 1868 596 1902 restat
627 1858 857 1900 humanae
892 1856 1025 1899 vitae.
1059 1855 1167 1899 Non
1200 1865 1266 1899 est
1306 1855 1444 1912 igitur
1474 1853 1690 1912 possibile
1721 1853 1780 1897 in.
1804 1853 1897 1898 hac.
1923 1853 2017 1902 vita
2050 1852 2149 1898 ulti-

190 1941 316 1970 mam
342 1925 544 1970 hominis
576 1923 841 1968 felicitatem
865 1937 963 1966 esse
995 1921 1259 1981 perfectam.
1849 1951 1855 1956 .

276 1993 544 2036 Praeterea:
579 1990 842 2034 felicitatem
877 1988 1127 2048 perfectam
1172 1987 1405 2047 quoddam
1436 1988 1610 2031 bonum
1644 2000 1806 2031 omnes
1847 1986 2146 2040 confitentur;

190 2060 302 2104 alias
336 2060 586 2118 appetitum
617 2072 711 2101 non
745 2058 981 2115 quietaret.
1016 2055 1273 2099 Perfectum
1308 2065 1460 2098 autem
1492 2055 1666 2098 bonum
1700 2064 1767 2098 est
1798 2053 1919 2112 quod
1956 2053 2147 2098 omnino

190 2136 312 2171 caret
346 2125 623 2170 admixtione
657 2124 781 2177 mali,
808 2124 925 2168 sicut
957 2123 1206 2182 perfectum
1242 2122 1394 2166 album
1437 2132 1504 2165 est
1529 2122 1651 2180 quod
1679 2130 1746 2165 est
1771 2120 2149 2179 omninozimper-

190 2196 382 2237 mixtum
414 2193 560 2250 nigro.
592 2191 700 2235 Non
744 2201 811 2235 est
842 2201 995 2235 autem
1038 2189 1254 2249 possibile
1288 2189 1411 2248 quod
1450 2189 1594 2232 homo
1626 2188 1672 2231 in
1714 2197 1833 2234 statu
1871 2186 2165 2231 istiusvitae:

190 2261 381 2305 omnino
422 2260 479 2303 sit
510 2259 728 2302 immunis
775 2273 800 2301 a
832 2257 979 2311 malis,
1002 2272 1095 2301 non
1129 2256 1280 2300 solum
1323 2255 1649 2314 corporalibus,
1693 2266 1809 2312 quae
1841 2263 1948 2298 sunt
1982 2252 2144 2308 fama,

191 2328 301 2381 sitis,
335 2336 484 2370 aestus
517 2335 561 2369 et
591 2325 747 2384 frigus,
780 2335 825 2369 et
856 2324 944 2368 alia
976 2324 1255 2382 hujusmodi,
1289 2323 1366 2367 sed
1401 2324 1538 2367 etiam
1563 2337 1588 2366 a
1614 2323 1748 2366 malis
1774 2315 1968 2367 animae.
1983 2320 2150 2366 Nullus

192 2395 315 2438 enim
346 2393 583 2440 invenitur
615 2393 690 2451 qui
731 2406 826 2435 non
859 2391 1103 2450 aliquando
1135 2391 1402 2434 inordinatis
1436 2390 1722 2448 passionibus
1754 2389 2041 2448 inquietetur,
2072 2388 2164 2448 qut

189 2472 283 2504 non
317 2459 561 2518 aliquando
594 2468 847 2517 praetereat
879 2459 1083 2503 medium
1115 2459 1161 2501 in
1194 2471 1284 2516 quo
1318 2457 1458 2500 virtus
1491 2457 1709 2509 consistit,
1735 2455 1810 2499 vel
1845 2456 1892 2499 in
1928 2455 2050 2514 plus,
2075 2454 2155 2500 vel·

189 2528 236 2571 in
269 2527 433 2580 minus,
468 2528 544 2584 qui
575 2539 670 2570 non
703 2526 841 2569 etiam
873 2526 920 2568 in
954 2525 1177 2584 aliquibus
1211 2524 1475 2582 decipiatur,
1509 2523 1583 2566 vel
1614 2522 1778 2566 saltem
1810 2522 1992 2580 ignoret
2032 2534 2156 2581 quae-

190 2594 303 2639 scire
338 2593 574 2647 desideret,
609 2602 684 2636 aut
716 2592 855 2636 etiam
887 2591 1023 2636 debili
1050 2591 1265 2650 opinione
1301 2591 1528 2648 concipiat
1559 2603 1612 2633 ea
1646 2589 1699 2633 de
1733 2588 1898 2647 quibus·
1927 2587 2153 2633 certitudi—

190 2674 298 2705 nem
330 2660 497 2704 habere
529 2659 679 2703 vellet.
713 2659 821 2703 Non
855 2669 923 2703 est
953 2659 1091 2717 igitur
1124 2657 1286 2716 aliquis
1318 2658 1364 2701 in
1395 2658 1483 2701 hac
1516 2657 1609 2700 vita
1640 2655 1760 2699 felix.

280 2728 472 2771 Adhuc:
493 2727 638 2770 homo
664 2725 927 2770 naturaliter
953 2725 1118 2784 refugit
1144 2735 1355 2777 mortem,
1379 2734 1423 2768 et
1443 2723 1643 2767 tristatur
1668 2722 1724 2766 de
1746 2722 1858 2798 ipsa,
1882 2731 1983 2765 non2
1997 2720 2161 2765 solnm¹

193 2805 240 2839 ut
265 2809 385 2838 nunc
414 2808 519 2838 cum
547 2808 649 2837 eam
676 2794 811 2837 sentit
837 2807 939 2836 eam
961 2791 1140 2851 refugit,
1167 2791 1245 2836 sed
1273 2791 1412 2834 etiam
1439 2804 1545 2834 cum
1568 2800 1670 2833 eam
1691 2781 1929 2846 recogitat.
1951 2787 2055 2832 Hoc
2076 2800 2152 2832 au

191 2874 284 2905 tem
312 2861 433 2920 quod
460 2874 553 2903 non
581 2860 802 2904 moriatur
828 2853 972 2903 homo
1000 2873 1093 2902 non
1121 2868 1269 2917 potest
1292 2858 1470 2916 assequi
1487 2857 1533 2900 in
1550 2857 1636 2900 hac
1665 2856 1769 2900 vita.
1794 2854 1903 2899 Non
1926 2860 1995 2899 est
2014 2851 2150 2913 igitur

192 2942 275 2986 pos
266 2927 405 2972 ‚sibile
433 2927 555 2986 quod
582 2927 726 2970 homo
760 2927 806 2970 in
838 2926 924 2970 hac
958 2926 1051 2969 vita
1082 2926 1138 2969 sit
1163 2924 1281 2969 felix.

279 2995 515 3071 Amplius:
547 2993 739 3038 felicitas
767 2993 927 3037 ultima
959 3007 1052 3036 non
1081 2992 1289 3036 consistit
1314 2991 1359 3034 in
1382 2991 1554 3043 habitu,
1582 2990 1659 3034 sed
1686 2989 1733 3033 in
1759 2965 2049 3048 operatione3
2075 2987 2151 3032 ha

191 3062 309 3106 bitus
326 3062 448 3106 enim
466 3073 649 3120 propter
677 3070 803 3104 actus
830 3070 946 3104 sunt.
967 3060 1056 3103 Sed
1084 3058 1365 3117 impossibile
1391 3067 1458 3102 est
1483 3058 1528 3100 in
1555 3057 1641 3101 hac
1664 3056 1756 3100 vita
1783 3055 2012 3099 continue
2006 3067 2151 3111 agere

191 3142 528 3188 quamcumque
549 3130 793 3172 actionem.
820 3125 1106 3186 Impossibile
1135 3135 1203 3170 est
1223 3125 1359 3183 igitur
1385 3124 1432 3167 in
1454 3124 1540 3167 hac
1569 3126 1660 3167 vita
1686 3124 1927 3167 hominem
1951 3119 2151 3166 totaliter

192 3210 290 3240 esse
323 3195 518 3239 felicem.

280 3263 415 3306 Item:
436 3272 606 3321 quanto
627 3261 793 3320 aliquid
814 3270 881 3304 est
898 3262 1043 3318 magis
1061 3259 1366 3303 desideratum
1384 3269 1428 3302 et
1445 3258 1676 3312 dilectum,
1698 3267 1827 3302 tanto
1846 3257 1942 3316 ejus
1965 3255 2159 3301 amissio-

192 3330 414 3387 majorem
446 3329 655 3372 dolorem
679 3340 723 3372 et
743 3328 970 3372 tristitiam
1004 3325 1144 3370 affert.
1168 3324 1378 3369 Felicitas
1403 3336 1552 3368 autem
1583 3324 1782 3369 maxime
1809 3323 2087 3368 desideratur
2107 3332 2161 3368 et

195 3407 391 3449 amatur3
426 3395 622 3438 maxime
655 3395 791 3453 igitur
824 3396 920 3452 ejus
948 3394 1132 3438 amissio
1159 3393 1386 3436 tristitiam
1418 3393 1570 3436 habet.
1599 3392 1688 3436 Sed
1722 3391 1759 3436 si
1791 3390 1849 3436 sit
1872 3391 1919 3436 in
1940 3390 2038 3435 hac-
2060 3390 2161 3435 virm

195 3463 353 3506 ultima
379 3461 584 3515 felicitas,
619 3473 792 3505 certum
821 3472 888 3505 est
921 3461 1042 3520 quod
1071 3460 1315 3512 amittetur,
1338 3459 1500 3503 saltem
1528 3474 1607 3518 per
1641 3470 1851 3512 mortem,
1884 3467 1927 3501 et
1956 3468 2052 3501 non
2083 3466 2151 3502 ωε

195 3539 369 3573 certum
403 3538 552 3573 utrum
586 3529 798 3573 duratura
825 3529 881 3573 sit
906 3542 1047 3587 usque
1075 3527 1131 3571 ad
1158 3535 1371 3579 mortem,
1395 3540 1499 3569 curn
1527 3525 1710 3570 cuilibet
1732 3523 1912 3569 homini
1934 3522 2149 3582 possibile

195 3596 252 3639 sit
277 3594 323 3639 in
351 3596 437 3639 hac
465 3596 554 3639 vita
588 3594 794 3640 accidere
832 3595 1018 3639 morbos
1051 3593 1211 3653 quibus
1243 3591 1443 3637 totaliter
1476 3592 1529 3635 ab
1564 3592 1829 3651 operatione
1860 3589 2041 3635 virtutis-
2063 3590 2150 3635 im·
