2294 3854
815 182 969 222 LIBER
1007 181 1079 221 IV.
1122 180 1242 220 CAP.
1283 177 1482 216 Lxxxv.
2017 175 2118 229 701

139 292 141 294 ’
170 301 409 348 resurgens
432 285 705 332 immortalis
730 285 828 339 erit,
855 284 978 344 quod
1000 282 1122 328 aliud
1145 295 1310 340 corpus
1330 277 1670 338 incorruptibile
1693 287 1908 331 resumat,
1934 286 1982 321 ut
2003 290 2126 335 prae-

170 356 317 402 dictae
341 354 581 413 opiniones
607 360 882 411 posuerunt;
908 350 988 395 sed
1013 350 1120 410 quia
1145 349 1236 393 hoc
1260 348 1412 406 ipsum
1435 345 1558 405 quod
1581 358 1701 389 nunc
1728 354 1796 388 est
1819 342 2124 401 corruptibile,

169 419 507 479 incorruptibile
538 419 627 463 fiet.
661 418 736 462 Sic
768 417 905 476 igitur
934 414 1278 474 intelligendum
1313 423 1382 458 est
1412 412 1534 471 quod
1561 409 1811 470 Apostolus
1845 410 1974 454 dicit:
2011 410 2125 454 Caro

170 494 207 534 et
234 489 400 546 sanguis
429 499 598 544 regnum
630 486 715 529 Dei
744 498 826 528 non
851 482 1127 542 possidebunt,
1163 479 1285 540 quod
1312 481 1358 523 in
1384 488 1502 524 statu
1526 475 1861 535 resurgentium
1890 475 2122 533 corruptio

168 552 352 599 tolletur
376 552 525 597 carnis
549 561 595 596 et
618 550 866 609 sanguinis,
891 548 1139 593 substantia
1159 557 1315 591 tamen
1341 545 1490 589 carnis
1513 554 1557 588 et
1578 542 1812 602 sanguinis
1834 550 2122 586 remanente:

7 644 18 679 2
67 609 73 615 ”
131 633 135 637 ’
170 618 288 666 unde
313 619 566 679 subjungit:
591 619 732 677 Neque
762 618 972 675 corruptio
999 613 1326 673 incorruptelam
1340 611 1574 671 possidebit.

850 790 1105 846 CAPUT
1148 788 1459 844 LXXXVI.

498 895 571 968 11)ss
605 926 924 974 QUALITATE
959 923 1262 964 CORPORUM
1295 920 1803 989 GLORIFICA-TORUM.

775 1027 877 1086 (IV.
905 1027 1015 1072 Sent.
1042 1026 1132 1072 dist.
1158 1038 1231 1082 44.
1259 1029 1410 1083 quaest.
1436 1022 1534 1080 IL).
1585 1041 1589 1047 ·

262 1140 487 1195 Quamvis
505 1149 673 1193 autem,
691 1138 855 1183 merito
883 1137 1070 1191 Christi,
1096 1135 1299 1181 defectus
1325 1143 1513 1184 naturae
1535 1133 1582 1177 in
1600 1132 1929 1177 resurrectione
1945 1130 2130 1175 tollatur

171 1209 228 1253 ab
252 1207 463 1253 omnibus
489 1205 794 1251 communiter
819 1215 914 1249 tam
936 1204 1083 1259 bonis,
1106 1217 1244 1263 quam
1267 1201 1415 1255 malis,
1432 1199 1685 1245 remanebit
1702 1209 1858 1244 tamen
1880 1197 2129 1243 differentia

170 1277 288 1320 inter
309 1273 459 1319 bonos
482 1283 527 1318 et
551 1271 700 1316 malos
728 1282 948 1330 quantum
975 1271 1031 1315 ad
1058 1285 1112 1316 ea
1134 1283 1254 1329 quae
1280 1266 1582 1328 personaliter
1608 1266 1808 1326 utrisque
1834 1264 2127 1310 conveniunt.

129 1373 136 1381 .
170 1341 250 1386 Est
274 1340 509 1386 autemrd'e
534 1338 710 1384 ratione
731 1348 919 1382 naturae
941 1337 1064 1397 quod
1091 1337 1244 1381 anima
1265 1335 1469 1379 humana
1490 1334 1548 1378 sit
1570 1333 1774 1392 corporis
1795 1332 1959 1386 forma,
1979 1333 2130 1391 ipsum

170 1406 418 1461 vivificans,
444 1416 490 1450 et
511 1406 558 1449 in
585 1419 685 1459 esse
709 1418 1009 1459 conservans;
1036 1403 1115 1448 sed
1142 1417 1196 1448 ex
1222 1402 1537 1462 personalibus
1562 1400 1736 1445 actibus
1758 1408 1956 1445 meretur
1978 1399 2132 1443 anima

169 1475 216 1518 in
243 1473 436 1534 gloriam
463 1473 643 1517 divinae
669 1471 857 1515 visionis
884 1471 1067 1524 elevari,
1092 1469 1167 1514 vel
1189 1470 1243 1513 ab
1272 1468 1723 1526 ordinehujusmodi
1749 1466 1925 1525 gloriae
1946 1475 2130 1525 propter

171 1540 354 1599 culpam
385 1538 578 1584 excludi.
609 1538 889 1597 Disponetur
921 1538 1060 1596 igitur
1091 1550 1257 1595 corpus
1295 1535 1605 1579 communiter
1636 1533 1847 1578 omnium
1878 1533 2132 1577 secundum

171 1605 520 1652 condecentiatn
559 1605 756 1659 animae,
792 1614 841 1649 ut
875 1604 1051 1649 scilicet
1084 1602 1237 1647 forma
1269 1600 1625 1660 incorruptibilis
1658 1614 1756 1645 esse
1788 1598 2130 1658 incorruptibile

170 1673 351 1733 corpori
373 1673 555 1726 tribuat,
581 1671 915 1716 contrariorum
942 1669 1279 1728 compositione
1311 1682 1407 1712 non
1439 1668 1662 1720 obstante,
1694 1680 1750 1711 eo
1783 1665 1914 1725 quod
1939 1665 2130 1714 materia

171 1740 374 1800 corporis
397 1738 602 1792 humani,
620 1738 771 1782 divina
791 1737 970 1790 virtute,
987 1736 1169 1780 animae
1195 1735 1426 1778 humanae
1448 1743 1670 1792 quantum
1689 1732 1744 1776 ad
1760 1733 1851 1777 hoc
1870 1732 2130 1790 subjicietur

170 1806 383 1860 omnino3
415 1805 495 1850 sed
528 1820 582 1849 ex
613 1804 815 1848 claritate
848 1813 893 1847 et
923 1803 1088 1847 virtute
1128 1801 1309 1845 animae
1343 1801 1399 1845 ad
1431 1800 1634 1844 divinam
1665 1799 1894 1843 visionem
1926 1798 2130 1843 elevatae

171 1886 335 1933 corpus
366 1872 452 1917 sibi
482 1871 662 1916 unitum
693 1870 862 1929 aliquid
896 1869 1090 1928 amplius
1123 1878 1439 1926 consequetur.
1470 1866 1567 1910 Erit
1600 1866 1725 1910 enim
1756 1864 1956 1909 totaliter
1987 1865 2132 1923 subje-

172 1949 296 1985 ctum
321 1939 525 1992 animae,
542 1938 694 1981 divina
715 1937 879 1981 virtute
904 1936 995 1980 hoc
1022 1934 1233 1993 faciente,
1259 1949 1353 1978 non
1379 1933 1531 1978 solum
1564 1942 1785 1992 quantum
1820 1932 1875 1976 ad
1908 1945 2021 1986 esse,
2054 1931 2132 1975 sed

173 2007 311 2051 etiam
339 2014 559 2064 quantum
586 2004 641 2047 ad
670 2004 889 2057 actiones,
915 2012 960 2046 et
984 2002 1235 2061 passiones,
1262 2011 1307 2045 et
1333 2009 1500 2053 motus,
1529 2009 1573 2043 et
1600 2013 1845 2057 corporeas
1878 1997 2130 2057 qualitates.

173 2073 301 2117 Sicut
330 2072 467 2131 igitur
500 2071 652 2115 anima
683 2070 836 2114 divina
868 2069 1043 2113 visione
1074 2067 1243 2121 fruens,
1275 2067 1473 2126 quadam
1503 2065 1725 2125 spirituali
1758 2065 1965 2109 claritate
1994 2064 2135 2124 reple·

171 2139 303 2193 bitur,
327 2139 390 2183 ita
414 2152 496 2196 per
521 2137 769 2197 quamdam
791 2135 1140 2180 redundantiam
1165 2149 1219 2178 ex
1245 2134 1398 2178 anima
1420 2134 1466 2177 in
1489 2147 1669 2190 corpus,
1695 2134 1844 2191 ipsum
1868 2145 2032 2190 corpus
2049 2146 2132 2175 suo

163 2206 312 2250 modo
339 2204 551 2249 claritatis
577 2203 723 2262 gloria
747 2203 976 2247 induetur:
1004 2201 1124 2245 unde
1150 2201 1259 2245 dicit
1285 2199 1535 2259 Apostolus
1563 2200 1618 2256 (1.
1647 2199 1756 2244 Cor.
1782 2197 1883 2242 XV.
1909 2199 2031 2257 43.):
2062 2199 2134 2243 Se-

171 2274 360 2317 minatur
387 2285 551 2330 corpus
577 2273 622 2314 in
649 2270 919 2329 ignobilitate,
946 2274 1080 2327 surget
1106 2269 1150 2312 in
1173 2268 1338 2326 gloria:
1368 2267 1472 2325 quia
1500 2280 1663 2325 corpus
1686 2274 1895 2309 nostrum
1922 2279 2042 2309 nunc
2066 2275 2134 2309 est

172 2352 384 2398 opacum,
408 2347 516 2382 tunc
544 2347 697 2381 autem
724 2336 807 2380 erit
833 2335 1023 2389 clarum,
1051 2334 1303 2379 secundum
1330 2333 1440 2377 illud
1469 2333 1650 2390 (Matth.
1678 2332 1803 2376 XIII.
1834 2331 1953 2390 43.):
1987 2332 2132 2390 Fulge·

172 2406 272 2450 bunt
291 2405 396 2463 justi
419 2406 525 2449 sicut
549 2404 608 2447 sol
632 2405 677 2446 in
701 2417 828 2461 regno
855 2402 995 2446 Patris
1020 2403 1114 2447 mei.

258 2470 430 2516 Anima
456 2470 595 2514 etiam
621 2483 737 2528 quae
761 2468 912 2512 divina
935 2468 1112 2512 visione
1133 2467 1318 2522 fruetur,
1340 2467 1503 2511 ultimo
1531 2466 1608 2510 fini
1636 2467 1895 2524 conjuncta,
1919 2465 1965 2508 in
1989 2465 2133 2509 omni·

171 2539 254 2583 bus
280 2537 531 2597 experietur
561 2550 696 2580 suum
728 2535 1001 2579 desiderium
1036 2534 1354 2593 adimpletum:
1389 2544 1435 2578 et
1466 2533 1572 2593 quia
1605 2547 1659 2576 ex
1693 2531 1916 2576 desiderio
1951 2531 2131 2576 animae

173 2614 384 2649 movetur
416 2617 595 2662 corpus,
633 2615 921 2660 consequens
955 2603 1038 2645 erit
1069 2601 1193 2659 quod
1236 2615 1399 2658 corpus
1432 2600 1623 2644 omnino
1657 2598 1831 2656 spiritui
1864 2598 1919 2641 ad
1952 2608 2131 2642 motum

174 2670 376 2716 obediet:
403 2669 524 2713 unde
551 2682 745 2727 corpora
766 2667 1098 2726 resurgentium
1120 2667 1359 2711 beatorum
1380 2666 1528 2711 futura
1552 2677 1682 2710 erunt
1704 2665 1863 2724 agilia:
1891 2674 1935 2708 et
1955 2664 2045 2708 hoc
2069 2673 2135 2709 est

172 2737 295 2798 quod
320 2735 571 2796 Apostolus
598 2735 707 2780 dicit
731 2734 927 2779 ibidem:
953 2735 1192 2779 Seminatur
1216 2736 1262 2778 in
1287 2735 1549 2792 infirmitate,
1575 2739 1712 2792 surget
1742 2735 1786 2776 in
1818 2733 1984 2775 virtute.
2012 2731 2135 2775 Infir-

173 2804 379 2849 mitatem
405 2804 527 2847 enim
551 2802 809 2862 experimur
829 2802 876 2845 in
898 2815 1107 2858 corpore,
1131 2801 1236 2860 quia
1258 2799 1508 2844 invalidum
1534 2799 1760 2843 invenitur
1784 2798 1839 2841 ad
1863 2797 2135 2842 satisfacien-

173 2871 280 2916 dum
307 2869 531 2915 desiderio
559 2869 739 2914 animae
768 2871 813 2913 in
841 2869 1041 2913 motibus
1069 2879 1111 2912 et
1139 2869 1408 2922 actionibus,
1434 2882 1546 2927 quas
1581 2868 1734 2911 anima
1767 2868 1984 2925 imperat:
2017 2880 2134 2925 quae

171 2937 409 2982 infirmitas
432 2935 633 2980 totaliter
655 2946 764 2980 tunc
789 2934 974 2980 tolletur
1003 2935 1168 2979 virtute
1196 2935 1478 2979 redundante
1504 2935 1550 2978 in
1580 2947 1743 2992 corpus
1771 2947 1824 2976 ex
1852 2933 2004 2977 anima
2029 2934 2132 2978 Deo

175 3005 655 3062 conjuncta:.propter
686 3002 807 3069 quod
836 3002 974 3046 etiam
1001 3001 1226 3060 (Sapient.
1254 3002 1331 3045 111.
1361 3003 1439 3058 7.)‚
1467 3001 1629 3044 dicitur
1651 3000 1706 3043 de
1731 2999 1872 3057 justis,
1890 2999 2011 3058 quod
2031 3006 2134 3044 tam-

173 3084 298 3129 quam
327 3069 528 3115 scintillae
548 3070 593 3113 in
618 3069 863 3113 arundineto
890 3068 1151 3113 discurrent:
1179 3082 1273 3111 non
1295 3068 1415 3126 quod
1442 3078 1594 3111 motus
1620 3067 1677 3110 sit
1698 3068 1743 3109 in
1766 3066 1830 3110 eis
1857 3076 2040 3124 propter
2060 3079 2136 3110 ne·

174 3136 448 3190 cessitatem,
475 3149 615 3195 quum
641 3134 770 3179 nullo
796 3135 1029 3193 indigeant
1054 3135 1131 3193 qui
1156 3135 1309 3178 Deum
1335 3134 1518 3187 habent,
1551 3132 1630 3177 sed
1658 3132 1713 3175 ad
1740 3133 1914 3176 virtutis
1947 3132 2135 3176 demon-

177 3203 460 3248 strationem.

265 3269 394 3313 Sicut
421 3278 573 3312 autem
600 3268 753 3311 anima
778 3267 880 3311 Deo
904 3266 1056 3311 fruens
1082 3267 1264 3310 habebit
1292 3266 1564 3309 desiderium
1593 3264 1890 3323 adimpletum
1913 3274 2132 3323 quantum

176 3336 230 3380 ad
257 3336 411 3379 omnis
432 3335 540 3379 boni
563 3335 869 3393 adeptionem,
888 3334 948 3377 ita
973 3334 1109 3377 etiam
1138 3334 1233 3390 ejus
1261 3332 1534 3376 desiderium
1558 3331 1795 3389 impletum
1814 3332 1897 3375 erit
1914 3342 2134 3390 quantum

175 3402 231 3446 ad
257 3401 566 3446 remotionem
594 3400 744 3444 omnis
771 3399 908 3454 mali3
942 3400 1045 3458 quia
1074 3414 1179 3443 cum
1212 3413 1395 3443 summo
1422 3399 1545 3442 bono
1578 3398 1733 3442 locum
1766 3412 1859 3441 non
1891 3398 2028 3442 habet
2059 3398 2136 3441 ali·

176 3469 300 3529 quod
327 3468 516 3512 malum.
534 3467 589 3511 Et
605 3480 770 3526 corpus
791 3467 926 3524 igitur
944 3465 1195 3525 penfectum
1218 3479 1294 3524 per
1317 3466 1517 3509 animam
1538 3464 1936 3524 proportionaliter
1953 3463 2134 3509 animae

177 3536 386 3580 immune
413 3533 497 3578 erit
520 3534 574 3577 ab
597 3535 723 3577 omni
748 3533 872 3577 malo
894 3543 939 3576 et
960 3541 1177 3591 quantum
1204 3532 1258 3575 ad
1282 3542 1450 3587 actum,
1472 3542 1516 3577 et
1538 3542 1757 3591 quantum
1785 3531 1840 3575 ad
1867 3532 2134 3591 potentiam.
