2332 3854
276 186 382 256 578
644 189 651 195 '
955 197 1110 235 Lusi-:R
1149 197 1221 235 lv.
1263 195 1383 235 cAP.
1422 195 1534 234 xvn

270 304 376 354 Dei;
412 313 456 346 et
489 299 597 359 (Isa.
626 302 789 345 LXIII.
823 298 911 353 10.)
939 298 1121 341 dicitur:
1156 298 1245 355 Ipsi
1269 297 1323 340 ad
1343 296 1614 341 iracundiam
1635 303 1995 356 provocaverunt,
2022 304 2060 342 et
2081 298 2237 358 afflixe-

269 376 367 414 runt
399 370 603 427 Spiritum
638 369 839 412 Sanctum
866 369 963 423 ejuS.
993 363 1185 407 Videtur
1210 364 1348 421 igitur
1381 363 1574 422 Spiritus
1607 363 1804 408 Sanctus
1829 364 1957 408 Deus
1988 378 2084 408 non
2119 378 2234 410 esse.

358 436 549 479 Adhuc:
578 435 680 478 Deo
713 447 807 477 non
835 431 1050 475 convenit
1076 444 1220 482 orare,
1247 429 1326 473 sed
1353 430 1502 488 magis
1529 431 1662 474 orari.
1698 431 1918 488 Spiritum
1945 441 2099 475 autem
2126 431 2238 476 San-

271 511 552 546 ctum‘orare
593 500 828 552 convenit;
866 498 1030 541 dicitur
1071 497 1194 540 enim
1236 496 1395 554 (Rom.
1421 495 1545 540 VIII.
1574 495 1690 553 26.):
1718 498 1810 556 Ipse
1844 497 2024 556 Spiritus
2050 498 2238 557 postulat

262 576 344 627 pro
377 570 494 612 nobis
517 569 735 625 gemitibus
760 564 1129 608 inenarrabilibus.
1159 563 1349 623 Spiritus
1378 577 1489 622 ergo
1523 563 1719 607 Sanctus
1750 576 1846 606 non
1883 574 1982 608 esse
2012 564 2141 609 Deus
2164 565 2230 608 vi-

273 635 415 678 detur

306 705 309 708 ⁴
357 700 587 758 Amplius.
615 699 766 742 nullus
793 711 995 755 congrue
1022 696 1164 741 donat
1188 697 1275 740 nisi
1299 696 1344 739 id
1374 698 1498 755 cujus
1524 697 1662 740 habet
1688 696 1958 741 dominium.
1986 697 2079 741 Sed
2103 697 2231 742 Deus

266 767 401 811 Pater
427 767 502 809 dat
531 766 750 823 Spiritum
784 765 1020 817 Sanctum,
1047 757 1091 807 e't
1116 763 1325 807 similiter
1357 763 1521 817 Filius;
1555 763 1663 807 dicit
1688 763 1812 807 enim
1838 764 2067 808 Dominus
2093 764 2228 821 (Luc.

265 834 343 876 XI.
367 847 411 889 13
423 834 478 889 .).
508 834 634 876 Pater
650 838 780 876 vester
802 831 857 875 de
871 831 978 875 coelo
996 830 1327 887 dabitspiritum
1345 832 1497 874 bonum
1513 831 1742 889 petentibus
1766 845 1830 888 535
1849 839 1894 875 et
1910 830 2036 887 (Act.
2057 830 2113 875 V.
2135 833 2227 891 32.)
2263 864 2267 867 -
2330 862 2332 865 v

266 902 423 943 Petrus
452 899 559 942 dicit
585 899 707 957 quod
734 899 859 941 Deus
890 897 1110 954 Spiritum
1135 897 1354 940 Sanctum
1373 897 1481 941 dedit
1506 897 1784 941 obedientibus
1803 898 1896 941 sibi.
1915 896 1982 941 Ex
1996 897 2069 942 his
2090 897 2226 957 igitur

263 966 441 1010 videtur
467 966 589 1023 quod
619 965 810 1022 Spiritus
839 964 1033 1007 Sanctus
1061 964 1187 1007 Deus
1213 977 1307 1006 non
1335 963 1403 1006 sit,

354 1033 490 1076 Item:
519 1032 556 1075 si
591 1031 781 1090 Spiritus
810 1031 1003 1074 Sanctus
1029 1044 1160 1074 verus
1189 1030 1314 1074 Deus
1337 1039 1418 1083 est,
1445 1039 1627 1087 oportet
1643 1031 1766 1088 quod
1791 1039 2002 1075 naturam
2029 1031 2229 1075 divinam

262 1099 450 1152 habeat;
470 1109 512 1142 et
532 1099 610 1151 sic,
630 1112 771 1156 quum
790 1097 982 1155 Spiritus
1001 1097 1194 1140 Sanctus
1212 1111 1234 1139 a
1249 1096 1381 1139 Patre
1403 1097 1634 1154 procedat,
1654 1106 1702 1140 ut
1718 1097 1879 1140 dicitur
1892 1097 2074 1156 (Joann.
2092 1097 2232 1155 XV.)‚

261 1180 448 1209 necesse
474 1175 540 1209 est
566 1165 687 1223 quod
716 1165 769 1207 ab
798 1178 853 1208 eo
880 1174 1091 1207 naturam
1118 1163 1320 1206 divinam
1353 1163 1558 1221 accipiat.
1596 1163 1735 1214 Quod
1770 1174 1922 1207 autem
1957 1159 2130 1223 accipit
2151 1178 2234 1209 na-

261 1243 409 1275 turam
439 1233 533 1288 ejus
563 1245 587 1275 a
614 1246 704 1290 quo
733 1231 1011 1307 producitur,
1041 1230 1092 1273 ab
1122 1243 1177 1273 eo
1206 1240 1473 1287 generatur3
1500 1230 1735 1288 proprium
1769 1230 1891 1274 enim
1918 1240 1988 1275 est
2013 1231 2153 1290 geniti
2183 1242 2235 1276 ut

263 1301 308 1342 in
341 1298 539 1342 similem
572 1298 772 1356 speciem
805 1298 874 1340 sui
906 1297 1113 1356 principii
1146 1297 1434 1354 producatur
1469 1297 1658 1355 Spiritus
1691 1310 1802 1355 ergo
1835 1297 2030 1343 Sanctus
2052 1298 2232 1382 genitus

262 1366 344 1409 erit
369 1376 413 1408 et
438 1380 518 1424 per
545 1379 834 1423 consequens
860 1364 1024 1417 Filius;
1052 1363 1175 1422 quod
1199 1377 1308 1407 sane
1334 1363 1442 1406 fidei
1469 1372 1707 1421 repugnat.
2151 1378 2153 1385 ·

351 1433 614 1476 Praeterea:
650 1432 686 1475 si
722 1431 915 1489 Spiritus
950 1431 1143 1474 Sanctus
1176 1440 1386 1473 naturam
1414 1430 1615 1473 divinam
1648 1444 1673 1473 a
1706 1430 1840 1475 Patre
1867 1430 2032 1491 accipit
2063 1441 2108 1476 et
2137 1445 2231 1476 non

266 1499 445 1557 quasi
422 1500 614 1551 venitus,
642 1507 823 1557 oportet
848 1497 1049 1540 divinam
1078 1507 1287 1540 naturam
1312 1497 1488 1541 duobus
1516 1497 1665 1543 modis
1690 1499 2037 1553 communicari,
2059 1496 2235 1545 scilicet

264 1580 343 1624 per
370 1534 562 1608 modum
590 1565 898 1623 generationis
927 1578 1017 1622 quo
1045 1564 1251 1621 procedit
1276 1564 1430 1616 Filius,
1459 1573 1503 1607 et
1529 1578 1608 1623 per
1634 1563 1765 1608 illum
1792 1565 1989 1609 modum
2011 1576 2103 1624 quo
2133 1580 2235 1626 pro-

264 1633 383 1677 cedit
416 1633 607 1691 Spiritus
642 1633 849 1676 Sanctus.
886 1632 986 1675 Hoc
1022 1642 1175 1675 autem
1208 1632 1286 1674 uni
1317 1642 1506 1675 naturae
1547 1642 1810 1691 competere
1841 1647 1935 1677 non
1966 1633 2161 1679 videtu?
2183 1645 2234 1679 ut

261 1700 437 1743 duobus
473 1700 622 1743 modis
656 1700 1037 1753 communicetur,
1071 1699 1108 1742 si
1142 1699 1242 1756 quis
1279 1698 1514 1742 universas
1546 1709 1730 1743 naturas
1771 1699 1994 1758 inspiciat.
2035 1696 2234 1760 Oportet

262 1767 410 1824 igitur,
451 1776 499 1809 ut
534 1766 725 1819 videtur,
759 1780 899 1824 quum
941 1765 1132 1823 Spiritus
1172 1765 1366 1809 Sanctus
1398 1775 1608 1808 naturam
1641 1780 1722 1824 per
1754 1767 2101 1825 generationem
2136 1778 2232 1812 non

263 1833 468 1890 accipiat,
493 1833 615 1892 quod
647 1833 775 1876 nullo
800 1832 941 1875 modo
966 1832 1160 1890 accipiat
1183 1846 1307 1886 eam;
1335 1842 1380 1875 et
1410 1832 1474 1876 sic
1499 1832 1676 1876 videtur
1692 1846 1785 1876 non
1813 1847 1911 1878 esse
1937 1835 2230 1879 verus'Deus.

347 1899 449 1943 Fuit
475 1909 627 1943 autem
654 1900 768 1942 haec
797 1899 963 1956 positio
992 1899 1104 1952 Arii,
1132 1900 1207 1957 qui
1234 1898 1398 1941 Filium
1428 1908 1471 1942 et
1499 1899 1719 1957 Spiritum
1747 1899 1966 1944 Sanctum
1999 1898 2111 1946 dixit
2131 1915 2231 1946 esse

263 1975 504 2015 creaturas,
538 1966 703 2009 Filium
731 1976 886 2009 tamen
914 1966 1138 2022 majorem
1166 1965 1333 2023 Spiritu
1363 1964 1548 2018 Sancto,
1576 1975 1624 2023 et
1647 1965 1865 2024 Spiritum
1889 1966 2111 2011 Sanctum
2133 1968 2231 2026 ‘ejus

259 2033 532 2086 ministrum,
560 2034 676 2076 sicut
702 2042 746 2076 et
772 2032 938 2076 Filium
966 2032 1194 2075 minorem
1228 2031 1360 2075 Patre
1389 2045 1487 2075 esse
1515 2032 1705 2076 dicebat.
1732 2032 1887 2085 Quem
1911 2033 2064 2088 etiam,
2090 2039 2230 2095 quan-

258 2111 355 2143 tum
391 2100 446 2143 ad
482 2100 701 2157 Spiritum
735 2099 972 2151 Sanctum,
1005 2108 1186 2142 secutus
1221 2109 1287 2142 est
1319 2099 1634 2152 Macedonius‚
1673 2099 1749 2158 qui
1781 2100 1836 2143 de
1868 2099 2006 2144 Patre
2034 2110 2081 2146 et
2109 2098 2227 2146 Filio

258 2177 378 2210 recte
402 2167 542 2210 sensit
564 2167 686 2225 quod
709 2168 840 2209 unius
865 2175 910 2209 et
931 2166 1135 2223 ejusdem
1160 2162 1436 2208 substantiae
1453 2165 1555 2218 sint,
1573 2165 1651 2209 sed
1673 2166 1764 2210 hoc
1783 2167 1839 2210 de
1863 2166 2031 2226 Spiritu
2049 2167 2230 2212 Sancto*

262 2234 446 2277 credere
472 2233 634 2287 noluit,
662 2241 915 2276 creaturam
943 2246 1049 2275 eum
1077 2245 1175 2275 esse
1202 2232 1374 2275 dicens.
1403 2231 1538 2275 Unde
1563 2232 1750 2290 quidam
1773 2234 2133 2278 Macedonianos
2159 2235 2225 2280 Se·

256 2302 490 2343 miurianos
514 2309 696 2352 vocant,
724 2313 779 2343 eo
807 2299 927 2358 quod
956 2313 1063 2342 cum
1090 2298 1271 2342 Arianis
1289 2298 1335 2341 in
1353 2308 1478 2357 parte
1502 2300 1793 2354 conveniunt,
1817 2309 1862 2345 et
1885 2300 1933 2344 in
1954 2310 2080 2359 parte
2101 2300 2228 2361 diffe'f

256 2377 360 2410 runt
389 2366 442 2410 ab
470 2366 647 2410 iisdem.

1009 2517 1265 2573 CAPUT
1305 2518 1488 2573 XVII.

628 2654 786 2701 QUOD
823 2654 1064 2692 SPIRITUS
1101 2654 1348 2693 SANCTUS
1384 2655 1468 2693 SIT
1502 2655 1672 2695 VERUS
1706 2656 1867 2696 DEUS.

349 2764 618 2810 Ostenditur
636 2773 788 2807 autem
812 2763 1095 2807 evidentibus
1115 2763 1374 2823 Scripturae
1389 2765 1661 2809 testimoniis
1679 2767 1802 2825 quod
1821 2766 2027 2826 Spiritus
2024 2768 2230 2814 Sanetus·

260 2833 316 2876 sit
341 2833 480 2876 Deus.
1973 2859 1976 2862 ·
2095 2853 2098 2859 ·
2227 2856 2231 2859 ’

347 2898 474 2942 Nulli
501 2898 623 2941 enim
649 2896 873 2956 templum
902 2907 1194 2942 consecratur
1219 2897 1307 2940 nisi
1331 2898 1460 2952 Deo;
1494 2899 1614 2942 unde
1648 2899 1839 2956 (Psalm.
1862 2900 1922 2945 Χ.
1953 2902 2012 2959 5.)
2040 2901 2223 2948 dicitur:

256 2967 466 3010 Dominus
507 2966 551 3008 in
594 2964 742 3023 templo
774 2970 914 3008 sancto
947 2978 1032 3008 su0.
1067 2965 1323 3021 Deputatur
1355 2974 1507 3009 autem
1539 2966 1765 3024 templum
1797 2966 1984 3026 Spiritui
2027 2963 2225 3024 Sanct03

256 3033 364 3075 dicit
390 3032 513 3075 enim
541 3031 791 3090 Apostolus
819 3032 873 3087 (l.
905 3031 1113 3075 Corinth.
1133 3030 1211 3074 VI.
1233 3031 1344 3090 19.):
1373 3032 1443 3076 An
1470 3034 1632 3076 nescitis
1653 3035 1853 3090 quoniam
1876 3036 2067 3080 membra
2082 3040 2227 3081 vestra

257 3099 452 3158 templum
482 3104 575 3142 sunt
609 3099 787 3157 Spiritus
818 3097 1000 3143 Sancti?
1045 3097 1237 3156 Spiritus
1271 3111 1381 3156 ergo
1416 3097 1609 3142 Sanctus
1642 3099 1768 3144 Deus
1805 3109 1886 3155 est,
1913 3104 2229 3162 et'praecip'ue

257 3178 397 3222 quum
425 3163 630 3208 membra
657 3173 826 3215 nostra,
854 3177 969 3222 quae
995 3162 1220 3221 templum
1243 3162 1436 3221 Spiritus
1459 3163 1616 3207 Sancti
1638 3177 1739 3208 esse
1762 3164 1885 3220 dicit,
1908 3166 2226 3213 sintmembra

258 3231 453 3284 Christi;
471 3244 579 3273 narn
598 3244 732 3288 supra
751 3229 1046 3288 praemiserat
1064 3230 1142 3287 (ib.
1163 3230 1248 3287 15.)
1265 3244 1274 3273 ε
1294 3230 1473 3275 Nescitis
1485 3232 1684 3288 quoniam
1696 3239 1873 3292 corpora
1888 3236 2228 3280 vestramenibra

255 3305 349 3342 sunt
374 3298 568 3341 Christi?
594 3296 930 3340 Inconveniens
958 3306 1112 3340 autern
1140 3305 1271 3349 esset,
1302 3309 1443 3355 quum
1472 3296 1682 3342 Christus
1704 3298 1760 3342 sit
1781 3304 1915 3343 verus
1937 3298 2078 3354 Deus,
2099 3302 2154 3346 ut
2170 3309 2227 3347 ex

257 3364 561 3422 superioribus
590 3373 725 3421 patet,
753 3363 875 3421 quod
899 3363 1106 3406 membra
1128 3363 1299 3407 Christi
1323 3362 1547 3421 templum
1569 3364 1760 3423 Spiritus
1779 3365 1935 3410 Sancti
1952 3377 2122 3443 essent,
2139 3367 2227 3414 nisi

261 3430 452 3487 Spiritus
480 3430 674 3473 Sanctus
705 3430 829 3472 Deus
858 3439 989 3473 esset.
1939 3453 1942 3458 ,
2012 3460 2015 3461 ν

350 3497 485 3539 Item.
516 3510 539 3539 a
566 3497 734 3539 sanctis
762 3495 919 3539 latriae
947 3496 1138 3539 servitus
1164 3495 1351 3540 nonnisi
1376 3509 1486 3540 vero
1509 3497 1612 3541 Deo
1635 3498 1909 3557 exhibetur;
1921 3498 2225 3545 diciturenim

265 3563 472 3619 (Denter.
499 3562 576 3607 VI.
609 3566 723 3622 13.).
756 3563 992 3607 Dominum
1024 3563 1164 3608 Deum
1198 3569 1316 3608 tuum
1349 3563 1522 3619 timebis,
1549 3570 1586 3609 et
1616 3564 1681 3610 illi
1711 3565 1789 3611 soli
1817 3565 2228 3615 sennesrserviunt
