2332 3854
774 234 931 275 Lmen
967 232 1025 274 11.
1067 232 1187 273 car.
1228 231 1376 270 xxxl.
1946 217 2040 271 161

131 612 134 615 ῃ
175 557 419 597 SOLUTIO
452 556 745 597 RATIONUM
778 557 1111 597 SUMPTARUM
1137 557 1207 596 Ex
1241 557 1415 596 PARTE
1448 555 1631 595 RERUM
1659 554 1974 594 FACTARUM.

28 719 32 724 Δ
189 659 407 712 Similiter
432 667 569 712 etiam
596 680 680 711 nec
703 681 757 711 ex
783 676 908 725 parte
935 676 1166 711 creaturae
1203 675 1270 711 est
1303 666 1469 726 aliquid
1503 666 1626 725 quod
1651 679 1737 710 nos
1773 664 1830 710 ad
1856 666 1952 724 ejus
1985 679 2055 710 ae-

29 731 46 767 l
99 733 358 780 temitatem
391 733 653 792 ponendam
680 732 735 777 de
762 735 1032 777 necessitate
1059 734 1257 777 inducat.

187 800 448 845 Necessitas
474 801 597 844 enim
623 799 802 844 essendi
828 813 943 858 quae
966 800 1013 843 in
1046 800 1261 844 creaturis
1289 799 1530 852 invenitur,
1565 813 1618 843 ex
1644 813 1735 859 quo
1768 798 1913 858 prima
1939 799 2055 844 ratio

21 877 32 916 ‚J
101 867 307 921 sumitur,
338 875 407 911 est
437 866 684 911 necessitas
716 865 902 919 ordinis,
934 876 983 910 ut
1014 866 1061 909 in
1092 866 1463 923 praecedentibus
1500 867 1560 922 (c.
1599 867 1686 923 30.)
1715 874 1782 910 est
1807 873 2056 910 ostensum.

23 946 39 992 js
99 933 359 979 Necessitas
387 942 538 977 autern
566 933 735 977 ordinis
761 946 855 976 non
883 933 1007 991 cogit
1032 933 1196 990 ipsum,
1225 932 1297 976 cui
1322 932 1425 975 talis
1452 934 1567 976 inest
1598 933 1860 986 necessitas,
1877 946 2059 991 semper

24 989 35 1027 1*
101 1000 254 1055 fuisse,
279 1010 328 1045 ut
353 1010 584 1045 ostensum
619 1010 686 1044 est
711 1014 846 1059 supra
879 999 938 1057 (c.
979 1001 1094 1058 31.);
1121 999 1227 1043 licet
1259 999 1381 1042 enim
1408 998 1655 1042 substantia
1690 998 1823 1053 coeli,
1856 1013 1935 1058 per
1965 999 2057 1044 hoc

22 1104 33 1124 ,
103 1067 226 1128 quod
258 1077 381 1111 caret
405 1067 607 1126 potentia
635 1067 690 1110 ad
716 1080 811 1110 non
838 1080 952 1119 esse,
978 1066 1144 1110 habeat
1174 1066 1494 1109 necessitatem
1527 1066 1582 1109 ad
1621 1079 1733 1119 esse,
1755 1066 1871 1111 haec
1903 1076 2060 1111 tamen

73 1138 79 1146 “
102 1133 348 1180 necessitas
372 1147 468 1178 non
493 1133 693 1193 sequitur
719 1134 815 1191 ejus
842 1133 1154 1177 substantiam.
1187 1132 1335 1186 Unde,
1362 1131 1611 1176 substantia
1638 1134 1733 1190 ejus
1759 1134 1852 1191 jam
1882 1133 1929 1178 in
1961 1146 2060 1178 esse

24 1212 32 1233 ³·
102 1201 318 1256 instituta,
343 1199 447 1245 talis
471 1201 718 1245 necessitas
744 1199 1192 1259 impotentialitatem
1218 1213 1311 1242 non
1349 1199 1527 1243 essendi
1558 1199 1744 1254 inducit,
1771 1213 1867 1244 non
1907 1209 2061 1244 autem

27 1273 30 1278 ”
102 1266 212 1313 facit
228 1281 325 1312 esse
341 1266 622 1326 impossibile
650 1266 832 1311 coelum
857 1281 952 1310 non
979 1280 1092 1320 esse,
1114 1266 1161 1310 in
1189 1265 1555 1311 consideratione
1588 1281 1676 1325 qua
1703 1267 1851 1325 agitur
1882 1267 1937 1311 de
1963 1280 2063 1326 pro-

22 1340 41 1383 ἒς,
104 1333 318 1380 ductione
344 1334 657 1379 substantiae
646 1334 800 1392 ipsius.

40 1455 42 1457 μ
194 1400 414 1446 Similiter
438 1401 576 1445 etiam
602 1401 743 1445 virtus
770 1401 947 1445 essendi
973 1414 1168 1458 semper,
1203 1413 1255 1443 ex
1282 1413 1370 1458 qua
1396 1399 1671 1458 procedebat
1702 1399 1902 1444 secunda
1928 1383 2064 1454 ratio,

30 1472 43 1499 ’ῖ-
104 1467 429 1528 praesupponit
467 1467 742 1512 substantiae
784 1467 1159 1525 productionem3
1185 1466 1320 1519 unde,
1354 1480 1495 1524 quum
1537 1466 1592 1510 de
1633 1466 1934 1525 productione
1966 1467 2066 1511 sub·

106 1535 298 1581 stantiae
325 1533 443 1579 coeli
471 1534 631 1593 agitur,
658 1533 760 1579 talis
785 1534 926 1579 virtus
952 1532 1320 1592 sempiternitatis
1347 1542 1669 1591 argumentum
1711 1532 1939 1578 sufficiens
1966 1547 2065 1579 esse

10 1611 43 1657 ’,ἐ
106 1615 201 1647 non
221 1611 385 1660 potest.

30 1715 49 1728 „-
196 1668 351 1713 Motus
377 1667 516 1713 etiam
542 1667 948 1727 sempiternitatem
974 1681 1069 1711 non
1103 1667 1228 1725 cogit
1258 1680 1343 1710 nos
1375 1680 1545 1725 ponere
1577 1667 1691 1711 ratio
1734 1677 2067 1726 consequenter

12 1728 47 1779 ſs
107 1734 307 1781 inducta.
327 1734 431 1793 Jam
464 1734 587 1778 enim
619 1744 743 1794 patet
777 1735 915 1794 quod,
953 1734 1121 1793 absque
1159 1733 1412 1777 mutatione
1447 1733 1538 1777 Dei
1578 1736 1766 1792 agentis,
1792 1744 1942 1793 potest
1968 1749 2067 1780 esse

37 1816 45 1848 ἢ,
109 1801 233 1863 quod
257 1815 432 1846 novum
458 1811 577 1860 agat,
603 1815 697 1846 non
735 1802 1076 1860 sempiternum.
1106 1800 1155 1845 Si
1197 1810 1350 1844 autem
1386 1799 1600 1859 possibile
1633 1811 1700 1845 est
1726 1801 1779 1845 ab
1808 1815 1865 1845 eo
1899 1800 2069 1860 aliquid

12 1871 57 1899 -”
112 1869 188 1928 agi
211 1868 268 1914 de
291 1882 431 1923 novo,
457 1878 580 1928 patet
605 1868 727 1927 quod
755 1878 799 1912 et
819 1868 1020 1922 moveri;
1046 1881 1156 1911 nam
1182 1876 1335 1911 motus
1362 1867 1711 1926 dispositionem
1731 1867 1979 1912 voluntatis
2001 1882 2074 1912 ae·

38 1971 44 1994 z
110 1945 267 1981 ternae
292 1934 494 1994 sequitur
524 1935 580 1979 de
605 1945 736 1979 motu
762 1949 856 1979 non
883 1948 1064 1994 semper
1089 1935 1297 1979 essend0.

2088 1961 2114 1988 b

202 2001 422 2047 Similiter
447 2003 585 2047 etiam
609 2002 801 2046 intentio
829 2001 1104 2046 naturalium
1132 2001 1366 2060 agentium
1405 2001 1460 2044 ad
1502 2001 1758 2060 specierum
1790 2003 2073 2062 perpetuita-

112 2079 223 2123 tem,
249 2083 305 2114 ex
336 2083 425 2128 qua
460 2078 620 2128 quarta
657 2069 771 2113 ratio
808 2068 1097 2128 procedebat,
1138 2068 1464 2127 praesupponit
1502 2067 1725 2112 naturalia
1767 2069 1948 2127 agentia
1977 2070 2072 2128 jam

8 2138 12 2152 ²
113 2135 359 2196 producta;
381 2136 503 2179 unde
527 2134 685 2179 locum
710 2149 806 2180 non
831 2136 969 2180 habet
993 2135 1106 2179 haec
1130 2135 1245 2179 ratio
1271 2135 1359 2179 nisi
1385 2135 1431 2178 in
1458 2135 1588 2179 rebus
1611 2135 1889 2180 naturalibus
1910 2136 2003 2193 jam
2025 2136 2072 2179 in

46 2207 52 2242 ’ἴ
115 2216 215 2248 esse
240 2202 489 2262 productis,
515 2215 609 2246 non
647 2212 800 2247 autem
837 2216 978 2261 quum
1015 2203 1070 2247 de
1104 2216 1254 2246 rerum
1289 2201 1591 2260 productione
1623 2202 1783 2260 agitur.
1815 2227 1874 2235 —
1906 2202 2072 2247 Utrum

114 2279 265 2315 autem
290 2283 479 2314 necesse
505 2269 562 2313 sit
585 2277 756 2327 ponere
783 2269 1128 2328 generationem
1154 2279 1375 2328 perpetuo
1403 2269 1681 2323 duraturam,
1708 2269 1755 2312 in
1781 2270 2072 2328 sequentibus

54 2364 62 2395 3
115 2334 392 2382 ostendetur.
425 2339 427 2341 ’

49 2414 62 2432 ψ

201 2402 337 2448 Ratio
364 2402 501 2447 etiam
528 2402 697 2462 quinta,
730 2417 786 2447 ex
810 2412 1019 2462 tempore
1045 2403 1243 2456 inducta,
1277 2402 1589 2447 aeternitatem
1617 2412 1770 2447 motus
1798 2403 1947 2462 magis
1975 2414 2076 2462 supa

115 2469 247 2531 ponit
269 2483 407 2529 quam
433 2469 607 2528 probet.
637 2469 797 2522 Quum
830 2471 952 2514 enim
984 2472 1106 2529 prius
1139 2480 1184 2514 et
1213 2469 1438 2529 posterius
1472 2479 1516 2514 et
1549 2471 1824 2515 continuitas
1856 2471 2076 2529 temporis

48 2534 61 2559 ³
117 2546 331 2596 sequatur
355 2536 478 2596 prius
514 2546 559 2580 et
591 2537 814 2595 posterius
857 2546 902 2581 et
944 2537 1287 2581 continuitatem
1319 2547 1487 2591 motus,
1529 2537 1782 2580 secundum
1817 2537 2077 2582 Aristotelis

10 2592 11 2595 Ἴ
117 2602 372 2648 doctrinam
387 2606 570 2661 (quarto
587 2602 725 2662 Phys.
743 2612 774 2647 t.
792 2617 830 2647 c.
857 2604 966 2663 99.)‚
984 2613 1107 2662 patet
1122 2604 1245 2662 quod
1262 2603 1366 2647 ideo
1382 2603 1508 2647 idem
1526 2603 1698 2647 instans
1722 2613 1789 2648 est
1805 2604 2077 2662 principium

73 2673 80 2698 ³
118 2668 256 2716 futuri
288 2679 335 2714 et
367 2668 470 2714 finis
514 2669 756 2728 praeteriti,
791 2670 895 2728 quia
929 2668 1097 2727 aliquid
1130 2669 1359 2728 signatum
1390 2669 1437 2712 in
1470 2680 1599 2713 motu
1632 2679 1700 2714 est
1730 2670 2003 2729 principium
2037 2679 2081 2715 et

8 2785 11 2796 ,.
118 2735 222 2782 finis
246 2735 527 2780 diversarum
558 2735 754 2795 partium
786 2746 951 2780 motus.
985 2736 1094 2780 Non
1126 2736 1352 2795 oportebit
1382 2736 1519 2794 igitur
1551 2750 1690 2780 omne
1720 2737 1892 2781 instans
1923 2737 2079 2795 huius·

63 2802 247 2865 gerundi
280 2816 394 2858 esse,
418 2802 505 2846 nisi
522 2816 660 2847 omne
677 2802 859 2861 signum
882 2803 926 2846 in
942 2811 1150 2862 tempore
1177 2812 1416 2862 acceptum
1442 2803 1499 2847 sit
1523 2803 1727 2847 medium
1752 2804 1868 2847 inter
1889 2803 2013 2862 prius
2035 2813 2080 2848 et

65 2870 344 2934 gfposterius
379 2869 426 2914 in
463 2879 617 2925 motu;
644 2869 767 2946 quod
794 2879 861 2914 est
895 2883 1067 2928 ponere
1108 2880 1289 2914 motum
1325 2870 1668 2929 sempiternum.
1702 2871 1886 2915 Ponens
1926 2880 2080 2915 autem

1 2961 11 3003 a'
79 2946 300 2982 motum
325 2950 423 2982 esse
454 2951 550 2981 non
587 2937 914 2996 sempiternum
950 2946 1100 2996 potest
1124 2936 1273 2980 dicere
1299 2937 1498 2995 primum
1524 2937 1697 2981 instans
1729 2939 1948 3014 temporis
1981 2951 2079 2982 esse

2 3043 12 3051 ,.
120 2990 392 3063 principium
416 3002 554 3048 futuri
586 3013 630 3048 et
666 3002 833 3047 nullius
859 3003 1088 3062 praeteriti
1119 3002 1272 3047 finem.
1298 3003 1397 3048 Nec
1424 3014 1649 3063 repugnat
1669 3004 1950 3048 successioni
1970 3015 2081 3049 tem-

3 3078 12 3121 vj
76 3082 95 3111 22
122 3070 247 3131 poris
261 3070 385 3130 quod
401 3070 658 3130 ponaturin
678 3070 780 3129 ipso
808 3070 992 3129 aliquod
1017 3084 1129 3115 nunc
1155 3070 1428 3129 principium
1454 3080 1499 3114 et
1523 3084 1617 3115 non
1643 3070 1758 3125 finis,
1785 3081 1970 3130 propter
1990 3071 2081 3115 hoc

3 3139 14 3165 ἰ
124 3136 246 3197 quod
277 3135 434 3181 linea
423 3151 469 3181 1n
500 3151 589 3196 qua
614 3137 796 3196 ponitur
822 3147 1014 3196 punctus
1049 3136 1208 3195 aliquis
1235 3136 1509 3196 principium
1536 3147 1581 3181 et
1604 3151 1699 3181 non
1724 3137 1840 3191 finis,
1867 3147 1935 3182 est
1960 3147 2082 3183 stans

12 3222 15 3249 ῑ
125 3212 171 3249 et
202 3216 298 3247 non
331 3202 500 3258 fluens3
534 3203 639 3262 quia
676 3203 814 3248 etiam
850 3204 897 3247 in
938 3213 1067 3247 motu
1105 3203 1257 3262 aliquo
1294 3203 1567 3262 particulari,
1608 3204 1685 3263 qui
1716 3204 1855 3248 etiam
1894 3218 1989 3248 non
2016 3214 2084 3249 est

83 3288 97 3337 Δζ
125 3279 248 3316 stans
279 3271 358 3316 sed
384 3271 544 3325 fluens,
570 3271 739 3330 signari
771 3270 939 3330 aliquid
970 3280 1119 3330 potest
1149 3280 1197 3315 ut
1223 3271 1493 3330 principium
1525 3280 1678 3315 motus
1708 3279 1885 3315 tantum
1912 3281 1957 3315 et
1987 3284 2083 3316 non

38 3380 39 3385 ,
126 3346 180 3383 ut
203 3336 336 3392 finis3
362 3336 490 3382 aliter
514 3337 636 3382 enim
664 3338 815 3382 omnis
841 3347 994 3382 motus
1020 3347 1138 3382 esset
1163 3347 1418 3396 perpetuus,
1447 3337 1567 3396 quod
1595 3347 1663 3381 est
1686 3337 1983 3396 impossibile.

76 3403 102 3423 ³¹
218 3402 359 3456 Quod
387 3413 541 3448 autem
566 3403 688 3463 prius
715 3404 899 3463 ponitur
922 3418 1018 3448 non
1040 3418 1139 3448 esse
1161 3403 1381 3462 temporis
1408 3418 1545 3462 quam
1572 3404 1668 3462 ejus
1702 3417 1801 3448 esse
1834 3404 1872 3448 si
1901 3414 2083 3464 tempus

13 3482 16 3510 ἰ
127 3468 309 3531 incepit,
339 3484 435 3515 non
466 3470 593 3529 cogit
621 3483 707 3514 nos
739 3470 889 3515 dicere
930 3471 1066 3530 quod,
1099 3471 1138 3515 si
1168 3471 1351 3529 ponitur
1393 3480 1571 3529 tempus
1609 3484 1722 3524 esse,
1756 3481 1952 3530 ponatur
1989 3485 2085 3517 non

41 3537 105 3603 3
129 3548 245 3591 ase,
268 3545 319 3582 ut
342 3546 467 3582 sexta
491 3537 608 3581 ratio
636 3535 951 3592 concludebat.
977 3537 1099 3583 Nam
1124 3537 1262 3596 prius,
1279 3536 1403 3595 quod
1425 3536 1618 3581 dicimus
1640 3547 1885 3597 antequam
1905 3547 2085 3598 tempus

129 3611 277 3662 emet,⁶
292 3616 387 3650 non
409 3603 539 3664 ponit
559 3602 760 3663 aliquam
784 3604 1002 3663 temporis
1023 3614 1200 3664 partem
1221 3603 1269 3648 in
1292 3617 1355 3657 re,
1380 3603 1459 3649 sed
1485 3602 1638 3649 solum
1663 3604 1710 3649 in
1730 3603 2082 3664 imaginatione3

266 3704 302 3740 S.
327 3704 482 3741 Tuoxan
507 3706 640 3741 Summa
663 3712 773 3741 contra
794 3705 945 3741 Gentiles.
1913 3717 1950 3742 11
