2332 3854
270 155 373 227 184
986 175 1142 215 LIBER
1180 175 1236 213 Π.
1278 174 1398 215 cAP.
1434 156 1494 217 L:

262 273 412 318 forma
436 288 522 320 nec
548 276 754 331 materia,
781 276 861 322 sed
884 286 1063 322 tantum
1096 278 1420 336 compositum.
1447 278 1550 325 Hoc
1572 290 1729 327 autem
1754 290 1878 341 patet
1901 295 2003 328 esse
2034 281 2217 332 falsum.

263 341 371 386 Non
394 352 462 387 est
487 344 622 402 igitur
647 344 898 389 substantia
922 344 1184 403 intelligens
1212 346 1471 405 composita
1495 361 1551 392 ex
1576 349 1767 393 materia
1793 359 1839 394 et
1862 348 2142 396 forma.
2174 381 2177 386 ›-

351 410 492 456 Item·
536 410 711 456 formae
751 426 904 456 rerum
942 411 1222 456 sensibilium
1257 412 1499 471 perfectius
1538 428 1637 460 esse
1683 415 1854 460 habent
1884 416 1934 460 in
1969 395 2219 472 intellectu,

266 490 403 535 quam
430 478 477 521 in
504 479 635 523 rebus
662 478 972 523 sensibilibus.
1001 489 1105 522 sunt
1137 480 1260 523 enim
1293 480 1608 540 simpliciores,
1644 492 1688 527 et
1723 482 1780 526 ad
1820 482 1949 542 plura
1981 498 2034 528 se
2066 494 2224 536 exten-

267 543 448 598 dentes;
476 558 555 602 per
580 559 720 588 unam
748 545 869 589 enim
897 545 1095 590 formam
1121 545 1324 590 hominis
1349 547 1698 606 intelligibilem,
1725 562 1886 594 omnes
1918 549 2131 598 homines
2156 551 2220 595 in-

270 610 478 655 tellectus
515 612 768 669 cognoscit.
801 612 970 656 Forma
1003 622 1156 656 autem
1192 613 1389 672 perfecte
1414 615 1461 658 in
1488 616 1677 660 materia
1718 617 1937 662 exsistens
1976 616 2086 663 faeiat
2110 629 2216 666 <esse

269 687 375 722 actu
402 678 507 732 tale,
534 678 711 722 scilicet
735 678 811 722 vel
836 679 1007 737 ignem,
1033 679 1108 724 vel
1126 679 1400 725 coloratum.
1425 681 1474 726 Si
1493 693 1646 727 autem
1662 697 1757 728 non
1777 683 1914 728 faciat
1930 684 2100 744 aliquid
2111 697 2220 732 203oe

269 744 374 798 tale,
401 755 468 788 est
492 745 757 803 imperfecte
800 746 847 789 in
873 745 968 799 illo,
996 747 1113 791 sicut
1142 746 1293 792 forma
1325 749 1490 794 caloris
1522 752 1568 793 in
1600 754 1717 804 aere,
1750 760 1800 795 ut
1829 751 1877 796 in
1903 751 2147 807 deferente,
2178 761 2225 798 et

267 812 383 856 sicut
408 813 545 855 virtus
575 813 710 870 primi
734 815 910 871 agentis
936 814 983 857 in
1008 814 1326 859 instrumento.
1357 815 1406 859 Si
1431 816 1568 874 igitur
1592 817 1850 863 intellectus
1879 818 1937 863 sit
1961 832 2015 863 ex
2032 818 2225 864 materia

272 889 315 922 et
339 878 489 922 forma
523 880 820 938 compositus,
847 879 1024 925 formae
1055 894 1210 926 rerum
1241 882 1576 927 intellectarum
1607 883 1775 929 facient
1806 885 2090 931 intellectum
2124 899 2225 930 esse

269 955 371 989 actu
399 945 499 989 talis
526 956 730 1002 naturae,
754 947 900 1006 qualis
927 958 995 992 est
1021 949 1143 1007 quod
1170 949 1460 1007 intelligitur:
1493 961 1538 995 et
1569 951 1633 995 sic
1665 953 1866 1010 sequitur
1903 966 2027 998 error
2061 952 2226 1012 Empe-

268 1012 425 1068 doclis,
455 1013 531 1071 qui
558 1013 736 1059 dicebat
758 1015 880 1074 quod
906 1015 1064 1073 ignem
1089 1015 1195 1074 igne
1221 1017 1462 1074 cognoscit
1488 1018 1656 1072 anima,
1679 1028 1725 1063 et
1748 1029 1916 1066 terram
1936 1028 2070 1074 terra,
2084 1030 2138 1065 :et
2150 1019 2224 1068 „sic

268 1079 323 1123 de
351 1078 471 1123 aliis:
501 1081 623 1138 quod
649 1091 773 1140 patet
799 1096 898 1126 esse
924 1083 1268 1128 inconveniens
1300 1083 1408 1129 Non
1434 1094 1502 1129 est
1526 1085 1664 1143 igitur
1688 1085 1949 1146 intelligens
1974 1086 2225 1133 substantia

268 1147 526 1204 composita
552 1162 605 1191 ex
631 1149 821 1193 materia
844 1159 888 1194 et
912 1148 1076 1193 forma.

357 1214 617 1261 Praeterea:
647 1230 786 1260 omne
814 1216 936 1276 quod
963 1227 1032 1261 est
1050 1217 1099 1260 in
1126 1216 1294 1276 aliquo,
1318 1227 1386 1262 est
1411 1220 1457 1263 in
1480 1233 1536 1264 eo
1558 1233 1639 1278 per
1665 1219 1858 1265 modum
1882 1219 2154 1279 recipientis.
2177 1218 2227 1263 Si

267 1280 404 1339 igitur
428 1281 686 1327 intellectus
713 1283 771 1327 sit
792 1284 1076 1342 compositus
1103 1298 1157 1328 ex
1183 1285 1375 1329 materia
1398 1295 1442 1330 et
1462 1285 1627 1342 forma,
1652 1286 1830 1332 formae
1853 1301 2006 1333 rerum
2030 1296 2162 1333 erunt
2179 1286 2228 1332 in

268 1347 504 1393 intellectu
531 1350 838 1406 materialiter,
864 1352 981 1395 sicut
1008 1361 1112 1395 sunt
1137 1361 1262 1396 extra
1295 1352 1521 1397 animam:
1550 1354 1667 1399 sicut
1697 1355 1835 1413 igitur
1866 1364 1993 1401 extra
2025 1354 2228 1403 animam

268 1429 363 1459 non
385 1426 488 1460 sunt
513 1416 820 1482 intelligibiles
843 1428 961 1472 actu,
987 1418 1050 1463 ita
1075 1433 1161 1464 nec
1189 1420 1451 1464 exsistentes
1473 1420 1519 1464 in
1546 1421 1792 1467 intellectu.

357 1483 498 1529 Item:
523 1483 702 1529 formae
729 1486 1079 1539 contrariorum,
1105 1485 1359 1531 secundum
1381 1501 1481 1531 esse
1507 1489 1630 1547 quod
1647 1489 1879 1534 habentin
1896 1488 2105 1544 materia,
2115 1498 2229 1538 esunt

272 1551 542 1607 contrariae,
568 1553 688 1597 unde
715 1564 759 1598 et
785 1568 833 1598 se
859 1554 1057 1598 invicem
1084 1553 1338 1613 expellunt3
1365 1556 1616 1600 secundum
1644 1567 1799 1602 autem
1828 1555 1951 1616 quod
1975 1566 2082 1603 sunt
2098 1556 2147 1603 in
2168 1556 2232 1601 in-

270 1617 469 1673 tellectU,
495 1633 590 1664 non
615 1630 722 1665 sunt
748 1622 1016 1675 contrariae,
1042 1622 1121 1665 sed
1148 1636 1292 1665 unum
1319 1623 1655 1671 contrariorum
1683 1634 1751 1668 est
1781 1625 1897 1668 ratio
1932 1622 2230 1683 intelligibilis

272 1684 479 1740 alterius;
506 1687 611 1746 quia
637 1702 780 1732 unum
806 1703 886 1747 per
913 1688 1034 1732 aliud
1061 1689 1368 1747 cognoscitur.
1396 1689 1503 1734 Non
1525 1690 1662 1748 igitur
1679 1691 1851 1735 habent
1870 1705 1969 1736 esse
1993 1688 2230 1735 materiale

271 1753 317 1795 in
343 1753 591 1798 intellectu.
619 1754 741 1813 Ergo
768 1755 1023 1800 intellectus
1050 1770 1143 1800 non
1172 1765 1241 1800 est
1267 1758 1549 1815 compositus
1576 1771 1630 1801 ex
1661 1758 1851 1802 materia
1877 1768 1922 1803 et
1946 1757 2111 1802 forma.

362 1821 550 1867 Adhuc:
578 1824 768 1866 materia
794 1837 888 1867 non
914 1823 1075 1882 recipit
1101 1823 1302 1883 aliquam
1326 1823 1524 1868 formam
1552 1824 1607 1869 de
1634 1839 1758 1869 novo
1793 1825 1883 1870 nisi
1922 1839 2004 1885 per
2035 1819 2231 1880 motum,

272 1887 346 1931 vel
372 1888 700 1943 mutationem3
726 1889 984 1934 intellectus
1003 1898 1155 1935 autem
1173 1904 1268 1935 non
1286 1901 1497 1935 movetur
1513 1905 1592 1950 per
1608 1891 1700 1936 hoc
1724 1893 1847 1951 quod
1863 1890 2232 1951 recipitformas,

273 1954 352 1998 sed
379 1956 526 2013 magis
552 1956 788 2014 quiescens
810 1957 1053 2016 perficitur,
1080 1967 1126 2002 et
1156 1957 1389 2017 intelligit:
1416 1958 1661 2017 impeditur
1683 1969 1837 2003 autem
1857 1960 1905 2003 in
1929 1958 2231 2018 intelligendo

273 2035 353 2099 per
378 2032 572 2066 motum.
599 2023 706 2069 Non
732 2024 868 2083 igitur
893 2024 1168 2083 recipiuntur
1189 2024 1366 2069 formae
1388 2025 1435 2069 in
1461 2024 1695 2070 intellectu
1716 2028 1833 2070 sicut
1857 2026 1904 2070 in
1929 2026 2136 2081 materia,
2157 2025 2233 2071 vel

272 2090 319 2132 in
341 2104 389 2133 re
414 2090 664 2145 materiali3
691 2091 810 2136 unde
835 2100 959 2151 patet
981 2091 1103 2150 quod
1129 2092 1383 2138 subtantiae
1416 2091 1740 2152 intelligentes,
1766 2092 2110 2139 immateriales
2121 2103 2232 2138 sunt

272 2157 389 2201 sicut
422 2168 466 2201 et
490 2159 774 2218 incorporea.

367 2224 486 2269 Hinc
514 2235 582 2270 est
607 2226 737 2284 quod
762 2226 1013 2286 Dionysius
1039 2226 1148 2271 dicit
1174 2228 1305 2286 (cap.
1337 2227 1416 2271 IV.
1450 2228 1522 2272 De
1558 2228 1646 2274 div.
1687 2228 1908 2286 nomin-t)
1945 2190 2141 2288 Propter
2170 2227 2234 2273 di-

273 2291 404 2336 vinae
435 2292 648 2337 bonitatis
681 2293 835 2338 radios
867 2294 1161 2338 substiterunt
1205 2293 1537 2340 intellectuales
1574 2309 1737 2340 omnes
1774 2295 2072 2351 substantiae,
2112 2309 2231 2355 qnae

274 2360 390 2404 sicut
413 2359 740 2419 incorporales,
768 2370 812 2406 et
837 2361 1163 2407 immateriales
1190 2375 1351 2406 omnes
1377 2361 1704 2422 mtelliguntur.

1067 2517 1321 2575 CAPUT
1364 2517 1454 2575 LI.

515 2653 674 2700 Quoi)
715 2653 1096 2695 INTELLECTUS
1136 2656 1253 2695 NoN
1295 2656 1380 2694 srr
1421 2654 1607 2694 FORMA
1648 2651 1993 2694 MATERmms.

365 2766 452 2811 Per
485 2767 646 2811 eadem
673 2778 827 2812 autem
869 2767 1120 2813 ostenditur
1161 2770 1284 2828 quod
1318 2778 1506 2813 naturae
1547 2767 1877 2813 intellectuales
1916 2776 2024 2813 sunt
2051 2766 2249 2813 formae

278 2834 584 2889 subsistentes,
611 2849 706 2880 non
733 2846 886 2880 autem
913 2836 1177 2881 exsistentes
1200 2837 1247 2880 in
1272 2836 1477 2891 materia,
1510 2835 1639 2894 quasi
1664 2849 1763 2880 esse
1786 2848 2003 2880 earum-a
2033 2835 2228 2880 materia

279 2902 544 2961 dependeat.
573 2903 767 2947 Formae
794 2905 917 2947 enim
943 2903 1196 2947 secundum
1225 2918 1323 2948 esse
1355 2918 1381 2947 a
1414 2903 1605 2947 materia
1631 2901 2080 2962 dependentes‚..non
2103 2902 2233 2962 ipsae

278 2970 459 3029 proprie
480 2970 651 3014 habent
677 2983 788 3025 esse,
815 2971 893 3014 sed
920 2971 1177 3030 composita
1203 2985 1283 3029 per
1308 2971 1441 3030 ipsas.
1462 2970 1510 3014 Si
1526 2970 1664 3028 igitur
1685 2979 1874 3014 naturae
1897 2967 2233 3014 intellectuales

280 3045 431 3081 essent
456 3037 722 3096 huJusmodi
747 3036 941 3093 formae,
967 3048 1231 3097 sequeretur
1255 3037 1379 3097 quod
1405 3037 1626 3082 haberent
1650 3050 1750 3081 esse
1775 3035 2027 3091 materiale,
2053 3037 2171 3082 sicut
2194 3044 2240 3081 et

280 3105 321 3149 si'
344 3116 495 3150 essent
517 3120 570 3150 ex
596 3105 787 3149 materia
813 3114 858 3149 et
887 3103 1037 3150 forma
1064 3106 1361 3164 compositae.

368 3173 559 3217 Adhuc:
587 3171 764 3217 formae
791 3186 906 3231 quae
943 3186 1023 3231 per
1049 3186 1097 3217 se
1128 3186 1224 3217 non
1257 3172 1518 3225 subsistunt,
1550 3185 1649 3216 non
1684 3181 1877 3230 possunt
1897 3185 1981 3232 per
1999 3184 2055 3216 se
2079 3181 2235 3230 agere:

282 3249 421 3298 agunt
448 3251 601 3284 autem
628 3239 885 3298 composita
926 3253 1008 3299 per
1035 3253 1124 3284 eas.
1155 3240 1204 3284 Si
1238 3239 1376 3298 igitur
1399 3249 1588 3283 naturae
1613 3237 1945 3284 intellectuales
1971 3236 2238 3297 hujumodi

279 3306 455 3351 formae
483 3317 647 3361 essent,
674 3317 937 3383 sequeretur
963 3306 1120 3366 quod'
1108 3320 1233 3366 ipsae
1255 3319 1350 3350 non
1372 3305 1695 3365 intelligerent,
1713 3305 1792 3350 sed
1815 3305 2077 3365 composita
2095 3317 2151 3350 a
2172 3303 2240 3349 eis

282 3383 327 3417 et
357 3375 570 3419 materia:
613 3384 657 3419 et
682 3374 746 3418 sic
778 3373 1034 3419 intellectus
1066 3383 1186 3418 esset
1217 3374 1499 3433 compositus
1541 3387 1596 3418 ex
1621 3371 1813 3418 materia
1833 3381 1885 3458 et
1901 3371 2079 3418 sonna:
2110 3370 2237 3431 qued

282 3450 350 3484 est
374 3441 672 3500 impossibile,
705 3451 755 3486 ut
781 3450 1016 3486 ostensum
1042 3450 1109 3486 est
1133 3441 1195 3499 (c.
1232 3440 1337 3498 50.)-

370 3508 606 3567 Amplius:
639 3509 678 3553 si
707 3508 964 3554 intellectus
991 3518 1109 3553 esset
1131 3507 1318 3553 forma
1306 3521 1354 3551 m
1381 3507 1585 3563 materia,
1618 3517 1662 3553 et
1686 3520 1781 3553 non
1797 3520 1893 3568 per
1891 3505 2240 3560 σεωὴείεωω,

282 3585 545 3634 sequeretur
561 3575 684 3635 quod
710 3575 755 3620 id
777 3575 899 3635 quod
917 3574 1131 3635 recipitur
1146 3574 1193 3620 in
1209 3573 1460 3630 intellectu,
1481 3574 1758 3634 reciperetur
1772 3573 1820 3634 in
1841 3572 2048 3620 materia.
2078 3571 2242 3641 Hujus·
