2332 3854
801 238 957 278 LIBER
996 238 1053 278 11.
1095 238 1217 278 CAP.
1256 237 1402 276 Lxxx.
1965 237 2072 292 217

125 342 248 406 quod
272 342 331 387 sit
346 350 470 387 actus
499 339 717 400 corporis,
735 351 780 386 et
804 355 899 386 non
924 355 1005 401 per
1030 340 1198 401 aliquid
1223 340 1366 396 aliud3
1392 339 1511 385 unde
1536 353 1621 384 nec
1649 348 1717 384 est
1742 339 1911 399 aliquid
1935 354 2078 385 unum

123 410 296 457 faciens
321 423 376 454 ex
402 407 593 453 materia
614 417 659 453 et
677 407 841 462 forma,
866 408 953 453 nisi
980 422 1120 468 agens
1142 408 1264 468 quod
1289 408 1543 467 potentiam
1559 406 1734 451 reducit
1762 406 1818 450 ad
1844 416 2012 460 actum,
2031 416 2080 452 ut

40 479 63 533 'g
123 477 286 538 probat
310 474 578 520 Aristoteles
603 485 769 520 octavo
792 476 1048 535 Metaphys.
1076 477 1128 535 (t.
1156 490 1195 520 c.
1221 475 1430 532 ultimo);
1457 488 1567 518 narn
1589 473 1779 518 materia
1797 484 1842 518 et
1861 473 2013 518 forma
2032 487 2080 518 se

125 543 298 590 habent
322 552 371 587 ut
401 542 603 602 potentia
636 551 679 586 et
706 552 846 588 actus.

212 610 370 656 Potest
393 620 547 655 tamen
566 610 656 654 dici
682 609 848 669 aliquid
876 623 973 654 esse
1001 610 1204 655 medium
1230 610 1346 654 inter
1373 609 1575 654 animam
1602 618 1647 653 et
1678 622 1859 668 corpus,
1885 608 1971 653 etsi
1986 621 2081 652 non

37 679 55 736 j'
124 678 172 723 in
198 677 405 731 essendo,
432 686 587 721 tamen
613 676 658 720 in
685 676 916 721 movendo
950 687 1001 721 et·
1019 677 1064 721 in
1090 678 1164 721 via
1197 677 1518 736 generationis.
1546 677 1598 720 In
1624 676 1855 721 movendo
1882 676 2082 735 quidem,

42 750 54 769 ²
124 744 245 804 quia,
277 743 324 787 in
350 753 480 788 motu
506 757 598 802 quo
625 742 779 787 anima
804 753 961 787 movet
986 757 1166 802 corpus,
1200 753 1269 788 est
1295 743 1480 802 quidam
1514 743 1628 787 ordo
1646 742 1891 787 mobilium
1918 752 1963 787 et
1988 756 2085 786 rno-

123 813 303 865 torum'3
329 810 483 854 anima
509 810 632 854 enim
652 823 813 854 omnes
836 810 1126 869 operationes
1152 824 1256 854 suas
1283 810 1420 855 efficit
1445 824 1526 868 per
1550 824 1654 854 suas
1670 809 1924 868 potentias;
1946 809 2080 862 unde,

125 877 355 922 mediante
387 876 606 936 potentia,
639 886 798 921 movet
834 891 1014 935 corpus,
1051 886 1094 921 et
1129 877 1275 921 adhuc
1313 878 1535 931 membra,
1569 876 1800 921 mediante
1835 876 2007 936 spiritu,
2041 885 2085 920 et

123 943 310 989 ulterius
343 958 485 988 unum
512 957 754 1002 organum,
781 943 1009 988 mediante
1045 943 1135 987 alio
1163 957 1353 1002 organo.
1388 944 1439 987 In
1470 943 1544 987 via
1580 953 1734 988 autem
1761 942 2083 1002 generationis,

123 1010 448 1070 dispositiones
475 1010 530 1054 ad
557 1009 756 1054 formam
782 1011 1062 1070 praecedunt
1078 1009 1279 1055 formam
1305 1010 1351 1054 in
1373 1010 1578 1064 materia,
1596 1010 1804 1069 quamvis
1829 1010 1919 1055 sint
1938 1019 2085 1069 poste-

69 1106 74 1114 ·
122 1077 266 1122 riores
299 1077 346 1121 in
378 1076 600 1131 essendo;
637 1077 756 1121 unde
779 1087 824 1122 et
845 1077 1163 1137 dispositiones
1198 1078 1418 1136 corporis,
1452 1078 1613 1136 quibus
1644 1077 1694 1121 fit
1724 1077 1958 1137 proprium
1990 1091 2085 1136 per-

122 1140 320 1189 fectibile
338 1143 442 1189 talis
458 1142 652 1199 formae,
678 1144 770 1189 hoc
797 1144 940 1189 modo
966 1154 1157 1204 possunt
1173 1144 1262 1188 dici
1288 1144 1467 1189 mediae
1486 1146 1602 1189 inter
1623 1145 1826 1189 animam
1844 1154 1888 1189 et
1904 1158 2083 1204 corpus.

840 1321 1095 1379 CAPUT
1137 1322 1370 1378 LXXII.

165 1457 325 1506 QUOD
369 1457 546 1499 ANIMA
577 1458 664 1498 SIT
704 1458 854 1498 TOTA
880 1459 937 1499 IN
970 1458 1128 1499 TOTO
1169 1459 1240 1498 ET
1274 1458 1425 1498 TOTA
1457 1458 1513 1497 IN
1546 1457 1822 1505 QUALIBET
1854 1458 2047 1498 PARTE.

686 1561 742 1619 (Ι.
768 1567 886 1622 part.
919 1567 1070 1621 quaest.
1102 1560 1302 1606 LXXVI.
1329 1565 1409 1604 art.
1437 1559 1516 1618 8.).

213 1673 302 1719 Per
323 1673 488 1719 eadem
517 1683 669 1720 autem
696 1674 874 1720 ostendi
904 1683 1054 1734 potest
1086 1674 1289 1718 animam
1313 1682 1460 1718 totam
1488 1674 1532 1717 in
1564 1682 1663 1727 toto
1693 1686 1885 1733 corpore
1911 1686 2009 1718 esse
2042 1682 2088 1718 et

126 1750 272 1786 totam
298 1742 344 1785 in
376 1741 566 1799 singulis
597 1742 812 1800 partibus.

216 1808 414 1868 Oportet
430 1808 554 1853 enim
580 1809 815 1868 proprium
834 1818 984 1853 actum
1011 1809 1059 1853 in
1085 1808 1270 1868 proprio
1297 1807 1567 1867 perfectibili
1599 1822 1711 1853 esse.
1735 1807 1906 1852 Anima
1933 1817 2084 1852 autem

129 1884 197 1920 est
211 1884 338 1920 actus
371 1875 574 1935 corporis
602 1876 821 1935 organici,
839 1890 934 1920 non
961 1876 1093 1921 unius
1121 1875 1281 1935 organi
1307 1883 1499 1919 tanturn.
1526 1875 1606 1919 Est
1630 1875 1767 1934 igitur
1792 1875 1839 1918 in
1865 1885 1964 1919 toto
1992 1889 2088 1919 cor-

127 1956 238 2002 pore
265 1953 309 1987 et
333 1956 427 1987 non
444 1945 490 1987 in
515 1957 606 1987 una
623 1953 748 2002 parte
765 1952 959 1998 tanturn,
985 1943 1239 1988 secundum
1258 1956 1388 1987 suam
1407 1942 1651 1986 essentia-m
1678 1942 1930 1986 secundum
1948 1955 2087 2001 quam

126 2019 195 2054 est
228 2008 378 2054 forma
414 2010 632 2070 corporis.
667 2010 743 2054 Sic
787 2020 939 2055 autem
977 2010 1130 2054 anima
1157 2020 1225 2054 est
1258 2008 1408 2053 forma
1440 2009 1579 2053 totius
1616 2009 1835 2069 corporis,
1871 2009 1995 2068 quod
2021 2018 2089 2053 est

127 2076 264 2121 etiam
290 2075 439 2122 forma
466 2075 766 2136 singularium
792 2077 1011 2136 partium;
1038 2077 1215 2122 sienim
1231 2086 1348 2121 esset
1363 2075 1514 2120 forma
1538 2077 1677 2120 totius
1696 2086 1740 2120 et
1759 2089 1854 2120 non
1875 2076 2088 2136 partium,

126 2157 222 2188 non
247 2153 367 2188 esset
391 2142 541 2188 forma
576 2143 881 2188 substantialis
911 2143 1015 2189 talis
1048 2144 1282 2203 corporis;
1324 2143 1441 2187 sicut
1475 2142 1626 2187 forma
1658 2143 1839 2198 domus,
1871 2157 1988 2203 quae
2021 2153 2089 2189 est

124 2209 274 2254 forma
298 2210 438 2255 totius
470 2220 515 2254 et
535 2225 629 2254 non
656 2210 938 2269 singularum
963 2211 1176 2270 partium,
1203 2220 1271 2255 est
1301 2210 1452 2254 forma
1484 2209 1790 2254 accidentalis.

215 2275 357 2329 Quod
385 2286 537 2321 autem
565 2278 718 2322 anima
751 2287 819 2323 est
842 2277 991 2322 forma
1023 2277 1330 2323 substantialis
1362 2277 1502 2322 totius
1535 2287 1580 2321 et
1616 2278 1828 2336 partium,
1854 2286 1978 2335 patet
2007 2291 2088 2337 per

125 2342 235 2399 hoc,
254 2344 378 2404 quod
400 2344 454 2388 ab
481 2358 535 2389 ea
560 2345 746 2389 sortitur
780 2345 981 2404 speciem
1006 2355 1052 2390 et
1083 2355 1233 2390 toturn
1260 2355 1305 2389 et
1339 2355 1515 2403 partes;
1547 2344 1682 2398 unde,
1715 2358 1768 2388 ea
1802 2344 2088 2399 abscedente,

121 2418 276 2471 'neque
300 2420 451 2456 totum
475 2425 624 2471 neque
650 2421 800 2470 partes
826 2421 1063 2457 remanent
1091 2412 1295 2471 ejusdem
1322 2411 1510 2470 speciei3
1537 2425 1646 2455 narn
1665 2411 1826 2455 oculus
1853 2412 2023 2456 mortui
2045 2421 2091 2456 et

59 2490 62 2491 ’
131 2491 239 2523 caro
257 2479 352 2537 ejus
383 2492 479 2523 non
505 2478 716 2523 dicuntur
740 2479 828 2524 nisi
846 2480 1108 2539 aequivoce.
1137 2479 1187 2523 Si
1203 2479 1341 2538 igitur
1368 2479 1520 2522 anima
1543 2488 1611 2523 est
1637 2488 1763 2523 actus
1790 2478 2090 2538 singularium

129 2545 326 2605 partium
353 2546 502 2603 (actus
535 2554 687 2590 autem
713 2556 780 2591 est
804 2547 852 2590 in
884 2560 939 2592 eo
966 2548 1095 2606 cujus
1121 2556 1190 2591 est
1215 2546 1380 2604 actus),
1411 2545 1679 2604 relinquitur
1705 2545 1827 2604 quod
1854 2546 1910 2590 sit
1931 2559 2088 2590 secun·

129 2612 239 2658 dum
256 2627 387 2658 suam
405 2614 648 2659 essentiam
663 2614 713 2658 in
727 2613 928 2674 qualibet
953 2626 1078 2674 parte
1097 2614 1318 2674 corporis.
1338 2613 1480 2666 Quod
1498 2623 1651 2658 autern
1668 2623 1780 2667 tota,
1799 2613 2091 2659 manifestum

128 2690 222 2735 est3
246 2694 388 2741 quum
415 2681 537 2726 enim
563 2691 714 2726 totum
739 2681 914 2726 dicatur
939 2696 1020 2742 per
1044 2682 1317 2727 relationem
1355 2681 1411 2725 ad
1438 2691 1602 2741 partes,
1636 2691 1819 2739 oportet
1849 2690 1996 2726 totum
2030 2682 2091 2726 di-

124 2748 382 2793 versimode
415 2748 561 2808 accipi
592 2748 710 2793 sicut
744 2749 1049 2794 diversimode
1087 2750 1370 2809 accipiuntur
1395 2759 1558 2808 partes.
1588 2748 1768 2792 Dicitur
1801 2758 1954 2793 autern
1986 2763 2090 2808 pars

128 2812 389 2875 dupliciter:
415 2829 508 2860 uno
536 2815 722 2875 quidem
744 2815 901 2870 modo,
926 2816 974 2860 in
991 2826 1213 2876 quantum
1240 2816 1454 2860 dividitur
1481 2815 1650 2874 aliquid
1673 2815 1927 2860 secundum
1953 2830 2090 2875 quan-

4 2887 12 2916 ἑ
31 2890 63 2939 [g
125 2880 317 2936 litatem,
343 2882 460 2927 sicut
489 2882 740 2926 bicubitum
775 2892 844 2927 est
868 2897 972 2942 pars
998 2883 1227 2938 tricubiti3
1261 2882 1352 2927 alio
1379 2882 1537 2936 modo,
1563 2883 1611 2926 in
1634 2892 1854 2941 quantum
1876 2883 2090 2928 dividitur

127 2946 294 3008 afiquid
321 2949 574 2993 secundum
591 2948 863 2994 divisionem
882 2950 1118 3004 essentiae,
1137 2950 1255 2994 sicut
1271 2948 1420 2994 forma
1439 2959 1484 2993 et
1500 2949 1690 2994 materia
1715 2948 1923 2994 dicuntur
1939 2959 2090 3009 partes

41 3015 71 3042 ὓ
130 3015 387 3075 compositi.
413 3015 593 3060 Dicitur
619 3030 730 3075 ergo
756 3026 905 3061 totum
932 3026 978 3062 et
994 3017 1247 3061 secundum
1265 3017 1564 3076 quantitatem
1591 3025 1636 3060 et
1661 3016 1914 3060 secundum
1941 3030 2091 3061 essen·

125 3081 216 3127 tiae
226 3081 568 3142 perfectionem.
589 3081 765 3128 Totum
782 3093 934 3128 autern
952 3094 998 3129 et
1013 3094 1177 3144 partes,
1189 3083 1442 3128 secundum
1460 3084 1758 3143 quantitatem
1777 3083 1911 3139 dicta,
1927 3083 2088 3129 formis

125 3161 221 3193 non
246 3149 524 3194 conveniunt
547 3150 633 3194 nisi
658 3165 740 3210 per
772 3151 998 3205 accidens,
1026 3150 1199 3195 scilicet
1225 3152 1270 3195 in
1303 3161 1523 3210 quantum
1563 3150 1823 3194 dividuntur
1863 3150 2086 3196 divisione

33 3221 64 3254 Ἀ
126 3214 315 3275 subjecti
331 3216 633 3276 quantitatem
657 3218 893 3274 habentis;
920 3228 1069 3263 totum
1089 3229 1239 3263 autem
1259 3217 1334 3262 vel
1350 3232 1468 3277 pars,
1486 3217 1738 3262 secundum
1760 3216 2088 3276 perfectionem

128 3283 366 3338 essentiae,
392 3283 620 3328 invenitur
644 3285 690 3328 in
707 3283 867 3329 formis
893 3300 974 3344 per
995 3299 1055 3331 se.
1084 3286 1155 3330 De
1178 3286 1264 3329 hac
1291 3285 1429 3343 igitur
1454 3284 1679 3329 totalitate
1701 3283 1950 3343 quuendo,
1971 3299 2090 3345 quae

127 3361 207 3408 per
231 3363 279 3395 se
312 3349 472 3395 form-is
499 3351 732 3410 competit,
764 3351 812 3395 in
843 3351 1043 3411 qualibet
1063 3353 1212 3397 forma
1240 3361 1427 3410 apparet
1452 3351 1576 3410 quod
1602 3361 1671 3396 est
1705 3361 1802 3395 tota
1834 3352 1880 3395 in
1910 3361 2010 3397 toto
2044 3362 2089 3399 et

127 3423 224 3461 tota
253 3416 301 3460 in
323 3415 524 3476 qualibet
553 3426 677 3477 parte
703 3419 823 3477 ejus;
848 3433 958 3463 nam
981 3418 1159 3477 albedo,
1187 3420 1301 3463 sicut
1322 3418 1574 3463 secundum
1605 3427 1751 3462 totam
1777 3419 2004 3464 rationem
2029 3419 2090 3464 al—

52 3512 54 3514 -
129 3479 304 3528 bedinis
329 3492 396 3528 est
416 3485 462 3528 in
487 3493 588 3529 toto
615 3498 822 3543 corpore,
846 3485 908 3530 ita
926 3496 971 3531 et
996 3488 1042 3530 in
1068 3496 1194 3546 parte
1220 3485 1421 3545 qualibet
1447 3486 1556 3544 ejus.
1581 3485 1724 3530 Secus
1757 3496 1909 3531 autem
1933 3496 2002 3532 est
2027 3487 2084 3533 de

129 3547 352 3595 totalitate
377 3563 493 3610 quae
509 3563 589 3610 per
614 3550 826 3597 accidens
853 3552 1107 3597 attribuitur
1131 3551 1312 3607 formis3
1331 3552 1396 3597 sic
1416 3552 1539 3597 enim
1565 3566 1660 3597 non
1677 3566 1920 3611 possumus
1938 3553 2088 3599 dicere

131 3614 255 3674 quod
282 3625 380 3662 tota
405 3616 567 3662 albedo
594 3616 652 3663 sit
681 3617 727 3663 in
754 3617 956 3678 qualibet
979 3628 1121 3679 parte.
1155 3618 1204 3663 Si
1235 3619 1374 3678 igitur
1400 3629 1468 3665 est
1494 3618 1646 3679 aliqua
1669 3618 1819 3665 forma
1845 3634 1962 3680 quae
1992 3634 2087 3666 non
