2294 3854
279 222 382 275 668
655 248 660 254 ·
942 235 1096 274 LIBER
1140 234 1210 273 Ν.
1254 234 1375 273 CAP.
1417 234 1562 273 val.

366 338 455 382 Sed
483 338 683 381 maxima
700 337 939 382 difficultas
961 346 1149 396 apparet
1165 338 1283 381 circa
1300 337 1642 396 generationem
1669 346 1714 382 et
1739 338 2095 396 corruptionem,
2110 342 2228 399 q'nae

274 406 321 449 in
347 406 436 448 hoc
465 414 751 449 sacramento
778 404 987 447 videntur
1012 404 1232 448 accidere.
1258 403 1396 459 Nam,
1421 405 1460 447 si
1480 404 1580 462 quis
1603 403 1652 447 in
1674 418 1844 463 magna
1859 405 2118 463 ‘quantitate
2131 406 2228 451 hoe

274 471 592 516 sacramentali
618 472 719 515 cibo
747 479 958 523 uteretur,
981 470 1222 514 sustentari
1246 480 1414 528 posset,
1441 479 1486 513 et
1510 469 1619 514 vino
1644 472 1781 515 etiam
1812 471 2042 526 inebriari,
2068 477 2230 518 secun·

274 537 382 581 dum
410 537 520 580 illud
548 537 759 595 Apostoli
787 537 841 593 (Ι.
869 536 1080 580 Corinth.
1107 536 1185 580 XI.
1213 537 1330 592 21.):
1364 536 1488 581 Alius
1516 538 1659 590 esurit,
1692 537 1799 582 alius
1829 544 1965 589 autem
1989 539 2228 585 ebt-iusum

277 605 410 656 Quae
438 603 619 661 quidem
648 603 853 646 accidere
879 617 973 645 non
1000 612 1200 661 possent,
1225 602 1312 646 nisi
1339 616 1392 646 ex
1418 602 1508 647 hoc
1529 613 1819 648 sacramento
1846 618 1953 648 caro
1975 605 2229 664 etunguis

273 680 584 727 generaretur3
611 683 718 712 nam
745 669 1073 712 nutrimentum
1103 669 1380 713 convertitur
1405 669 1451 712 in
1485 670 1784 714 substantiam
1807 671 1989 726 nutriti3
2019 671 2228 730 quamvis

273 736 456 794 quidam
483 736 634 778 dicant
665 735 905 778 hominem
930 736 1022 779 hoc
1048 735 1370 780 sacramentali
1397 736 1499 779 cibo
1517 749 1612 780 non
1629 750 1764 794 posse
1781 737 1956 792 nutriri,
1972 738 2055 782 sed
2075 737 2228 783 sblum

273 801 520 845 confortari
547 811 591 844 et
617 801 1020 856 refocillari,isicut
1045 815 1187 860 quum
1215 803 1271 846 ad
1303 802 1497 846 odorem
1532 804 1626 847 vini
1658 802 1954 857 confortatur,
1988 803 2227 849 Sed‘haec

271 868 456 926 quidem
484 867 759 911 confortatio
787 868 842 911 ad
861 868 1026 912 horam
1054 868 1258 913 accidere
1284 878 1458 927 potest3
1485 883 1579 913 non
1606 879 1760 914 autem
1786 869 2033 916 sufficit-:ad
2054 880 2229 916 susten-

267 935 456 977 tandum
482 935 734 988 hominem,
761 934 799 978 si
824 934 900 977 diu
927 934 1024 978 sine
1051 935 1153 978 cibo
1181 946 1469 993 permaneat3
1502 936 1814 994 experimento
1841 946 1997 982 autem
2018 935 2230 982 de'ssfaciii

270 1000 546 1044 inveniretur
571 1001 809 1045 hominem
833 1000 906 1044 diu
925 1001 1244 1045 sacramentali
1262 1002 1364 1046 cibo
1381 1002 1623 1046 sustentari
1640 1016 1791 1061 posse.
1806 1002 2068 1048 Mirandum
2090 1004 2229 1049 etiam

269 1067 446 1109 videtur
472 1081 551 1109 cur
575 1077 745 1125 negent
769 1067 1008 1111 hominem
1035 1067 1125 1111 hoc
1144 1068 1464 1112 sacramentali
1483 1069 1586 1112 cibo
1605 1082 1740 1128 posse
1757 1069 1932 1124 nutriri,
1948 1068 2228 1129 refugientes

268 1133 359 1176 hoc
386 1142 723 1177 sacramentum
748 1134 795 1177 in
823 1147 1009 1178 carnem
1036 1144 1081 1178 et
1106 1134 1377 1193 sanguinem
1404 1149 1541 1194 posse
1559 1135 1781 1190 converti,
1796 1150 1940 1195 quum
1961 1136 2229 1184 adsensum

271 1210 483 1258 appareat
509 1200 631 1258 quod
658 1214 738 1258 per
763 1199 1147 1258 putrefactionem
1171 1200 1247 1245 vel
1273 1202 1643 1246 combustionem
1676 1203 1723 1246 in
1750 1201 1898 1247 aliam,
1913 1202 2229 1258 substantiam,

270 1267 443 1311 scilicet
469 1268 631 1311 cineris
659 1278 703 1311 et
724 1267 939 1325 pulveris,
957 1278 1272 1322 convertatur-3
1299 1268 1421 1327 quod
1439 1268 1626 1327 quidem
1652 1268 2017 1326 difficilefftamen
2036 1268 2229 1324 videtur,
2286 1325 2290 1328 ⁷

270 1347 326 1377 eo
354 1335 474 1410 quod
501 1348 585 1378 nec
612 1334 817 1378 videatur
842 1335 1058 1394 possibile
1081 1335 1205 1394 quod
1225 1350 1278 1379 ex
1296 1336 1605 1380 accidentibus
1623 1334 1702 1380 fiat
1717 1334 1986 1390 substantia,
2003 1349 2095 1386 nec
2102 1336 2231 1383 credi

266 1399 333 1444 fas
366 1401 423 1445 sit
447 1401 569 1459 quod
596 1401 844 1445 substantia
872 1402 1079 1461 corporis
1105 1402 1295 1457 Christi,
1321 1416 1438 1461 quae
1466 1412 1535 1447 est
1558 1401 1903 1488 impassibilis,.'
1891 1416 1953 1447 m
1965 1401 2123 1475 aliam
2120 1403 2230 1452 sub·

268 1467 479 1511 stantiam
507 1477 812 1512 convertatur.

358 1534 408 1577 Si
434 1535 532 1592 quis
561 1544 713 1579 autem
740 1535 890 1580 dicere
916 1535 1026 1580 velit
1047 1536 1183 1594 quod,
1210 1537 1326 1580 sicut
1351 1534 1629 1580 miraculose
1648 1535 1778 1595 panis
1803 1535 1851 1580 in
1872 1549 2046 1594 comus
2056 1516 2242 1582 Christi*

269 1602 560 1656 convertitur,
587 1602 649 1646 ita
676 1602 955 1647 miraculose
982 1602 1237 1647 accidentia
1263 1605 1309 1647 in
1334 1602 1635 1657 substantiam
1663 1611 2010 1657 convertuntur,
2027 1603 2226 1662 primum

268 1668 452 1727 quidem
478 1668 569 1712 hoc
595 1683 690 1713 non
718 1669 895 1713 videtur
921 1668 1144 1713 miraculo
1171 1683 1271 1714 esse
1297 1669 1591 1723 conveniens,
1617 1669 1740 1728 quod
1765 1669 1865 1713 hoc¹
1890 1673 2230 1727 sacramentum

266 1745 493 1794 putrescat
518 1734 593 1780 vel
609 1750 689 1794 per
708 1736 1075 1780 combustionem
1089 1736 1388 1790 dissolvatur3
1417 1736 1595 1790 deinde,
1622 1736 1729 1794 quia
1749 1734 2034 1794 putrefactio
2039 1745 2227 1782 etcum-

263 1802 428 1856 bustio‚
456 1813 677 1846 consueto
704 1813 891 1847 naturae
911 1803 1083 1857 ordine,
1101 1804 1208 1847 huic
1226 1812 1516 1847 sacramento
1535 1802 1742 1847 accidere
1761 1802 2076 1883 inveniuntur3
2095 1803 2222 1863 quod
2278 1835 2282 1838 -

266 1882 361 1912 non
387 1868 506 1913 solet
532 1883 630 1913 esse
656 1870 702 1913 in
728 1870 800 1914 his
828 1884 943 1928 quae
972 1869 1247 1914 miraculose
1273 1869 1402 1916 fiunt.

356 1936 428 1979 Ad
455 1936 572 1980 hanc
601 1937 932 1980 dubitationem
957 1937 1211 1981 tollendam
1235 1937 1462 1995 quaedam
1484 1936 1662 1981 famosa
1680 1937 1846 1995 positio
1872 1942 1944 1982 est
1961 1937 2226 1993 adinventa,

266 2017 383 2061 quae
417 2017 441 2046 a
470 2002 624 2046 multis
651 2013 842 2047 tenetur.
869 2004 1042 2048 Dicunt
1068 2005 1190 2047 enim
1217 2003 1355 2062 quod,
1378 2018 1519 2062 quum
1538 2004 1764 2062 contingit
1781 2003 1872 2049 hoc
1890 2015 2228 2050 sacramentum

265 2069 311 2112 in
340 2083 523 2113 carnem
551 2070 757 2114 converti
783 2080 860 2114 aut
877 2070 1151 2129 sanguinem
1168 2085 1248 2129 per
1264 2070 1610 2126 nutrimentum,
1626 2070 1700 2115 vel
1717 2071 1762 2114 in
1781 2073 1986 2116 cinerem
2004 2085 2086 2130 per
2096 2085 2229 2116 ⁴cont-

263 2136 523 2180 bustionem
551 2147 627 2180 aut
653 2137 1052 2195 putrefactionem,
1075 2152 1169 2181 non
1197 2147 1522 2181 convertuntur
1555 2137 1808 2182 accidentia
1829 2137 1886 2182 in
1911 2138 2225 2193 substantiam,

264 2217 412 2262 neque
439 2204 687 2247 substantia
717 2206 921 2262 corporis
948 2205 1134 2258 Christi,
1161 2205 1240 2248 sed
1267 2205 1382 2248 redit
1400 2205 1554 2248 divino
1582 2204 1804 2249 miraculo
1831 2204 2080 2250 substantia
2099 2206 2230 2266 panis
2292 2207 2294 2210 ’

264 2284 379 2328 quae
405 2271 527 2328 prius
554 2269 712 2324 fuerat,
740 2281 783 2315 et
810 2285 863 2314 ex
892 2286 945 2315 ea
979 2281 1253 2329 generantur
1285 2271 1364 2315 illa
1393 2272 1442 2315 in
1474 2285 1590 2330 quae
1622 2271 1714 2316 hoc
1747 2281 2087 2318 sacramentum
2118 2286 2225 2318 con-

263 2337 379 2380 verti
403 2337 642 2381 invenitur.
672 2337 763 2382 Sed
786 2338 876 2382 hoc
900 2338 1086 2396 quidem
1113 2339 1305 2382 omnino
1330 2347 1447 2382 stare
1474 2352 1568 2382 non
1594 2347 1758 2397 potest.

354 2403 607 2448 Ostensum
631 2414 697 2448 est
723 2406 846 2449 enim
872 2419 1005 2463 supra
1032 2404 1154 2463 quod
1180 2405 1428 2449 substantia
1453 2405 1581 2464 panis
1614 2405 1660 2449 in
1694 2405 1995 2450 substantiam
2020 2405 2226 2466 emporis

244 2470 437 2515 Christi
463 2472 764 2527 convertitur3
788 2473 909 2530 quod
937 2482 1090 2516 autem
1115 2472 1163 2515 in
1189 2471 1359 2531 aliquid
1386 2485 1660 2516 conversum
1688 2482 1756 2516 est
1779 2471 1926 2517 redire
1946 2485 2041 2516 non
2062 2482 2226 2532 potest,

263 2538 351 2581 nisi
376 2552 399 2581 e
427 2552 649 2583 converso
676 2538 787 2582 illud
811 2549 1150 2589 reconvertatur
1172 2541 1218 2583 in
1243 2539 1409 2597 ipsum.
1436 2538 1486 2583 Si
1511 2539 1647 2597 igitur
1672 2539 1923 2584 substantia
1948 2539 2078 2598 panis
2097 2539 2227 2596 redit,

263 2605 464 2663 sequitur
496 2606 618 2664 quod
650 2606 898 2650 substantia
931 2606 1134 2665 corporis
1163 2605 1334 2651 Christi
1365 2606 1696 2650 reconvertitur
1719 2605 1767 2650 in
1798 2620 1992 2666 panem,
1992 2605 2128 2680 qaod
2160 2616 2229 2652 est
2289 2623 2294 2625 “

264 2671 523 2715 absurdum.

350 2739 539 2783 Adhuc:
567 2739 604 2783 si
630 2739 878 2784 substantia
906 2740 1034 2798 panis
1071 2739 1200 2794 redit,
1226 2754 1415 2785 necesse
1448 2750 1516 2784 est
1548 2739 1671 2798 quod
1701 2738 1777 2784 vel
1807 2738 1963 2785 redeat
1986 2715 2226 2800 speciebus

263 2805 391 2863 panis
417 2806 705 2851 manentibus
730 2807 805 2851 vel
829 2807 1068 2866 speciebus
1091 2808 1220 2866 panis
1241 2809 1335 2866 jam
1352 2807 1606 2851 destructis.
1626 2806 1875 2866 Speciebus
1895 2805 2227 2866 quidemtpanis

263 2871 524 2917 durantibus
550 2873 799 2917 substantia
822 2874 950 2933 panis
977 2874 1122 2918 redire
1145 2888 1239 2918 non
1261 2884 1433 2933 potest3
1461 2875 1580 2932 quia,
1598 2873 1816 2932 quamdiu
1833 2873 2008 2932 species
2025 2883 2227 2928 manent,
2284 2866 2294 2925 ἶ

263 2949 418 2983 manet
443 2940 523 2983 sub
552 2940 616 2984 eis
643 2940 892 2984 substantia
915 2941 1120 2999 corporis
1149 2940 1346 2995 Christi;
1378 2948 1642 2999 sequeretur
1663 2939 1925 3000 ergo-quod
1948 2938 2087 2984 simu-l
2109 2948 2228 2985 esset
2275 2928 2294 3046 5}

262 3073 401 3130 ruptis
420 3073 655 3131 speciebus
673 3074 816 3132 panis,
833 3074 1083 3118 substantia
1099 3074 1229 3133 panis
1246 3074 1391 3118 redire
1414 3083 1577 3132 potest,
1595 3083 1693 3117 tum
1711 3073 1817 3132 quia
1832 3072 2083 3123 substantia
2098 3073 2227 3133 panis

263 3152 356 3181 non
385 3149 450 3183 est
476 3140 573 3183 sine
600 3141 790 3199 propriis
818 3140 1069 3199 speciebus,
1095 3150 1194 3185 tum
1222 3140 1342 3199 quia,
1370 3140 1605 3184 destructis
1632 3140 1868 3199 speciebus
1885 3139 2229 3200 paniajange·
2270 3149 2280 3202 j

264 3215 421 3248 nerata
450 3216 516 3250 est
543 3206 631 3250 alia
657 3207 922 3260 substantia,
950 3207 1006 3251 ad
1033 3207 1160 3264 cujus
1187 3207 1532 3265 generationem
1555 3206 1810 3266 ponebatur
1827 3206 1958 3266 quod
1978 3205 2273 3295 animantia

261 3005 322 3048 ibi
348 3007 596 3050 substantia
625 3007 753 3065 panis
780 3017 825 3051 et
846 3007 1096 3051 substantia
1123 3008 1328 3066 corporis
1356 3007 1541 3052 Christi.
1571 3006 1790 3067 Signiliter
1805 3006 1945 3051 etiam
1961 3019 2114 3065 neque
2132 3010 2229 3051 cm·-

265 3272 393 3328 panis
420 3273 596 3317 rediret.

351 3338 514 3383 Melius
535 3339 672 3397 igitur
694 3339 939 3383 dicendum
956 3340 1134 3384 videtur
1151 3338 1303 3399 quod
1291 3354 1338 3384 in
1355 3338 1452 3398 ipsa
1469 3311 1831 3391 consecratione,
1846 3334 2257 3385 sicutsubstantb

262 3404 389 3461 panis
415 3405 460 3447 in
487 3419 652 3463 corpus
680 3406 853 3450 Christi
878 3406 1156 3451 miraculose
1190 3407 1484 3460 convertitur,
1517 3407 1580 3450 ita
1612 3405 1889 3451 miraculose
1915 3403 2228 3451 aecidenw
2257 3407 2270 3444 ἐξ

264 3469 492 3514 confertur
518 3473 641 3529 quod
668 3473 925 3526 subsistant,
953 3474 1075 3532 quod
1103 3483 1169 3518 est
1194 3474 1428 3533 proprium
1451 3473 1753 3527 substantiae3
1775 3481 1821 3518 et
1841 3485 1931 3532 per
1942 3482 2246 3531 consequens
2255 3476 2294 3536 ξ

264 3537 383 3592 quod
417 3537 573 3581 omnia
604 3538 779 3596 possint
809 3538 960 3583 facere
994 3549 1038 3584 et
1069 3540 1161 3599 pati
1193 3543 1310 3599 'quae
1343 3539 1592 3584 substantia
1625 3548 1782 3598 posset
1809 3537 1977 3584 facere
1976 3546 2039 3583 et
2053 3537 2180 3598 pati,
2172 3535 2288 3589 πί

263 3601 510 3647 substantia
538 3603 734 3659 adesset;
762 3606 896 3660 unde,
923 3606 1019 3650 sine
1046 3619 1169 3650 novo
1197 3605 1437 3660 miraculo,
1467 3616 1510 3650 et
1535 3605 1760 3650 inebriare
1785 3613 1832 3650 et
1853 3603 2040 3651 nutrire
2050 3613 2103 3649 et
2116 3595 2269 3651 mei
