2294 3854
819 188 973 227 Lmen
1013 187 1082 227 1v.
1124 186 1242 227 CAP.
1285 183 1511 224 Lxxxm.
2029 169 2132 239 695

190 292 311 352 quod
335 297 414 351 per
438 306 567 336 unum
599 290 805 336 hominem
828 298 1045 351 peccatum
1068 293 1114 336 in
1131 305 1266 336 omnes
1288 290 1469 335 homines
1483 287 1747 348 pertransiit,
1769 293 1808 331 et
1824 293 1901 346 per
1919 294 2140 346 peccatum

188 371 312 402 mors.
338 358 516 403 Deinde
546 357 746 416 sequitur
776 358 899 417 quod
929 372 1024 404 non
1057 371 1221 403 omnes
1250 357 1484 416 indigeant
1513 353 1843 413 redemptione,
1875 366 1992 412 quae
2019 364 2087 398 est
2117 368 2144 398 a

191 424 393 483 Christo,
419 423 459 468 si
483 422 622 483 aliqui
653 424 750 469 sine
775 435 967 482 peccato
1000 424 1222 483 originale
1254 432 1301 468 et
1330 421 1598 468 necessitate
1624 420 1851 465 moriendi
1876 430 2142 475 nascantur;

187 500 235 536 et
256 491 322 535 sic
348 490 559 535 Christus
584 503 678 534 non
704 490 788 534 erit
820 492 1028 535 omnium
1060 492 1304 535 hominum
1331 498 1494 547 caput;
1521 487 1642 546 quod
1676 496 1744 531 est
1776 496 1935 530 contra
1957 497 2142 544 *senten-

186 556 299 601 tiam
331 556 545 616 Apostoli
570 557 761 602 dicentis
787 559 840 615 (I.
876 559 1084 603 Corinth.
1111 558 1211 602 XV.
1240 557 1348 614 22.)‚
1383 556 1505 615 quod
1530 557 1635 600 sicut
1659 556 1704 599 in
1725 553 1868 599 Adam
1899 568 2036 598 omnes
2056 569 2141 598 mo-

185 624 371 679 riantur,
389 625 450 668 ita
469 629 506 668 et
529 625 574 668 in
594 623 758 668 Christo
780 639 918 670 omnes
931 626 1277 683 vivificabuntur.
1306 623 1518 681 Sequitur
1538 622 1677 666 etiam
1709 631 1754 666 et
1779 619 1900 664 aliud
1926 620 2141 665 inconve-

185 689 330 743 niens,
347 698 396 734 ut
411 703 607 749 quorum
633 699 701 734 est
721 690 881 735 similis
907 692 1157 749 generatio,
1183 704 1277 733 non
1304 689 1361 733 sit
1385 687 1545 733 similis
1572 687 1877 746 generationis
1901 687 2137 731 terminus.

185 755 409 800 Homines
434 756 557 801 enim
574 769 654 814 per
671 758 1028 815 generationem,
1061 771 1176 815 quae
1203 766 1270 800 est
1295 770 1350 800 ex
1376 755 1581 808 semime,
1607 767 1727 797 nunc
1765 753 1950 812 quidem
1977 765 2138 796 conse-

186 831 382 882 quuntur
415 816 753 880 corruptibilem
783 824 939 877 vitam,
966 834 1072 868 tunc
1101 831 1254 868 autem
1294 821 1620 866 immortalem.
1654 820 1705 863 Si
1741 831 1892 864 autem
1928 819 2141 864 homines

186 888 262 948 qui
294 896 403 933 tunc
435 898 678 933 nascentur
709 890 1023 948 corruptibiles
1056 900 1199 943 erunt,
1232 898 1276 932 et
1308 888 1584 940 morientur3
1611 886 1649 930 si
1686 886 1848 930 iterato
1874 899 1967 930 non
1995 899 2139 930 resur-

186 964 312 1014 gunt,
338 965 553 1014 sequetur
584 955 706 1014 quod
738 969 898 1000 eorum
931 957 1112 1000 animae
1144 965 1364 1014 perpetuo
1398 953 1699 998 remanebunt
1725 966 1750 995 a
1784 952 2050 1011 corporibus
2077 966 2143 996 se-

185 1030 393 1080 paratae:
418 1021 540 1079 quod
566 1031 635 1066 est
650 1022 992 1077 inconveniens,
1020 1037 1126 1067 cum
1153 1022 1240 1066 sint
1257 1021 1459 1078 ejusdem
1487 1020 1655 1078 speciei
1678 1033 1783 1063 cum
1807 1019 2043 1063 animabus
2064 1019 2145 1064 ho-

184 1089 362 1132 minum
387 1089 735 1147 resurgentium.
763 1090 813 1133 Si
846 1092 1014 1135 autem'
1031 1100 1076 1134 et
1106 1090 1191 1147 ipsi
1217 1097 1471 1146 resurgunt,
1504 1087 1657 1130 debuit
1683 1100 1843 1130 eorum
1869 1086 2141 1130 resurrectio

185 1154 240 1198 ab
266 1154 367 1199 aliis
390 1156 656 1214 exspectari,
684 1167 731 1200 ut
753 1157 889 1201 simul
914 1157 1227 1215 omnibusqui
1259 1169 1398 1199 unam
1424 1164 1635 1198 naturam
1662 1153 1946 1211 participant,
1973 1152 2138 1197 benefi-

188 1221 311 1265 cium
337 1221 598 1266 conferatur
635 1224 991 1278 resurrectionis,
1018 1223 1141 1284 quod
1180 1223 1236 1266 ad
1267 1232 1455 1266 naturae
1492 1220 1827 1280 reparationem
1859 1220 2066 1278 pertinet,
2093 1230 2142 1264 ut

184 1300 240 1332 ex
260 1287 391 1332 dictis
417 1288 476 1346 (c.
499 1288 592 1346 81.)
618 1299 753 1348 patet.
781 1290 836 1334 Et
861 1301 1093 1348 praeterea
1118 1304 1212 1334 non
1229 1289 1405 1334 videtur
1422 1302 1520 1333 esse
1539 1287 1689 1348 aliqua
1707 1288 1821 1331 ratio
1841 1299 1979 1346 quare
2002 1286 2143 1346 aliqui

183 1364 498 1416 expectentur
523 1355 579 1399 ad
605 1355 743 1401 simul
763 1358 1106 1416 resurgendum,
1133 1358 1171 1401 si
1195 1371 1290 1401 non
1317 1369 1479 1400 omnes
1513 1364 1840 1414 exspectantur.

200 1442 202 1445 ·
267 1420 459 1465 Adhuc:
485 1421 524 1465 si
547 1422 763 1468 homines
787 1434 1073 1483 resurgentes
1098 1424 1305 1468 venereis
1337 1433 1518 1468 utentur
1544 1431 1589 1466 et
1614 1421 1908 1480 generabunt,
1936 1430 2013 1465 aut
2043 1420 2134 1465 hoc

184 1485 268 1530 erit
291 1498 486 1546 semper,
504 1497 581 1532 aut
610 1501 704 1533 non
731 1503 923 1549 semper.
958 1491 1008 1535 Si
1033 1504 1226 1550 semper,
1259 1499 1471 1549 sequetur
1490 1488 1615 1548 quod
1647 1486 1967 1545 multiplicatio
1994 1487 2142 1532 homi-

182 1564 294 1596 num
320 1553 466 1598 eritin
482 1554 723 1601 infinitum.
741 1556 939 1602 Intentio
958 1566 1111 1602 autem
1136 1567 1324 1601 naturae
1347 1555 1606 1615 generantis
1631 1564 1736 1615 post
1760 1553 2141 1609 resurrectionem

181 1630 276 1662 non
293 1620 459 1678 poterit
485 1634 583 1666 esse
611 1622 667 1665 ad
689 1621 829 1666 alium
845 1623 985 1667 finem
1008 1636 1146 1683 quam
1162 1622 1593 1682 multiplicationem
1614 1621 1884 1674 hominum;
1905 1633 2000 1664 non
2018 1620 2141 1664 enim

181 1684 266 1729 erit
290 1685 347 1729 ad
374 1688 769 1733 conservationem
795 1690 964 1749 speciei
985 1705 1065 1749 per
1081 1690 1440 1749 generationem,
1467 1702 1608 1747 quum
1641 1687 1852 1732 homines
1873 1686 2141 1746 incorrupti·

181 1751 331 1796 biliter
355 1753 443 1797 sint
462 1754 637 1798 victuri.
665 1755 878 1815 Sequitur
894 1756 1033 1815 igitur
1055 1757 1178 1815 quod
1203 1757 1396 1800 intentio
1423 1764 1611 1799 naturae
1634 1754 1892 1813 generantis
1918 1754 1975 1798 sit
2001 1753 2056 1797 ad
2077 1753 2141 1797 in-

185 1816 389 1873 finitum;
420 1820 543 1878 quod
575 1830 643 1865 est
666 1822 962 1881 impossibile.
994 1823 1045 1867 Si
1070 1836 1178 1867 vero
1211 1836 1306 1866 non
1331 1836 1513 1881 semper
1539 1821 1834 1880 generabunt,
1868 1820 1947 1864 sed
1980 1820 2035 1864 ad
2068 1820 2142 1864 ali-

184 1885 309 1943 quod
332 1885 687 1931 determinatum
708 1897 902 1948 tempus,
928 1900 1033 1949 post
1057 1889 1168 1934 illud
1194 1890 1331 1948 igitur
1356 1899 1536 1947 tempus
1557 1901 1651 1932 non
1674 1888 1978 1947 generabunt:
2002 1901 2141 1945 quare

183 1959 230 1994 et
259 1964 287 1996 a
315 1952 539 2012 principio
570 1954 661 1998 hoc
694 1955 758 1999 eis
791 1956 1125 2001 attribuendum
1157 1966 1226 2001 est
1256 1966 1305 2000 ut
1335 1956 1543 2000 venereis
1579 1968 1674 1998 non
1711 1963 1907 2008 utantur,
1939 1967 2024 1998 nec
2062 1968 2140 2013 ge·

181 2028 353 2063 nerent.
1945 2064 1949 2068 ·

273 2084 324 2129 Si
348 2086 448 2145 quis
481 2096 633 2132 autem
659 2088 793 2143 dicat,
825 2090 948 2149 quod
984 2091 1031 2134 in
1063 2090 1399 2149 resurgentibus
1434 2089 1516 2134 erit
1547 2102 1654 2133 usus
1691 2089 1898 2134 ciborum
1937 2099 1981 2133 et
2005 2101 2136 2132 vene-

185 2165 368 2197 reorum
393 2167 488 2198 non
513 2164 699 2214 propter
734 2158 1130 2202 conservationem
1161 2157 1235 2202 vel
1261 2166 1559 2215 augmentum
1594 2156 1813 2215 corporis,
1845 2170 1995 2215 neque
2031 2170 2137 2200 con·

182 2219 489 2264 servationem
514 2222 696 2279 speciei,
722 2222 796 2267 vel
822 2223 1252 2283 multiplicationem
1283 2224 1543 2277 hominum,
1569 2222 1648 2267 sed
1680 2233 1864 2281 propter
1891 2222 2040 2267 solam
2066 2223 2138 2266 de-

181 2284 491 2341 lectationem,
517 2301 633 2347 quae
664 2289 711 2332 in
737 2289 807 2334 his
840 2291 1014 2335 actibus
1039 2291 1224 2344 exsistit,
1251 2304 1309 2335 ne
1342 2289 1493 2348 aliqua
1526 2289 1769 2334 delectatio
1795 2289 2057 2333 hominibus
2090 2289 2137 2332 in

178 2351 340 2397 ultima
363 2356 730 2400 remuneratione
754 2356 892 2401 desit:
919 2367 1042 2417 patet
1057 2358 1243 2417 quidem
1275 2355 1586 2416 multipliciter
1612 2356 1727 2400 haec
1759 2356 2135 2401 inconvenienter

180 2419 286 2463 dici.

266 2486 425 2531 Primo
449 2487 636 2546 quidem
662 2490 767 2548 quia
798 2491 890 2536 vita
914 2492 1251 2551 resurgentium
1283 2490 1534 2535 ordinatior
1560 2490 1645 2535 erit
1676 2504 1815 2549 quam
1839 2490 1932 2534 vita
1963 2499 2135 2545 nostra,

179 2562 389 2612 utsupra
414 2554 587 2599 dictum
614 2565 693 2600 est.
720 2557 772 2601 In
802 2558 890 2603 hac
919 2569 1072 2604 autem
1097 2560 1189 2604 vita
1215 2558 1525 2602 inordinatum
1558 2568 1603 2602 et
1623 2558 1839 2602 vitiosum
1871 2566 1952 2611 est,
1979 2557 2016 2601 si
2036 2558 2136 2616 quis

178 2618 292 2664 cibis
314 2629 361 2664 et
382 2621 587 2667 venereis
612 2631 761 2667 utatur
785 2634 969 2683 propter
1000 2625 1149 2670 solam
1182 2624 1550 2679 delectationem,
1578 2634 1624 2669 et
1649 2638 1743 2668 non
1769 2633 1953 2683 propter
1984 2637 2138 2668 neces·

179 2687 360 2732 sitatem
386 2689 668 2733 sustentandi
683 2692 903 2750 corporis,
920 2691 994 2736 vel
1011 2692 1150 2752 prolis
1177 2691 1455 2737 educandae.
1474 2691 1530 2735 Et
1545 2691 1636 2735 hoc
1658 2691 2010 2735 rationabiliter:
2027 2705 2136 2735 nam

179 2751 506 2799 delectationes
539 2769 655 2814 quae
689 2768 794 2802 sunt
818 2759 863 2802 in
890 2760 1148 2817 praemissis
1186 2758 1440 2803 actionibus
1482 2772 1575 2802 non
1614 2767 1718 2802 sunt
1749 2757 1862 2802 fines
1888 2757 2137 2813 actionum,

178 2819 257 2863 sed
286 2820 434 2879 magis
460 2835 484 2865 e
517 2835 768 2869 converso:
800 2835 958 2869 natura
991 2826 1115 2870 enim
1148 2825 1204 2869 ad
1236 2825 1325 2869 hoc
1356 2824 1581 2868 ordinavit
1608 2823 1935 2868 delectationes
1961 2824 2007 2870 in
2039 2825 2137 2877 istis

177 2886 365 2941 actibus,
389 2900 447 2931 ne
473 2888 688 2933 animalia
714 2900 897 2949 propter
923 2890 1129 2935 laborem
1153 2891 1205 2934 ab
1234 2890 1329 2935 istis
1357 2889 1529 2934 actibus
1557 2890 1826 2935 necessariis
1848 2899 2037 2934 naturae
2065 2891 2137 2934 de-

178 2954 408 3009 sisterent3
435 2954 558 3013 quod
582 2958 883 3015 contingeret,
909 2958 995 3002 nisi
1023 2958 1325 3002 delectatione
1357 2966 1730 3015 provocarentur.
1763 2956 1843 3001 Est
1873 2971 1986 3015 ergo
2021 2956 2137 3001 ordo

175 3030 491 3078 praeposterus
522 3030 567 3065 et
604 3022 824 3078 indicens,
867 3024 902 3068 si
946 3025 1235 3084 operationes
1267 3034 1452 3082 propter
1493 3023 1613 3068 solas
1647 3022 1975 3067 delectationes
2016 3036 2139 3068 exer·

179 3096 376 3131 ceantur.
402 3087 545 3132 Nullo
570 3088 708 3146 igitur
734 3091 874 3135 modo
897 3091 987 3135 hoc
1014 3091 1060 3136 in
1083 3090 1419 3149 resurgentibus
1447 3093 1543 3144 erit,
1570 3104 1767 3149 quorum
1789 3090 1881 3134 vita
1903 3090 2138 3135 ordinatis-

176 3153 291 3197 sima
316 3155 511 3213 ponitur.

264 3219 449 3267 Adhuc:
482 3222 575 3266 vita
600 3224 933 3282 resurgentium
955 3225 1010 3269 ad
1038 3224 1410 3283 consequendam
1438 3223 1686 3282 perfectam
1711 3217 2038 3268 beatitudinem
2064 3238 2134 3268 or-

179 3285 369 3331 dinatur.
396 3287 603 3334 Perfecta
635 3299 789 3334 autem
813 3291 1045 3336 beatitudo
1073 3302 1117 3336 et
1146 3291 1340 3336 felicitas
1367 3291 1571 3334 hominis
1597 3304 1691 3335 non
1721 3291 1926 3336 consistit
1945 3291 1992 3334 in
2018 3290 2135 3335 dele·

175 3353 447 3399 erationibus
473 3356 782 3415 corporalibus
792 3373 807 3413 ;«
830 3372 946 3418 quae
972 3368 1077 3403 sunt
1098 3358 1424 3403 delectationes
1444 3357 1651 3402 ciborum
1678 3357 1724 3401 et
1747 3371 2063 3413 venereorum,
2085 3367 2135 3403 ut

175 3420 222 3464 in
239 3420 383 3465 tertio
407 3422 468 3479 (c.
496 3422 589 3480 27.)
616 3433 848 3470 ostensum
874 3434 955 3470 est.
984 3425 1088 3469 Non
1122 3426 1256 3484 igitur
1283 3435 1465 3484 oportet
1495 3438 1664 3483 ponere
1697 3425 1743 3468 in
1774 3425 1867 3470 vita
1898 3438 2132 3483 resurgen-

175 3486 292 3531 tium
315 3487 580 3546 hujusmodi
602 3489 926 3536 delectationes
947 3505 1060 3536 esse.

265 3553 500 3613 Amplius:
534 3564 660 3601 actus
691 3555 907 3602 virtutum
940 3557 1205 3603 ordinantur
1226 3558 1280 3602 ad
1304 3557 1627 3602 beatitudinem
1659 3557 1775 3603 sicut
1806 3556 1862 3602 ad
1895 3556 2046 3602 finem.
2075 3556 2127 3602 Si
