<?xml version="1.0" encoding="UTF-8"?>
<!DOCTYPE html PUBLIC "-//W3C//DTD XHTML 1.0 Transitional//EN"
    "http://www.w3.org/TR/xhtml1/DTD/xhtml1-transitional.dtd">
<html xmlns="http://www.w3.org/1999/xhtml" xml:lang="en" lang="en">
 <head>
  <title>
</title>
<meta http-equiv="Content-Type" content="text/html;charset=utf-8" />
  <meta name='ocr-system' content='tesseract 3.04.00' />
  <meta name='ocr-capabilities' content='ocr_page ocr_carea ocr_par ocr_line ocrx_word'/>
</head>
<body>
  <div class='ocr_page' id='page_1' title='image "./divithomaeaquina00thom_0373.png"; bbox 0 0 2332 3854; ppageno 0'>
   <div class='ocr_carea' id='block_1_1' title="bbox 0 0 46 469">
    <p class='ocr_par' dir='ltr' id='par_1_1' title="bbox 0 0 46 469">
     <span class='ocr_line' id='line_1_1' title="bbox 0 0 46 469; baseline 0 3385"><span class='ocrx_word' id='word_1_1' title='bbox 0 0 46 469; x_wconf 95' lang='lat' dir='ltr'> </span> 
     </span>
    </p>
   </div>
   <div class='ocr_carea' id='block_1_2' title="bbox 0 2765 25 3343">
    <p class='ocr_par' dir='ltr' id='par_1_2' title="bbox 0 2765 25 3343">
     <span class='ocr_line' id='line_1_2' title="bbox 0 2765 25 3343; baseline 0 511"><span class='ocrx_word' id='word_1_2' title='bbox 0 2765 25 3343; x_wconf 95' lang='lat' dir='ltr'> </span> 
     </span>
    </p>
   </div>
   <div class='ocr_carea' id='block_1_3' title="bbox 833 210 2086 278">
    <p class='ocr_par' dir='ltr' id='par_1_3' title="bbox 833 210 2086 278">
     <span class='ocr_line' id='line_1_3' title="bbox 833 210 2086 278; baseline 0 -16"><span class='ocrx_word' id='word_1_3' title='bbox 833 224 987 264; x_wconf 72' lang='lat' dir='ltr'>mnan</span> <span class='ocrx_word' id='word_1_4' title='bbox 1025 224 1102 263; x_wconf 86' lang='lat'>111.</span> <span class='ocrx_word' id='word_1_5' title='bbox 1142 225 1263 263; x_wconf 65' lang='lat' dir='ltr'>cap,</span> <span class='ocrx_word' id='word_1_6' title='bbox 1305 223 1416 262; x_wconf 80' lang='lat' dir='ltr'>Lm.</span> <span class='ocrx_word' id='word_1_7' title='bbox 1987 210 2086 278; x_wconf 84' lang='lat'>361</span> 
     </span>
    </p>
   </div>
   <div class='ocr_carea' id='block_1_4' title="bbox 138 322 2117 3436">
    <p class='ocr_par' dir='ltr' id='par_1_4' title="bbox 138 322 2100 849">
     <span class='ocr_line' id='line_1_4' title="bbox 140 322 2095 385; baseline -0.004 -13"><span class='ocrx_word' id='word_1_8' title='bbox 140 326 244 373; x_wconf 87' lang='lat' dir='ltr'>talis</span> <span class='ocrx_word' id='word_1_9' title='bbox 269 327 378 372; x_wconf 91' lang='lat' dir='ltr'>unio</span> <span class='ocrx_word' id='word_1_10' title='bbox 403 326 588 385; x_wconf 88' lang='lat' dir='ltr'>incipiat</span> <span class='ocrx_word' id='word_1_11' title='bbox 611 339 709 371; x_wconf 89' lang='lat' dir='ltr'>esse</span> <span class='ocrx_word' id='word_1_12' title='bbox 735 340 815 385; x_wconf 87' lang='lat' dir='ltr'>per</span> <span class='ocrx_word' id='word_1_13' title='bbox 839 326 1141 370; x_wconf 82' lang='lat' dir='ltr'>mutationem</span> <span class='ocrx_word' id='word_1_14' title='bbox 1167 324 1422 369; x_wconf 90' lang='lat' dir='ltr'>intellectus</span> <span class='ocrx_word' id='word_1_15' title='bbox 1445 325 1595 367; x_wconf 89' lang='lat' dir='ltr'>creati.</span> <span class='ocrx_word' id='word_1_16' title='bbox 1625 322 1758 375; x_wconf 86' lang='lat' dir='ltr'><strong>Quae</strong></span> <span class='ocrx_word' id='word_1_17' title='bbox 1785 322 1967 382; x_wconf 90' lang='lat' dir='ltr'>quidem</span> <span class='ocrx_word' id='word_1_18' title='bbox 2001 337 2095 366; x_wconf 90' lang='lat' dir='ltr'>mu-</span> 
     </span>
     <span class='ocr_line' id='line_1_5' title="bbox 139 389 2096 452; baseline -0.004 -14"><span class='ocrx_word' id='word_1_19' title='bbox 139 396 251 439; x_wconf 90' lang='lat' dir='ltr'>tatio</span> <span class='ocrx_word' id='word_1_20' title='bbox 279 394 405 438; x_wconf 90' lang='lat' dir='ltr'>aliter</span> <span class='ocrx_word' id='word_1_21' title='bbox 430 407 527 438; x_wconf 88' lang='lat' dir='ltr'>esse</span> <span class='ocrx_word' id='word_1_22' title='bbox 552 406 646 437; x_wconf 91' lang='lat' dir='ltr'>non</span> <span class='ocrx_word' id='word_1_23' title='bbox 672 401 835 451; x_wconf 87' lang='lat' dir='ltr'>potest,</span> <span class='ocrx_word' id='word_1_24' title='bbox 861 393 947 436; x_wconf 86' lang='lat' dir='ltr'>nisi</span> <span class='ocrx_word' id='word_1_25' title='bbox 972 407 1051 452; x_wconf 88' lang='lat' dir='ltr'>per</span> <span class='ocrx_word' id='word_1_26' title='bbox 1075 393 1166 437; x_wconf 89' lang='lat' dir='ltr'>hoc</span> <span class='ocrx_word' id='word_1_27' title='bbox 1193 392 1316 451; x_wconf 90' lang='lat' dir='ltr'>quod</span> <span class='ocrx_word' id='word_1_28' title='bbox 1343 389 1597 435; x_wconf 88' lang='lat' dir='ltr'>intellectus</span> <span class='ocrx_word' id='word_1_29' title='bbox 1615 399 1792 433; x_wconf 90' lang='lat' dir='ltr'>creatus</span> <span class='ocrx_word' id='word_1_30' title='bbox 1814 389 2013 446; x_wconf 88' lang='lat' dir='ltr'>aliquam</span> <span class='ocrx_word' id='word_1_31' title='bbox 2036 389 2096 432; x_wconf 90' lang='lat' dir='ltr'>di-</span> 
     </span>
     <span class='ocr_line' id='line_1_6' title="bbox 139 455 2095 519; baseline -0.004 -15"><span class='ocrx_word' id='word_1_32' title='bbox 139 461 439 519; x_wconf 88' lang='lat' dir='ltr'>spositionem</span> <span class='ocrx_word' id='word_1_33' title='bbox 465 459 521 503; x_wconf 90' lang='lat' dir='ltr'>de</span> <span class='ocrx_word' id='word_1_34' title='bbox 547 473 670 503; x_wconf 90' lang='lat' dir='ltr'>novo</span> <span class='ocrx_word' id='word_1_35' title='bbox 697 458 911 517; x_wconf 87' lang='lat' dir='ltr'>acquirat.</span> <span class='ocrx_word' id='word_1_36' title='bbox 935 457 1060 502; x_wconf 87' lang='lat' dir='ltr'>Idem</span> <span class='ocrx_word' id='word_1_37' title='bbox 1085 468 1238 503; x_wconf 84' lang='lat' dir='ltr'>autem</span> <span class='ocrx_word' id='word_1_38' title='bbox 1261 457 1462 515; x_wconf 89' lang='lat' dir='ltr'>sequitur</span> <span class='ocrx_word' id='word_1_39' title='bbox 1479 456 1515 500; x_wconf 89' lang='lat' dir='ltr'>si</span> <span class='ocrx_word' id='word_1_40' title='bbox 1533 457 1675 508; x_wconf 89' lang='lat' dir='ltr'>detur,</span> <span class='ocrx_word' id='word_1_41' title='bbox 1693 456 1813 513; x_wconf 92' lang='lat' dir='ltr'>quod</span> <span class='ocrx_word' id='word_1_42' title='bbox 1833 469 1858 498; x_wconf 89' lang='lat' dir='ltr'>a</span> <span class='ocrx_word' id='word_1_43' title='bbox 1874 455 2095 513; x_wconf 90' lang='lat' dir='ltr'>principio</span> 
     </span>
     <span class='ocr_line' id='line_1_7' title="bbox 141 521 2097 581; baseline -0.004 -11"><span class='ocrx_word' id='word_1_44' title='bbox 141 539 249 570; x_wconf 86' lang='lat' dir='ltr'>suae</span> <span class='ocrx_word' id='word_1_45' title='bbox 277 526 518 570; x_wconf 87' lang='lat' dir='ltr'>creationis</span> <span class='ocrx_word' id='word_1_46' title='bbox 543 524 623 570; x_wconf 87' lang='lat' dir='ltr'>tali</span> <span class='ocrx_word' id='word_1_47' title='bbox 649 525 825 568; x_wconf 84' lang='lat' dir='ltr'>visione</span> <span class='ocrx_word' id='word_1_48' title='bbox 852 523 1012 581; x_wconf 88' lang='lat' dir='ltr'>aliquis</span> <span class='ocrx_word' id='word_1_49' title='bbox 1039 535 1216 569; x_wconf 89' lang='lat' dir='ltr'>creatus</span> <span class='ocrx_word' id='word_1_50' title='bbox 1241 522 1497 581; x_wconf 86' lang='lat' dir='ltr'>intellectus</span> <span class='ocrx_word' id='word_1_51' title='bbox 1529 522 1739 581; x_wconf 84' lang='lat' dir='ltr'>potiatur.</span> <span class='ocrx_word' id='word_1_52' title='bbox 1772 521 1894 567; x_wconf 90' lang='lat' dir='ltr'>Nam</span> <span class='ocrx_word' id='word_1_53' title='bbox 1926 521 1964 565; x_wconf 91' lang='lat' dir='ltr'>si</span> <span class='ocrx_word' id='word_1_54' title='bbox 1995 521 2097 564; x_wconf 91' lang='lat' dir='ltr'>talis</span> 
     </span>
     <span class='ocr_line' id='line_1_8' title="bbox 138 587 2100 648; baseline -0.003 -13"><span class='ocrx_word' id='word_1_55' title='bbox 138 592 257 636; x_wconf 89' lang='lat' dir='ltr'>visio</span> <span class='ocrx_word' id='word_1_56' title='bbox 282 591 547 636; x_wconf 85' lang='lat' dir='ltr'>facultatem</span> <span class='ocrx_word' id='word_1_57' title='bbox 574 602 760 636; x_wconf 89' lang='lat' dir='ltr'>naturae</span> <span class='ocrx_word' id='word_1_58' title='bbox 789 601 966 634; x_wconf 85' lang='lat' dir='ltr'>creatae</span> <span class='ocrx_word' id='word_1_59' title='bbox 993 590 1183 642; x_wconf 83' lang='lat' dir='ltr'>excedit,</span> <span class='ocrx_word' id='word_1_60' title='bbox 1206 599 1254 634; x_wconf 91' lang='lat' dir='ltr'>ut</span> <span class='ocrx_word' id='word_1_61' title='bbox 1279 590 1519 648; x_wconf 88' lang='lat' dir='ltr'>probatum</span> <span class='ocrx_word' id='word_1_62' title='bbox 1555 598 1622 632; x_wconf 90' lang='lat' dir='ltr'>est</span> <span class='ocrx_word' id='word_1_63' title='bbox 1648 589 1710 645; x_wconf 93' lang='lat' dir='ltr'>(c.</span> <span class='ocrx_word' id='word_1_64' title='bbox 1741 587 1844 645; x_wconf 87' lang='lat'>52.)‚</span> <span class='ocrx_word' id='word_1_65' title='bbox 1868 597 2016 645; x_wconf 89' lang='lat' dir='ltr'>potest</span> <span class='ocrx_word' id='word_1_66' title='bbox 2038 589 2100 630; x_wconf 90' lang='lat' dir='ltr'>in-</span> 
     </span>
     <span class='ocr_line' id='line_1_9' title="bbox 141 653 2098 717; baseline -0.003 -15"><span class='ocrx_word' id='word_1_67' title='bbox 141 658 283 717; x_wconf 88' lang='lat' dir='ltr'>telligi</span> <span class='ocrx_word' id='word_1_68' title='bbox 310 659 409 717; x_wconf 90' lang='lat' dir='ltr'>quis</span> <span class='ocrx_word' id='word_1_69' title='bbox 435 658 688 702; x_wconf 89' lang='lat' dir='ltr'>intellectus</span> <span class='ocrx_word' id='word_1_70' title='bbox 717 667 892 702; x_wconf 90' lang='lat' dir='ltr'>creatus</span> <span class='ocrx_word' id='word_1_71' title='bbox 918 656 965 698; x_wconf 91' lang='lat' dir='ltr'>in</span> <span class='ocrx_word' id='word_1_72' title='bbox 997 657 1147 714; x_wconf 90' lang='lat' dir='ltr'>specie</span> <span class='ocrx_word' id='word_1_73' title='bbox 1175 670 1282 700; x_wconf 91' lang='lat' dir='ltr'>suae</span> <span class='ocrx_word' id='word_1_74' title='bbox 1309 666 1497 699; x_wconf 92' lang='lat' dir='ltr'>naturae</span> <span class='ocrx_word' id='word_1_75' title='bbox 1524 655 1786 707; x_wconf 83' lang='lat' dir='ltr'>consistere,</span> <span class='ocrx_word' id='word_1_76' title='bbox 1813 654 1983 712; x_wconf 89' lang='lat' dir='ltr'>absque</span> <span class='ocrx_word' id='word_1_77' title='bbox 2008 653 2098 697; x_wconf 90' lang='lat' dir='ltr'>hoc</span> 
     </span>
     <span class='ocr_line' id='line_1_10' title="bbox 144 719 2099 784; baseline -0.004 -15"><span class='ocrx_word' id='word_1_78' title='bbox 144 726 266 784; x_wconf 86' lang='lat' dir='ltr'>quod</span> <span class='ocrx_word' id='word_1_79' title='bbox 292 725 381 769; x_wconf 89' lang='lat' dir='ltr'>Dei</span> <span class='ocrx_word' id='word_1_80' title='bbox 407 725 702 768; x_wconf 81' lang='lat' dir='ltr'>substantiam</span> <span class='ocrx_word' id='word_1_81' title='bbox 727 723 892 766; x_wconf 87' lang='lat' dir='ltr'>videat.</span> <span class='ocrx_word' id='word_1_82' title='bbox 918 722 1053 766; x_wconf 91' lang='lat' dir='ltr'>Unde</span> <span class='ocrx_word' id='word_1_83' title='bbox 1079 723 1174 766; x_wconf 90' lang='lat' dir='ltr'>sive</span> <span class='ocrx_word' id='word_1_84' title='bbox 1202 736 1226 766; x_wconf 90' lang='lat' dir='ltr'>a</span> <span class='ocrx_word' id='word_1_85' title='bbox 1253 722 1490 780; x_wconf 86' lang='lat' dir='ltr'>principio,</span> <span class='ocrx_word' id='word_1_86' title='bbox 1517 722 1610 767; x_wconf 90' lang='lat' dir='ltr'>sive</span> <span class='ocrx_word' id='word_1_87' title='bbox 1633 720 1926 780; x_wconf 88' lang='lat' dir='ltr'>postmodum</span> <span class='ocrx_word' id='word_1_88' title='bbox 1946 719 2099 764; x_wconf 89' lang='lat' dir='ltr'>Deum</span> 
     </span>
     <span class='ocr_line' id='line_1_11' title="bbox 144 788 1537 849; baseline -0.003 -15"><span class='ocrx_word' id='word_1_89' title='bbox 144 790 296 835; x_wconf 82' lang='lat' dir='ltr'>videre</span> <span class='ocrx_word' id='word_1_90' title='bbox 321 791 523 849; x_wconf 80' lang='lat' dir='ltr'>incipiat,</span> <span class='ocrx_word' id='word_1_91' title='bbox 548 799 728 849; x_wconf 87' lang='lat' dir='ltr'>oportet</span> <span class='ocrx_word' id='word_1_92' title='bbox 754 791 848 846; x_wconf 84' lang='lat' dir='ltr'>ejus</span> <span class='ocrx_word' id='word_1_93' title='bbox 875 799 1062 833; x_wconf 87' lang='lat' dir='ltr'>naturae</span> <span class='ocrx_word' id='word_1_94' title='bbox 1090 788 1258 846; x_wconf 88' lang='lat' dir='ltr'>aliquid</span> <span class='ocrx_word' id='word_1_95' title='bbox 1285 788 1537 846; x_wconf 89' lang='lat' dir='ltr'>superaddi.</span> 
     </span>
    </p>

    <p class='ocr_par' dir='ltr' id='par_1_5' title="bbox 147 851 2109 1843">
     <span class='ocr_line' id='line_1_12' title="bbox 235 851 2099 915; baseline -0.003 -14"><span class='ocrx_word' id='word_1_96' title='bbox 235 857 379 901; x_wconf 87' lang='lat' dir='ltr'>Item:</span> <span class='ocrx_word' id='word_1_97' title='bbox 404 856 520 900; x_wconf 84' lang='lat' dir='ltr'>nihil</span> <span class='ocrx_word' id='word_1_98' title='bbox 545 866 694 915; x_wconf 89' lang='lat' dir='ltr'>potest</span> <span class='ocrx_word' id='word_1_99' title='bbox 719 855 775 899; x_wconf 91' lang='lat' dir='ltr'>ad</span> <span class='ocrx_word' id='word_1_100' title='bbox 803 855 1012 899; x_wconf 90' lang='lat' dir='ltr'>altiorem</span> <span class='ocrx_word' id='word_1_101' title='bbox 1046 854 1360 912; x_wconf 89' lang='lat' dir='ltr'>operationem</span> <span class='ocrx_word' id='word_1_102' title='bbox 1396 853 1578 906; x_wconf 87' lang='lat' dir='ltr'>elevari,</span> <span class='ocrx_word' id='word_1_103' title='bbox 1616 852 1706 897; x_wconf 84' lang='lat' dir='ltr'>nisi</span> <span class='ocrx_word' id='word_1_104' title='bbox 1739 866 1820 912; x_wconf 91' lang='lat' dir='ltr'>per</span> <span class='ocrx_word' id='word_1_105' title='bbox 1851 852 1942 896; x_wconf 91' lang='lat' dir='ltr'>hoc</span> <span class='ocrx_word' id='word_1_106' title='bbox 1978 851 2099 911; x_wconf 92' lang='lat' dir='ltr'>quod</span> 
     </span>
     <span class='ocr_line' id='line_1_13' title="bbox 147 918 2101 981; baseline -0.002 -14"><span class='ocrx_word' id='word_1_107' title='bbox 147 923 244 981; x_wconf 76' lang='lat' dir='ltr'>ejus</span> <span class='ocrx_word' id='word_1_108' title='bbox 267 923 408 967; x_wconf 81' lang='lat' dir='ltr'>virtus</span> <span class='ocrx_word' id='word_1_109' title='bbox 433 922 711 967; x_wconf 82' lang='lat' dir='ltr'>fortificetur.</span> <span class='ocrx_word' id='word_1_110' title='bbox 730 922 969 979; x_wconf 84' lang='lat' dir='ltr'>Contingit</span> <span class='ocrx_word' id='word_1_111' title='bbox 987 932 1137 965; x_wconf 87' lang='lat' dir='ltr'>autem</span> <span class='ocrx_word' id='word_1_112' title='bbox 1161 920 1398 980; x_wconf 84' lang='lat' dir='ltr'>dupliciter</span> <span class='ocrx_word' id='word_1_113' title='bbox 1413 920 1602 977; x_wconf 88' lang='lat' dir='ltr'>alicujus</span> <span class='ocrx_word' id='word_1_114' title='bbox 1621 921 1838 963; x_wconf 87' lang='lat' dir='ltr'>virtutem·</span> <span class='ocrx_word' id='word_1_115' title='bbox 1854 918 2101 963; x_wconf 79' lang='lat' dir='ltr'>fortificari.</span> 
     </span>
     <span class='ocr_line' id='line_1_14' title="bbox 147 986 2103 1048; baseline -0.003 -14"><span class='ocrx_word' id='word_1_116' title='bbox 147 989 257 1034; x_wconf 87' lang='lat' dir='ltr'>Uno</span> <span class='ocrx_word' id='word_1_117' title='bbox 282 989 424 1034; x_wconf 90' lang='lat' dir='ltr'>modo</span> <span class='ocrx_word' id='word_1_118' title='bbox 450 1003 530 1048; x_wconf 80' lang='lat' dir='ltr'>per</span> <span class='ocrx_word' id='word_1_119' title='bbox 555 988 812 1047; x_wconf 89' lang='lat' dir='ltr'>simplicem</span> <span class='ocrx_word' id='word_1_120' title='bbox 837 990 1143 1031; x_wconf 88' lang='lat' dir='ltr'>intensionem</span> <span class='ocrx_word' id='word_1_121' title='bbox 1169 987 1309 1046; x_wconf 90' lang='lat' dir='ltr'>ipsius</span> <span class='ocrx_word' id='word_1_122' title='bbox 1335 986 1534 1040; x_wconf 89' lang='lat' dir='ltr'>virtutis;</span> <span class='ocrx_word' id='word_1_123' title='bbox 1560 986 1677 1030; x_wconf 89' lang='lat' dir='ltr'>sicut</span> <span class='ocrx_word' id='word_1_124' title='bbox 1700 986 1841 1030; x_wconf 89' lang='lat' dir='ltr'>virtus</span> <span class='ocrx_word' id='word_1_125' title='bbox 1864 986 2012 1029; x_wconf 87' lang='lat' dir='ltr'>activa</span> <span class='ocrx_word' id='word_1_126' title='bbox 2034 998 2103 1028; x_wconf 88' lang='lat' dir='ltr'>ca-</span> 
     </span>
     <span class='ocr_line' id='line_1_15' title="bbox 148 1051 2104 1114; baseline -0.003 -15"><span class='ocrx_word' id='word_1_127' title='bbox 148 1054 229 1099; x_wconf 87' lang='lat' dir='ltr'>lidi</span> <span class='ocrx_word' id='word_1_128' title='bbox 252 1065 443 1114; x_wconf 87' lang='lat' dir='ltr'>augetur</span> <span class='ocrx_word' id='word_1_129' title='bbox 466 1069 546 1113; x_wconf 89' lang='lat' dir='ltr'>per</span> <span class='ocrx_word' id='word_1_130' title='bbox 570 1055 877 1099; x_wconf 87' lang='lat' dir='ltr'>intensionem</span> <span class='ocrx_word' id='word_1_131' title='bbox 904 1053 1084 1108; x_wconf 89' lang='lat' dir='ltr'>caloris,</span> <span class='ocrx_word' id='word_1_132' title='bbox 1110 1063 1159 1096; x_wconf 93' lang='lat' dir='ltr'>ut</span> <span class='ocrx_word' id='word_1_133' title='bbox 1185 1053 1327 1111; x_wconf 89' lang='lat' dir='ltr'>possit</span> <span class='ocrx_word' id='word_1_134' title='bbox 1352 1051 1530 1096; x_wconf 89' lang='lat' dir='ltr'>efficere</span> <span class='ocrx_word' id='word_1_135' title='bbox 1552 1051 1945 1096; x_wconf 87' lang='lat' dir='ltr'>vehementiorem</span> <span class='ocrx_word' id='word_1_136' title='bbox 1967 1051 2104 1095; x_wconf 89' lang='lat' dir='ltr'>actio·</span> 
     </span>
     <span class='ocr_line' id='line_1_16' title="bbox 147 1118 2104 1180; baseline -0.003 -13"><span class='ocrx_word' id='word_1_137' title='bbox 147 1135 258 1167; x_wconf 81' lang='lat' dir='ltr'>nem</span> <span class='ocrx_word' id='word_1_138' title='bbox 288 1123 335 1166; x_wconf 88' lang='lat' dir='ltr'>in</span> <span class='ocrx_word' id='word_1_139' title='bbox 357 1123 518 1167; x_wconf 89' lang='lat' dir='ltr'>eadem</span> <span class='ocrx_word' id='word_1_140' title='bbox 543 1122 708 1180; x_wconf 88' lang='lat' dir='ltr'>specie.</span> <span class='ocrx_word' id='word_1_141' title='bbox 736 1121 843 1165; x_wconf 91' lang='lat' dir='ltr'>Alio</span> <span class='ocrx_word' id='word_1_142' title='bbox 870 1121 1012 1164; x_wconf 91' lang='lat' dir='ltr'>modo</span> <span class='ocrx_word' id='word_1_143' title='bbox 1039 1134 1118 1179; x_wconf 89' lang='lat' dir='ltr'>per</span> <span class='ocrx_word' id='word_1_144' title='bbox 1142 1134 1291 1163; x_wconf 92' lang='lat' dir='ltr'>novae</span> <span class='ocrx_word' id='word_1_145' title='bbox 1312 1118 1488 1163; x_wconf 86' lang='lat' dir='ltr'>formae</span> <span class='ocrx_word' id='word_1_146' title='bbox 1507 1119 1856 1177; x_wconf 89' lang='lat' dir='ltr'>appositionem,</span> <span class='ocrx_word' id='word_1_147' title='bbox 1877 1119 1994 1163; x_wconf 89' lang='lat' dir='ltr'>sicut</span> <span class='ocrx_word' id='word_1_148' title='bbox 2014 1118 2104 1161; x_wconf 87' lang='lat' dir='ltr'>dia·</span> 
     </span>
     <span class='ocr_line' id='line_1_17' title="bbox 148 1183 2102 1248; baseline -0.002 -16"><span class='ocrx_word' id='word_1_149' title='bbox 148 1188 289 1248; x_wconf 77' lang='lat' dir='ltr'>phani</span> <span class='ocrx_word' id='word_1_150' title='bbox 311 1189 452 1233; x_wconf 81' lang='lat' dir='ltr'>virtus</span> <span class='ocrx_word' id='word_1_151' title='bbox 479 1198 668 1247; x_wconf 88' lang='lat' dir='ltr'>augetur</span> <span class='ocrx_word' id='word_1_152' title='bbox 689 1188 744 1232; x_wconf 89' lang='lat' dir='ltr'>ad</span> <span class='ocrx_word' id='word_1_153' title='bbox 766 1188 856 1231; x_wconf 91' lang='lat' dir='ltr'>hoc</span> <span class='ocrx_word' id='word_1_154' title='bbox 880 1187 1001 1246; x_wconf 91' lang='lat' dir='ltr'>quod</span> <span class='ocrx_word' id='word_1_155' title='bbox 1022 1187 1163 1245; x_wconf 84' lang='lat' dir='ltr'>possit</span> <span class='ocrx_word' id='word_1_156' title='bbox 1184 1186 1453 1239; x_wconf 88' lang='lat' dir='ltr'>illuminare,</span> <span class='ocrx_word' id='word_1_157' title='bbox 1475 1199 1554 1243; x_wconf 88' lang='lat' dir='ltr'>per</span> <span class='ocrx_word' id='word_1_158' title='bbox 1574 1186 1665 1229; x_wconf 90' lang='lat' dir='ltr'>hoc</span> <span class='ocrx_word' id='word_1_159' title='bbox 1687 1186 1808 1244; x_wconf 91' lang='lat' dir='ltr'>quod</span> <span class='ocrx_word' id='word_1_160' title='bbox 1830 1183 1879 1229; x_wconf 87' lang='lat' dir='ltr'>fit</span> <span class='ocrx_word' id='word_1_161' title='bbox 1900 1185 2102 1228; x_wconf 88' lang='lat' dir='ltr'>lucidum</span> 
     </span>
     <span class='ocr_line' id='line_1_18' title="bbox 151 1251 2102 1314; baseline -0.003 -15"><span class='ocrx_word' id='word_1_162' title='bbox 151 1264 254 1299; x_wconf 88' lang='lat' dir='ltr'>actu</span> <span class='ocrx_word' id='word_1_163' title='bbox 279 1268 359 1314; x_wconf 80' lang='lat' dir='ltr'>pet·</span> <span class='ocrx_word' id='word_1_164' title='bbox 381 1254 580 1298; x_wconf 85' lang='lat' dir='ltr'>formam</span> <span class='ocrx_word' id='word_1_165' title='bbox 606 1254 720 1298; x_wconf 89' lang='lat' dir='ltr'>lucis</span> <span class='ocrx_word' id='word_1_166' title='bbox 751 1264 982 1312; x_wconf 85' lang='lat' dir='ltr'>receptam</span> <span class='ocrx_word' id='word_1_167' title='bbox 1008 1254 1053 1296; x_wconf 90' lang='lat' dir='ltr'>in</span> <span class='ocrx_word' id='word_1_168' title='bbox 1090 1253 1191 1310; x_wconf 90' lang='lat' dir='ltr'>ipso</span> <span class='ocrx_word' id='word_1_169' title='bbox 1228 1253 1284 1295; x_wconf 91' lang='lat' dir='ltr'>de</span> <span class='ocrx_word' id='word_1_170' title='bbox 1320 1265 1458 1296; x_wconf 88' lang='lat' dir='ltr'>novo.</span> <span class='ocrx_word' id='word_1_171' title='bbox 1493 1252 1550 1295; x_wconf 88' lang='lat' dir='ltr'>Et</span> <span class='ocrx_word' id='word_1_172' title='bbox 1584 1251 1675 1295; x_wconf 92' lang='lat' dir='ltr'>hoc</span> <span class='ocrx_word' id='word_1_173' title='bbox 1709 1252 1892 1309; x_wconf 89' lang='lat' dir='ltr'>quidem</span> <span class='ocrx_word' id='word_1_174' title='bbox 1927 1251 2102 1295; x_wconf 83' lang='lat' dir='ltr'>virtutis</span> 
     </span>
     <span class='ocr_line' id='line_1_19' title="bbox 150 1316 2103 1379; baseline -0.002 -15"><span class='ocrx_word' id='word_1_175' title='bbox 150 1330 450 1379; x_wconf 83' lang='lat' dir='ltr'>augmentum</span> <span class='ocrx_word' id='word_1_176' title='bbox 475 1321 718 1379; x_wconf 84' lang='lat' dir='ltr'>requiritur</span> <span class='ocrx_word' id='word_1_177' title='bbox 743 1320 798 1363; x_wconf 89' lang='lat' dir='ltr'>ad</span> <span class='ocrx_word' id='word_1_178' title='bbox 826 1319 1008 1363; x_wconf 89' lang='lat' dir='ltr'>alterius</span> <span class='ocrx_word' id='word_1_179' title='bbox 1034 1319 1201 1378; x_wconf 90' lang='lat' dir='ltr'>speciei</span> <span class='ocrx_word' id='word_1_180' title='bbox 1218 1318 1529 1377; x_wconf 88' lang='lat' dir='ltr'>operationem</span> <span class='ocrx_word' id='word_1_181' title='bbox 1549 1318 1934 1376; x_wconf 84' lang='lat' dir='ltr'>consequendam.</span> <span class='ocrx_word' id='word_1_182' title='bbox 1951 1316 2103 1362; x_wconf 87' lang='lat' dir='ltr'>Virtus</span> 
     </span>
     <span class='ocr_line' id='line_1_20' title="bbox 151 1383 2106 1435; baseline -0.003 -4"><span class='ocrx_word' id='word_1_183' title='bbox 151 1396 305 1435; x_wconf 76' lang='lat' dir='ltr'>autem</span> <span class='ocrx_word' id='word_1_184' title='bbox 330 1386 588 1431; x_wconf 86' lang='lat' dir='ltr'>intellectus</span> <span class='ocrx_word' id='word_1_185' title='bbox 613 1386 753 1430; x_wconf 86' lang='lat' dir='ltr'>creati</span> <span class='ocrx_word' id='word_1_186' title='bbox 777 1384 994 1429; x_wconf 90' lang='lat' dir='ltr'>naturalis</span> <span class='ocrx_word' id='word_1_187' title='bbox 1018 1398 1114 1428; x_wconf 91' lang='lat' dir='ltr'>non</span> <span class='ocrx_word' id='word_1_188' title='bbox 1140 1383 1304 1428; x_wconf 87' lang='lat' dir='ltr'>sufficit</span> <span class='ocrx_word' id='word_1_189' title='bbox 1329 1385 1386 1428; x_wconf 92' lang='lat' dir='ltr'>ad</span> <span class='ocrx_word' id='word_1_190' title='bbox 1411 1383 1610 1427; x_wconf 91' lang='lat' dir='ltr'>divinam</span> <span class='ocrx_word' id='word_1_191' title='bbox 1633 1384 1931 1427; x_wconf 88' lang='lat' dir='ltr'>substantiam</span> <span class='ocrx_word' id='word_1_192' title='bbox 1953 1384 2106 1427; x_wconf 84' lang='lat' dir='ltr'>viden-</span> 
     </span>
     <span class='ocr_line' id='line_1_21' title="bbox 150 1448 2106 1511; baseline -0.003 -13"><span class='ocrx_word' id='word_1_193' title='bbox 150 1454 273 1506; x_wconf 82' lang='lat' dir='ltr'>dam,</span> <span class='ocrx_word' id='word_1_194' title='bbox 303 1463 354 1497; x_wconf 90' lang='lat' dir='ltr'>ut</span> <span class='ocrx_word' id='word_1_195' title='bbox 379 1467 433 1498; x_wconf 84' lang='lat' dir='ltr'>ex</span> <span class='ocrx_word' id='word_1_196' title='bbox 459 1453 590 1497; x_wconf 84' lang='lat' dir='ltr'>dictis</span> <span class='ocrx_word' id='word_1_197' title='bbox 615 1463 751 1511; x_wconf 87' lang='lat' dir='ltr'>patet.</span> <span class='ocrx_word' id='word_1_198' title='bbox 780 1451 979 1509; x_wconf 85' lang='lat' dir='ltr'>Oportet</span> <span class='ocrx_word' id='word_1_199' title='bbox 1004 1465 1112 1509; x_wconf 90' lang='lat' dir='ltr'>ergo</span> <span class='ocrx_word' id='word_1_200' title='bbox 1140 1451 1262 1509; x_wconf 92' lang='lat' dir='ltr'>quod</span> <span class='ocrx_word' id='word_1_201' title='bbox 1290 1459 1509 1508; x_wconf 88' lang='lat' dir='ltr'>augeatur</span> <span class='ocrx_word' id='word_1_202' title='bbox 1540 1451 1582 1494; x_wconf 92' lang='lat' dir='ltr'>ei</span> <span class='ocrx_word' id='word_1_203' title='bbox 1606 1451 1746 1494; x_wconf 89' lang='lat' dir='ltr'>virtus</span> <span class='ocrx_word' id='word_1_204' title='bbox 1778 1451 1834 1494; x_wconf 90' lang='lat' dir='ltr'>ad</span> <span class='ocrx_word' id='word_1_205' title='bbox 1859 1450 1950 1494; x_wconf 90' lang='lat' dir='ltr'>hoc</span> <span class='ocrx_word' id='word_1_206' title='bbox 1981 1448 2106 1508; x_wconf 89' lang='lat' dir='ltr'>quod</span> 
     </span>
     <span class='ocr_line' id='line_1_22' title="bbox 152 1515 2105 1577; baseline -0.003 -13"><span class='ocrx_word' id='word_1_207' title='bbox 152 1518 208 1563; x_wconf 88' lang='lat' dir='ltr'>ad</span> <span class='ocrx_word' id='word_1_208' title='bbox 232 1518 373 1563; x_wconf 88' lang='lat' dir='ltr'>talem</span> <span class='ocrx_word' id='word_1_209' title='bbox 394 1519 617 1563; x_wconf 83' lang='lat' dir='ltr'>visionem</span> <span class='ocrx_word' id='word_1_210' title='bbox 645 1519 890 1577; x_wconf 88' lang='lat' dir='ltr'>perveniat.</span> <span class='ocrx_word' id='word_1_211' title='bbox 906 1518 1013 1561; x_wconf 91' lang='lat' dir='ltr'>Non</span> <span class='ocrx_word' id='word_1_212' title='bbox 1037 1516 1202 1561; x_wconf 88' lang='lat' dir='ltr'>sufficit</span> <span class='ocrx_word' id='word_1_213' title='bbox 1221 1526 1372 1561; x_wconf 88' lang='lat' dir='ltr'>autem</span> <span class='ocrx_word' id='word_1_214' title='bbox 1392 1527 1688 1575; x_wconf 81' lang='lat' dir='ltr'>augmentum</span> <span class='ocrx_word' id='word_1_215' title='bbox 1706 1531 1785 1575; x_wconf 89' lang='lat' dir='ltr'>per</span> <span class='ocrx_word' id='word_1_216' title='bbox 1799 1515 2105 1563; x_wconf 86' lang='lat' dir='ltr'>intensionem</span> 
     </span>
     <span class='ocr_line' id='line_1_23' title="bbox 149 1575 2107 1643; baseline -0.002 -14"><span class='ocrx_word' id='word_1_217' title='bbox 149 1584 367 1630; x_wconf 69' lang='lat' dir='ltr'>naturalis</span> <span class='ocrx_word' id='word_1_218' title='bbox 392 1585 584 1639; x_wconf 87' lang='lat' dir='ltr'>virtutis,</span> <span class='ocrx_word' id='word_1_219' title='bbox 611 1585 716 1643; x_wconf 88' lang='lat' dir='ltr'>quia</span> <span class='ocrx_word' id='word_1_220' title='bbox 741 1583 843 1628; x_wconf 89' lang='lat' dir='ltr'>talis</span> <span class='ocrx_word' id='word_1_221' title='bbox 868 1575 983 1628; x_wconf 83' lang='lat' dir='ltr'>visio</span> <span class='ocrx_word' id='word_1_222' title='bbox 1009 1597 1103 1627; x_wconf 91' lang='lat' dir='ltr'>non</span> <span class='ocrx_word' id='word_1_223' title='bbox 1127 1593 1194 1627; x_wconf 86' lang='lat' dir='ltr'>est</span> <span class='ocrx_word' id='word_1_224' title='bbox 1217 1583 1422 1641; x_wconf 88' lang='lat' dir='ltr'>ejusdem</span> <span class='ocrx_word' id='word_1_225' title='bbox 1442 1583 1633 1627; x_wconf 89' lang='lat' dir='ltr'>rationis</span> <span class='ocrx_word' id='word_1_226' title='bbox 1655 1597 1760 1626; x_wconf 91' lang='lat' dir='ltr'>cum</span> <span class='ocrx_word' id='word_1_227' title='bbox 1785 1583 1961 1627; x_wconf 89' lang='lat' dir='ltr'>visione</span> <span class='ocrx_word' id='word_1_228' title='bbox 1982 1593 2107 1627; x_wconf 90' lang='lat' dir='ltr'>natu-</span> 
     </span>
     <span class='ocr_line' id='line_1_24' title="bbox 151 1649 2107 1709; baseline -0.001 -14"><span class='ocrx_word' id='word_1_229' title='bbox 151 1651 237 1695; x_wconf 75' lang='lat' dir='ltr'>tali</span> <span class='ocrx_word' id='word_1_230' title='bbox 259 1650 516 1696; x_wconf 81' lang='lat' dir='ltr'>intellectus</span> <span class='ocrx_word' id='word_1_231' title='bbox 545 1651 703 1695; x_wconf 88' lang='lat' dir='ltr'>creati:</span> <span class='ocrx_word' id='word_1_232' title='bbox 731 1650 855 1709; x_wconf 92' lang='lat' dir='ltr'>quod</span> <span class='ocrx_word' id='word_1_233' title='bbox 882 1664 936 1695; x_wconf 84' lang='lat' dir='ltr'>ex</span> <span class='ocrx_word' id='word_1_234' title='bbox 962 1650 1172 1694; x_wconf 86' lang='lat' dir='ltr'>distantia</span> <span class='ocrx_word' id='word_1_235' title='bbox 1195 1651 1400 1693; x_wconf 88' lang='lat' dir='ltr'>visorum</span> <span class='ocrx_word' id='word_1_236' title='bbox 1422 1659 1557 1708; x_wconf 87' lang='lat' dir='ltr'>patet.</span> <span class='ocrx_word' id='word_1_237' title='bbox 1587 1649 1791 1708; x_wconf 67' lang='lat' dir='ltr'>Oportet</span> <span class='ocrx_word' id='word_1_238' title='bbox 1810 1660 1962 1694; x_wconf 88' lang='lat' dir='ltr'>autem</span> <span class='ocrx_word' id='word_1_239' title='bbox 1985 1649 2107 1708; x_wconf 90' lang='lat' dir='ltr'>quod</span> 
     </span>
     <span class='ocr_line' id='line_1_25' title="bbox 151 1716 2109 1776; baseline -0.001 -15"><span class='ocrx_word' id='word_1_240' title='bbox 151 1716 230 1761; x_wconf 84' lang='lat' dir='ltr'>fiat</span> <span class='ocrx_word' id='word_1_241' title='bbox 268 1727 566 1776; x_wconf 83' lang='lat' dir='ltr'>augmentum</span> <span class='ocrx_word' id='word_1_242' title='bbox 600 1717 776 1761; x_wconf 88' lang='lat' dir='ltr'>virtutis</span> <span class='ocrx_word' id='word_1_243' title='bbox 808 1716 1110 1761; x_wconf 89' lang='lat' dir='ltr'>intellectivae</span> <span class='ocrx_word' id='word_1_244' title='bbox 1145 1730 1224 1774; x_wconf 88' lang='lat' dir='ltr'>per</span> <span class='ocrx_word' id='word_1_245' title='bbox 1260 1716 1452 1775; x_wconf 88' lang='lat' dir='ltr'>alicujus</span> <span class='ocrx_word' id='word_1_246' title='bbox 1483 1730 1631 1760; x_wconf 86' lang='lat' dir='ltr'>novae</span> <span class='ocrx_word' id='word_1_247' title='bbox 1667 1717 1977 1776; x_wconf 84' lang='lat' dir='ltr'>dispositionis</span> <span class='ocrx_word' id='word_1_248' title='bbox 2010 1716 2109 1761; x_wconf 86' lang='lat' dir='ltr'>ade-</span> 
     </span>
     <span class='ocr_line' id='line_1_26' title="bbox 151 1784 370 1843; baseline 0 -15"><span class='ocrx_word' id='word_1_249' title='bbox 151 1784 370 1843; x_wconf 90' lang='lat' dir='ltr'>ptionem.</span> 
     </span>
    </p>

    <p class='ocr_par' dir='ltr' id='par_1_6' title="bbox 154 1848 2114 2641">
     <span class='ocr_line' id='line_1_27' title="bbox 245 1848 2108 1908; baseline 0 -15"><span class='ocrx_word' id='word_1_250' title='bbox 245 1850 370 1903; x_wconf 88' lang='lat' dir='ltr'>Quia</span> <span class='ocrx_word' id='word_1_251' title='bbox 383 1863 493 1895; x_wconf 80' lang='lat' dir='ltr'>vero</span> <span class='ocrx_word' id='word_1_252' title='bbox 510 1850 557 1894; x_wconf 91' lang='lat' dir='ltr'>in</span> <span class='ocrx_word' id='word_1_253' title='bbox 575 1850 887 1908; x_wconf 86' lang='lat' dir='ltr'>cognitionem</span> <span class='ocrx_word' id='word_1_254' title='bbox 905 1848 1258 1908; x_wconf 79' lang='lat' dir='ltr'>intelligibilium</span> <span class='ocrx_word' id='word_1_255' title='bbox 1275 1863 1328 1893; x_wconf 87' lang='lat' dir='ltr'>ex</span> <span class='ocrx_word' id='word_1_256' title='bbox 1345 1848 1629 1894; x_wconf 84' lang='lat' dir='ltr'>sensibilibus</span> <span class='ocrx_word' id='word_1_257' title='bbox 1650 1849 1952 1908; x_wconf 88' lang='lat' dir='ltr'>pervenimus,</span> <span class='ocrx_word' id='word_1_258' title='bbox 1969 1851 2108 1894; x_wconf 87' lang='lat' dir='ltr'>etiam</span> 
     </span>
     <span class='ocr_line' id='line_1_28' title="bbox 156 1916 2110 1976; baseline -0.001 -13"><span class='ocrx_word' id='word_1_259' title='bbox 156 1916 382 1963; x_wconf 83' lang='lat' dir='ltr'>sensibilis</span> <span class='ocrx_word' id='word_1_260' title='bbox 408 1918 684 1976; x_wconf 85' lang='lat' dir='ltr'>cognitionis</span> <span class='ocrx_word' id='word_1_261' title='bbox 710 1917 900 1961; x_wconf 86' lang='lat' dir='ltr'>nomina</span> <span class='ocrx_word' id='word_1_262' title='bbox 927 1918 983 1961; x_wconf 92' lang='lat' dir='ltr'>ad</span> <span class='ocrx_word' id='word_1_263' title='bbox 1010 1917 1341 1976; x_wconf 88' lang='lat' dir='ltr'>intelligibilem</span> <span class='ocrx_word' id='word_1_264' title='bbox 1364 1917 1678 1976; x_wconf 89' lang='lat' dir='ltr'>cognitione-m</span> <span class='ocrx_word' id='word_1_265' title='bbox 1709 1918 2049 1971; x_wconf 87' lang='lat' dir='ltr'>transumimus,</span> <span class='ocrx_word' id='word_1_266' title='bbox 2065 1927 2110 1962; x_wconf 90' lang='lat' dir='ltr'>et</span> 
     </span>
     <span class='ocr_line' id='line_1_29' title="bbox 156 1984 2110 2044; baseline -0.001 -16"><span class='ocrx_word' id='word_1_267' title='bbox 156 1985 397 2044; x_wconf 87' lang='lat' dir='ltr'>praecipue</span> <span class='ocrx_word' id='word_1_268' title='bbox 423 1998 539 2043; x_wconf 91' lang='lat' dir='ltr'>quae</span> <span class='ocrx_word' id='word_1_269' title='bbox 565 1985 789 2043; x_wconf 87' lang='lat' dir='ltr'>pertinent</span> <span class='ocrx_word' id='word_1_270' title='bbox 816 1984 870 2027; x_wconf 90' lang='lat' dir='ltr'>ad</span> <span class='ocrx_word' id='word_1_271' title='bbox 896 1985 1061 2038; x_wconf 91' lang='lat' dir='ltr'>visum,</span> <span class='ocrx_word' id='word_1_272' title='bbox 1088 1985 1165 2042; x_wconf 90' lang='lat' dir='ltr'>qui</span> <span class='ocrx_word' id='word_1_273' title='bbox 1190 1985 1305 2028; x_wconf 90' lang='lat' dir='ltr'>inter</span> <span class='ocrx_word' id='word_1_274' title='bbox 1330 1994 1507 2028; x_wconf 88' lang='lat' dir='ltr'>ceteros</span> <span class='ocrx_word' id='word_1_275' title='bbox 1539 1998 1696 2028; x_wconf 90' lang='lat' dir='ltr'>sensus</span> <span class='ocrx_word' id='word_1_276' title='bbox 1729 1984 1928 2030; x_wconf 86' lang='lat' dir='ltr'>nobilior</span> <span class='ocrx_word' id='word_1_277' title='bbox 1961 1993 2030 2028; x_wconf 86' lang='lat' dir='ltr'>est</span> <span class='ocrx_word' id='word_1_278' title='bbox 2066 1994 2110 2028; x_wconf 90' lang='lat' dir='ltr'>et</span> 
     </span>
     <span class='ocr_line' id='line_1_30' title="bbox 154 2049 2110 2109; baseline 0 -15"><span class='ocrx_word' id='word_1_279' title='bbox 154 2049 443 2109; x_wconf 84' lang='lat' dir='ltr'>spiritualior,</span> <span class='ocrx_word' id='word_1_280' title='bbox 470 2064 524 2094; x_wconf 86' lang='lat' dir='ltr'>ac</span> <span class='ocrx_word' id='word_1_281' title='bbox 549 2064 630 2109; x_wconf 88' lang='lat' dir='ltr'>per</span> <span class='ocrx_word' id='word_1_282' title='bbox 652 2051 743 2095; x_wconf 89' lang='lat' dir='ltr'>hoc</span> <span class='ocrx_word' id='word_1_283' title='bbox 770 2049 1019 2095; x_wconf 88' lang='lat' dir='ltr'>intellectui</span> <span class='ocrx_word' id='word_1_284' title='bbox 1046 2049 1246 2104; x_wconf 83' lang='lat' dir='ltr'>affinior3</span> <span class='ocrx_word' id='word_1_285' title='bbox 1265 2060 1307 2094; x_wconf 91' lang='lat' dir='ltr'>et</span> <span class='ocrx_word' id='word_1_286' title='bbox 1324 2050 1428 2094; x_wconf 91' lang='lat' dir='ltr'>inde</span> <span class='ocrx_word' id='word_1_287' title='bbox 1450 2060 1518 2095; x_wconf 92' lang='lat' dir='ltr'>est</span> <span class='ocrx_word' id='word_1_288' title='bbox 1539 2051 1661 2109; x_wconf 91' lang='lat' dir='ltr'>quod</span> <span class='ocrx_word' id='word_1_289' title='bbox 1676 2051 1774 2109; x_wconf 89' lang='lat' dir='ltr'>ipsa</span> <span class='ocrx_word' id='word_1_290' title='bbox 1794 2050 2110 2095; x_wconf 88' lang='lat' dir='ltr'>intellectualis</span> 
     </span>
     <span class='ocr_line' id='line_1_31' title="bbox 155 2116 2110 2176; baseline -0.001 -14"><span class='ocrx_word' id='word_1_291' title='bbox 155 2117 358 2176; x_wconf 88' lang='lat' dir='ltr'>cognitio</span> <span class='ocrx_word' id='word_1_292' title='bbox 389 2117 505 2161; x_wconf 88' lang='lat' dir='ltr'>visio</span> <span class='ocrx_word' id='word_1_293' title='bbox 537 2118 813 2162; x_wconf 88' lang='lat' dir='ltr'>nominatur.</span> <span class='ocrx_word' id='word_1_294' title='bbox 846 2117 902 2160; x_wconf 90' lang='lat' dir='ltr'>Et</span> <span class='ocrx_word' id='word_1_295' title='bbox 933 2119 1038 2175; x_wconf 87' lang='lat' dir='ltr'>quia</span> <span class='ocrx_word' id='word_1_296' title='bbox 1071 2116 1321 2175; x_wconf 91' lang='lat' dir='ltr'>corporalis</span> <span class='ocrx_word' id='word_1_297' title='bbox 1352 2117 1469 2160; x_wconf 90' lang='lat' dir='ltr'>visio</span> <span class='ocrx_word' id='word_1_298' title='bbox 1502 2131 1596 2161; x_wconf 92' lang='lat' dir='ltr'>non</span> <span class='ocrx_word' id='word_1_299' title='bbox 1628 2117 1885 2175; x_wconf 89' lang='lat' dir='ltr'>completur</span> <span class='ocrx_word' id='word_1_300' title='bbox 1914 2117 2002 2160; x_wconf 89' lang='lat' dir='ltr'>nisi</span> <span class='ocrx_word' id='word_1_301' title='bbox 2032 2129 2110 2175; x_wconf 89' lang='lat' dir='ltr'>per</span> 
     </span>
     <span class='ocr_line' id='line_1_32' title="bbox 155 2183 2111 2241; baseline 0.001 -15"><span class='ocrx_word' id='word_1_302' title='bbox 155 2183 322 2236; x_wconf 77' lang='lat' dir='ltr'>lucem,</span> <span class='ocrx_word' id='word_1_303' title='bbox 349 2197 401 2227; x_wconf 85' lang='lat' dir='ltr'>ea</span> <span class='ocrx_word' id='word_1_304' title='bbox 426 2183 590 2241; x_wconf 90' lang='lat' dir='ltr'>quib-us</span> <span class='ocrx_word' id='word_1_305' title='bbox 615 2183 933 2227; x_wconf 83' lang='lat' dir='ltr'>intellectualis</span> <span class='ocrx_word' id='word_1_306' title='bbox 958 2184 1073 2226; x_wconf 90' lang='lat' dir='ltr'>visio</span> <span class='ocrx_word' id='word_1_307' title='bbox 1100 2183 1343 2241; x_wconf 85' lang='lat' dir='ltr'>perficitur,</span> <span class='ocrx_word' id='word_1_308' title='bbox 1368 2183 1483 2226; x_wconf 90' lang='lat' dir='ltr'>lucis</span> <span class='ocrx_word' id='word_1_309' title='bbox 1509 2197 1679 2226; x_wconf 90' lang='lat' dir='ltr'>nomen</span> <span class='ocrx_word' id='word_1_310' title='bbox 1707 2193 1954 2227; x_wconf 87' lang='lat' dir='ltr'>assumunt.</span> <span class='ocrx_word' id='word_1_311' title='bbox 1978 2183 2111 2227; x_wconf 90' lang='lat' dir='ltr'>Unde</span> 
     </span>
     <span class='ocr_line' id='line_1_33' title="bbox 155 2248 2114 2308; baseline -0.001 -14"><span class='ocrx_word' id='word_1_312' title='bbox 155 2250 295 2294; x_wconf 72' lang='lat' dir='ltr'>etiam</span> <span class='ocrx_word' id='word_1_313' title='bbox 320 2249 589 2294; x_wconf 82' lang='lat' dir='ltr'>Aristoteles</span> <span class='ocrx_word' id='word_1_314' title='bbox 616 2250 661 2293; x_wconf 93' lang='lat' dir='ltr'>in</span> <span class='ocrx_word' id='word_1_315' title='bbox 687 2250 820 2294; x_wconf 86' lang='lat' dir='ltr'>tertio</span> <span class='ocrx_word' id='word_1_316' title='bbox 847 2249 919 2293; x_wconf 91' lang='lat' dir='ltr'>De</span> <span class='ocrx_word' id='word_1_317' title='bbox 946 2250 1099 2293; x_wconf 88' lang='lat' dir='ltr'>anima</span> <span class='ocrx_word' id='word_1_318' title='bbox 1126 2250 1178 2306; x_wconf 92' lang='lat' dir='ltr'>(t.</span> <span class='ocrx_word' id='word_1_319' title='bbox 1207 2264 1244 2294; x_wconf 91' lang='lat' dir='ltr'>c.</span> <span class='ocrx_word' id='word_1_320' title='bbox 1276 2249 1365 2306; x_wconf 89' lang='lat'>18.)</span> <span class='ocrx_word' id='word_1_321' title='bbox 1391 2248 1675 2293; x_wconf 90' lang='lat' dir='ltr'>intellectum</span> <span class='ocrx_word' id='word_1_322' title='bbox 1702 2260 1913 2308; x_wconf 89' lang='lat' dir='ltr'>agentem</span> <span class='ocrx_word' id='word_1_323' title='bbox 1934 2250 2026 2293; x_wconf 89' lang='lat' dir='ltr'>luci</span> <span class='ocrx_word' id='word_1_324' title='bbox 2049 2263 2114 2293; x_wconf 91' lang='lat' dir='ltr'>as-</span> 
     </span>
     <span class='ocr_line' id='line_1_34' title="bbox 156 2315 2114 2374; baseline -0.001 -14"><span class='ocrx_word' id='word_1_325' title='bbox 156 2315 339 2369; x_wconf 86' lang='lat' dir='ltr'>similat,</span> <span class='ocrx_word' id='word_1_326' title='bbox 362 2330 415 2359; x_wconf 87' lang='lat' dir='ltr'>ex</span> <span class='ocrx_word' id='word_1_327' title='bbox 442 2330 497 2359; x_wconf 91' lang='lat' dir='ltr'>eo</span> <span class='ocrx_word' id='word_1_328' title='bbox 525 2316 646 2374; x_wconf 92' lang='lat' dir='ltr'>quod</span> <span class='ocrx_word' id='word_1_329' title='bbox 673 2315 930 2359; x_wconf 90' lang='lat' dir='ltr'>intellectus</span> <span class='ocrx_word' id='word_1_330' title='bbox 958 2330 1097 2374; x_wconf 88' lang='lat' dir='ltr'>agens</span> <span class='ocrx_word' id='word_1_331' title='bbox 1124 2315 1232 2360; x_wconf 88' lang='lat' dir='ltr'>facit</span> <span class='ocrx_word' id='word_1_332' title='bbox 1255 2315 1558 2373; x_wconf 84' lang='lat' dir='ltr'>intelligibilia</span> <span class='ocrx_word' id='word_1_333' title='bbox 1579 2317 1625 2358; x_wconf 90' lang='lat' dir='ltr'>in</span> <span class='ocrx_word' id='word_1_334' title='bbox 1643 2326 1760 2369; x_wconf 92' lang='lat' dir='ltr'>actu,</span> <span class='ocrx_word' id='word_1_335' title='bbox 1779 2317 1895 2361; x_wconf 83' lang='lat' dir='ltr'>sicut</span> <span class='ocrx_word' id='word_1_336' title='bbox 1915 2316 1990 2361; x_wconf 83' lang='lat' dir='ltr'>lux</span> <span class='ocrx_word' id='word_1_337' title='bbox 2006 2316 2114 2360; x_wconf 88' lang='lat' dir='ltr'>facit</span> 
     </span>
     <span class='ocr_line' id='line_1_35' title="bbox 155 2381 2111 2441; baseline 0 -15"><span class='ocrx_word' id='word_1_338' title='bbox 155 2382 506 2441; x_wconf 22' lang='lat' dir='ltr'>quodammodo,</span> <span class='ocrx_word' id='word_1_339' title='bbox 526 2381 721 2426; x_wconf 87' lang='lat' dir='ltr'>visibilia</span> <span class='ocrx_word' id='word_1_340' title='bbox 746 2384 793 2426; x_wconf 92' lang='lat' dir='ltr'>in</span> <span class='ocrx_word' id='word_1_341' title='bbox 819 2392 937 2426; x_wconf 90' lang='lat' dir='ltr'>actu.</span> <span class='ocrx_word' id='word_1_342' title='bbox 972 2382 1054 2426; x_wconf 89' lang='lat' dir='ltr'>Illa</span> <span class='ocrx_word' id='word_1_343' title='bbox 1087 2382 1225 2440; x_wconf 88' lang='lat' dir='ltr'>igitur</span> <span class='ocrx_word' id='word_1_344' title='bbox 1256 2381 1493 2440; x_wconf 88' lang='lat' dir='ltr'>dispositio</span> <span class='ocrx_word' id='word_1_345' title='bbox 1528 2397 1616 2441; x_wconf 90' lang='lat' dir='ltr'>qua</span> <span class='ocrx_word' id='word_1_346' title='bbox 1646 2383 1901 2428; x_wconf 90' lang='lat' dir='ltr'>intellectus</span> <span class='ocrx_word' id='word_1_347' title='bbox 1936 2394 2111 2428; x_wconf 86' lang='lat' dir='ltr'>creatus</span> 
     </span>
     <span class='ocr_line' id='line_1_36' title="bbox 159 2448 2113 2508; baseline 0.001 -16"><span class='ocrx_word' id='word_1_348' title='bbox 159 2448 214 2492; x_wconf 88' lang='lat' dir='ltr'>ad</span> <span class='ocrx_word' id='word_1_349' title='bbox 240 2448 593 2494; x_wconf 85' lang='lat' dir='ltr'>intellectualem</span> <span class='ocrx_word' id='word_1_350' title='bbox 622 2449 800 2493; x_wconf 89' lang='lat' dir='ltr'>divinae</span> <span class='ocrx_word' id='word_1_351' title='bbox 827 2449 1104 2493; x_wconf 88' lang='lat' dir='ltr'>substantiae</span> <span class='ocrx_word' id='word_1_352' title='bbox 1123 2449 1349 2492; x_wconf 89' lang='lat' dir='ltr'>visionem</span> <span class='ocrx_word' id='word_1_353' title='bbox 1368 2448 1610 2502; x_wconf 86' lang='lat' dir='ltr'>extollitur,</span> <span class='ocrx_word' id='word_1_354' title='bbox 1629 2463 1831 2508; x_wconf 89' lang='lat' dir='ltr'>congrue</span> <span class='ocrx_word' id='word_1_355' title='bbox 1847 2449 1922 2493; x_wconf 87' lang='lat' dir='ltr'>lux</span> <span class='ocrx_word' id='word_1_356' title='bbox 1940 2450 2113 2508; x_wconf 89' lang='lat' dir='ltr'>gloriae</span> 
     </span>
     <span class='ocr_line' id='line_1_37' title="bbox 158 2515 2113 2574; baseline 0.001 -15"><span class='ocrx_word' id='word_1_357' title='bbox 158 2515 346 2559; x_wconf 85' lang='lat' dir='ltr'>dicitur:</span> <span class='ocrx_word' id='word_1_358' title='bbox 372 2529 465 2559; x_wconf 88' lang='lat' dir='ltr'>non</span> <span class='ocrx_word' id='word_1_359' title='bbox 491 2525 676 2574; x_wconf 89' lang='lat' dir='ltr'>propter</span> <span class='ocrx_word' id='word_1_360' title='bbox 700 2515 792 2559; x_wconf 92' lang='lat' dir='ltr'>hoc</span> <span class='ocrx_word' id='word_1_361' title='bbox 817 2516 938 2574; x_wconf 92' lang='lat' dir='ltr'>quod</span> <span class='ocrx_word' id='word_1_362' title='bbox 969 2515 1107 2559; x_wconf 88' lang='lat' dir='ltr'>faciat</span> <span class='ocrx_word' id='word_1_363' title='bbox 1136 2515 1421 2574; x_wconf 88' lang='lat' dir='ltr'>intelligibile</span> <span class='ocrx_word' id='word_1_364' title='bbox 1454 2524 1571 2570; x_wconf 85' lang='lat' dir='ltr'>actu,</span> <span class='ocrx_word' id='word_1_365' title='bbox 1603 2516 1720 2560; x_wconf 88' lang='lat' dir='ltr'>sicut</span> <span class='ocrx_word' id='word_1_366' title='bbox 1751 2515 1826 2560; x_wconf 86' lang='lat' dir='ltr'>lux</span> <span class='ocrx_word' id='word_1_367' title='bbox 1857 2517 2113 2561; x_wconf 85' lang='lat' dir='ltr'>intellectus</span> 
     </span>
     <span class='ocr_line' id='line_1_38' title="bbox 159 2580 1964 2641; baseline -0.001 -14"><span class='ocrx_word' id='word_1_368' title='bbox 159 2583 349 2639; x_wconf 82' lang='lat' dir='ltr'>agentis,</span> <span class='ocrx_word' id='word_1_369' title='bbox 371 2581 451 2626; x_wconf 87' lang='lat' dir='ltr'>sed</span> <span class='ocrx_word' id='word_1_370' title='bbox 476 2596 555 2640; x_wconf 89' lang='lat' dir='ltr'>per</span> <span class='ocrx_word' id='word_1_371' title='bbox 580 2582 670 2625; x_wconf 92' lang='lat' dir='ltr'>hoc</span> <span class='ocrx_word' id='word_1_372' title='bbox 697 2582 820 2640; x_wconf 91' lang='lat' dir='ltr'>quod</span> <span class='ocrx_word' id='word_1_373' title='bbox 846 2580 956 2625; x_wconf 88' lang='lat' dir='ltr'>facit</span> <span class='ocrx_word' id='word_1_374' title='bbox 979 2581 1261 2626; x_wconf 89' lang='lat' dir='ltr'>intellectum</span> <span class='ocrx_word' id='word_1_375' title='bbox 1287 2582 1535 2640; x_wconf 90' lang='lat' dir='ltr'>patientem</span> <span class='ocrx_word' id='word_1_376' title='bbox 1563 2592 1666 2626; x_wconf 87' lang='lat' dir='ltr'>actu</span> <span class='ocrx_word' id='word_1_377' title='bbox 1698 2583 1964 2641; x_wconf 89' lang='lat' dir='ltr'>intelligere.</span> 
     </span>
    </p>

    <p class='ocr_par' dir='ltr' id='par_1_7' title="bbox 158 2647 2116 3036">
     <span class='ocr_line' id='line_1_39' title="bbox 247 2647 2111 2706; baseline 0.002 -15"><span class='ocrx_word' id='word_1_378' title='bbox 247 2647 349 2692; x_wconf 91' lang='lat' dir='ltr'>Hoc</span> <span class='ocrx_word' id='word_1_379' title='bbox 372 2658 525 2692; x_wconf 87' lang='lat' dir='ltr'>autem</span> <span class='ocrx_word' id='word_1_380' title='bbox 551 2658 619 2692; x_wconf 90' lang='lat' dir='ltr'>est</span> <span class='ocrx_word' id='word_1_381' title='bbox 648 2647 804 2692; x_wconf 89' lang='lat' dir='ltr'>lumen</span> <span class='ocrx_word' id='word_1_382' title='bbox 830 2648 887 2691; x_wconf 92' lang='lat' dir='ltr'>de</span> <span class='ocrx_word' id='word_1_383' title='bbox 913 2662 1003 2706; x_wconf 92' lang='lat' dir='ltr'>quo</span> <span class='ocrx_word' id='word_1_384' title='bbox 1030 2648 1170 2706; x_wconf 87' lang='lat' dir='ltr'>(Psal.</span> <span class='ocrx_word' id='word_1_385' title='bbox 1198 2648 1387 2692; x_wconf 88' lang='lat' dir='ltr'>XXXV.</span> <span class='ocrx_word' id='word_1_386' title='bbox 1420 2650 1507 2704; x_wconf 91' lang='lat'>10.)</span> <span class='ocrx_word' id='word_1_387' title='bbox 1547 2649 1738 2693; x_wconf 83' lang='lat' dir='ltr'>dicitur:</span> <span class='ocrx_word' id='word_1_388' title='bbox 1771 2650 1824 2693; x_wconf 86' lang='lat' dir='ltr'>In</span> <span class='ocrx_word' id='word_1_389' title='bbox 1856 2650 2010 2694; x_wconf 81' lang='lat' dir='ltr'>lum-ine</span> <span class='ocrx_word' id='word_1_390' title='bbox 2043 2657 2111 2695; x_wconf 86' lang='lat' dir='ltr'>tuo</span> 
     </span>
     <span class='ocr_line' id='line_1_40' title="bbox 158 2713 2110 2773; baseline 0.001 -15"><span class='ocrx_word' id='word_1_391' title='bbox 158 2713 386 2758; x_wconf 79' lang='lat' dir='ltr'>videbimus</span> <span class='ocrx_word' id='word_1_392' title='bbox 416 2715 568 2767; x_wconf 79' lang='lat' dir='ltr'>lumen,</span> <span class='ocrx_word' id='word_1_393' title='bbox 596 2713 769 2758; x_wconf 89' lang='lat' dir='ltr'>scilicet</span> <span class='ocrx_word' id='word_1_394' title='bbox 802 2714 979 2758; x_wconf 88' lang='lat' dir='ltr'>divinae</span> <span class='ocrx_word' id='word_1_395' title='bbox 1006 2715 1304 2769; x_wconf 82' lang='lat' dir='ltr'>substantiae3</span> <span class='ocrx_word' id='word_1_396' title='bbox 1331 2725 1377 2759; x_wconf 89' lang='lat' dir='ltr'>et</span> <span class='ocrx_word' id='word_1_397' title='bbox 1398 2715 1612 2773; x_wconf 88' lang='lat' dir='ltr'>(Apocal.</span> <span class='ocrx_word' id='word_1_398' title='bbox 1646 2715 1769 2760; x_wconf 90' lang='lat' dir='ltr'>XXI.</span> <span class='ocrx_word' id='word_1_399' title='bbox 1798 2715 1894 2773; x_wconf 85' lang='lat'>23.)</span> <span class='ocrx_word' id='word_1_400' title='bbox 1921 2716 2110 2760; x_wconf 87' lang='lat' dir='ltr'>dicitur:</span> 
     </span>
     <span class='ocr_line' id='line_1_41' title="bbox 161 2779 2114 2839; baseline 0.002 -15"><span class='ocrx_word' id='word_1_401' title='bbox 161 2779 344 2834; x_wconf 82' lang='lat' dir='ltr'>Civitas,</span> <span class='ocrx_word' id='word_1_402' title='bbox 366 2780 541 2823; x_wconf 89' lang='lat' dir='ltr'>scilicet</span> <span class='ocrx_word' id='word_1_403' title='bbox 564 2781 818 2833; x_wconf 88' lang='lat' dir='ltr'>beatorum,</span> <span class='ocrx_word' id='word_1_404' title='bbox 843 2794 927 2824; x_wconf 89' lang='lat' dir='ltr'>non</span> <span class='ocrx_word' id='word_1_405' title='bbox 943 2787 1024 2838; x_wconf 78' lang='lat' dir='ltr'>eget</span> <span class='ocrx_word' id='word_1_406' title='bbox 1054 2781 1134 2825; x_wconf 74' lang='lat' dir='ltr'>sole</span> <span class='ocrx_word' id='word_1_407' title='bbox 1166 2796 1290 2839; x_wconf 80' lang='lat' dir='ltr'>neque</span> <span class='ocrx_word' id='word_1_408' title='bbox 1322 2782 1448 2826; x_wconf 84' lang='lat' dir='ltr'>luna:</span> <span class='ocrx_word' id='word_1_409' title='bbox 1475 2796 1574 2825; x_wconf 85' lang='lat' dir='ltr'>nam</span> <span class='ocrx_word' id='word_1_410' title='bbox 1594 2782 1763 2826; x_wconf 84' lang='lat' dir='ltr'>claritas</span> <span class='ocrx_word' id='word_1_411' title='bbox 1794 2784 1878 2827; x_wconf 85' lang='lat' dir='ltr'>Dei</span> <span class='ocrx_word' id='word_1_412' title='bbox 1902 2783 2114 2827; x_wconf 80' lang='lat' dir='ltr'>illuminat</span> 
     </span>
     <span class='ocr_line' id='line_1_42' title="bbox 159 2845 2115 2909; baseline 0.003 -21"><span class='ocrx_word' id='word_1_413' title='bbox 159 2845 280 2889; x_wconf 82' lang='lat' dir='ltr'>illam</span> <span class='ocrx_word' id='word_1_414' title='bbox 292 2860 309 2897; x_wconf 89' lang='lat'>,·</span> <span class='ocrx_word' id='word_1_415' title='bbox 342 2856 386 2889; x_wconf 91' lang='lat' dir='ltr'>et</span> <span class='ocrx_word' id='word_1_416' title='bbox 427 2846 530 2902; x_wconf 90' lang='lat' dir='ltr'>(Isa.</span> <span class='ocrx_word' id='word_1_417' title='bbox 570 2845 665 2889; x_wconf 87' lang='lat' dir='ltr'>LX.</span> <span class='ocrx_word' id='word_1_418' title='bbox 704 2846 791 2904; x_wconf 89' lang='lat'>19.)</span> <span class='ocrx_word' id='word_1_419' title='bbox 833 2846 1018 2889; x_wconf 89' lang='lat' dir='ltr'>dicitur:</span> <span class='ocrx_word' id='word_1_420' title='bbox 1051 2848 1148 2891; x_wconf 89' lang='lat' dir='ltr'>Non</span> <span class='ocrx_word' id='word_1_421' title='bbox 1179 2850 1260 2892; x_wconf 84' lang='lat' dir='ltr'>erit</span> <span class='ocrx_word' id='word_1_422' title='bbox 1299 2849 1376 2892; x_wconf 81' lang='lat' dir='ltr'>tibi</span> <span class='ocrx_word' id='word_1_423' title='bbox 1407 2849 1585 2907; x_wconf 82' lang='lat' dir='ltr'>amplius</span> <span class='ocrx_word' id='word_1_424' title='bbox 1619 2849 1678 2892; x_wconf 83' lang='lat' dir='ltr'>sol</span> <span class='ocrx_word' id='word_1_425' title='bbox 1709 2849 1762 2892; x_wconf 85' lang='lat' dir='ltr'>ad</span> <span class='ocrx_word' id='word_1_426' title='bbox 1794 2849 2009 2893; x_wconf 75' lang='lat' dir='ltr'>lucendum</span> <span class='ocrx_word' id='word_1_427' title='bbox 2035 2857 2115 2909; x_wconf 85' lang='lat' dir='ltr'>per</span> 
     </span>
     <span class='ocr_line' id='line_1_43' title="bbox 161 2911 2116 2975; baseline 0.003 -21"><span class='ocrx_word' id='word_1_428' title='bbox 161 2911 283 2965; x_wconf 81' lang='lat' dir='ltr'>diem,</span> <span class='ocrx_word' id='word_1_429' title='bbox 309 2926 381 2956; x_wconf 77' lang='lat' dir='ltr'>nec</span> <span class='ocrx_word' id='word_1_430' title='bbox 410 2912 602 2970; x_wconf 76' lang='lat' dir='ltr'>splendor</span> <span class='ocrx_word' id='word_1_431' title='bbox 627 2912 747 2956; x_wconf 70' lang='lat' dir='ltr'>lunae</span> <span class='ocrx_word' id='word_1_432' title='bbox 770 2913 1026 2957; x_wconf 79' lang='lat' dir='ltr'>illuminabit</span> <span class='ocrx_word' id='word_1_433' title='bbox 1059 2920 1107 2967; x_wconf 76' lang='lat' dir='ltr'>te,</span> <span class='ocrx_word' id='word_1_434' title='bbox 1141 2915 1206 2958; x_wconf 79' lang='lat' dir='ltr'>sed</span> <span class='ocrx_word' id='word_1_435' title='bbox 1236 2916 1316 2959; x_wconf 79' lang='lat' dir='ltr'>erit</span> <span class='ocrx_word' id='word_1_436' title='bbox 1343 2917 1418 2959; x_wconf 85' lang='lat' dir='ltr'>tibi</span> <span class='ocrx_word' id='word_1_437' title='bbox 1450 2916 1661 2959; x_wconf 83' lang='lat' dir='ltr'>Dominus</span> <span class='ocrx_word' id='word_1_438' title='bbox 1691 2917 1735 2959; x_wconf 88' lang='lat' dir='ltr'>in</span> <span class='ocrx_word' id='word_1_439' title='bbox 1762 2915 1889 2960; x_wconf 84' lang='lat' dir='ltr'>lucem</span> <span class='ocrx_word' id='word_1_440' title='bbox 1911 2918 2116 2975; x_wconf 78' lang='lat' dir='ltr'>sempiter-</span> 
     </span>
     <span class='ocr_line' id='line_1_44' title="bbox 160 2978 1042 3036; baseline 0.002 -15"><span class='ocrx_word' id='word_1_441' title='bbox 160 2991 277 3031; x_wconf 83' lang='lat' dir='ltr'>nam,</span> <span class='ocrx_word' id='word_1_442' title='bbox 307 2985 348 3023; x_wconf 78' lang='lat' dir='ltr'>et</span> <span class='ocrx_word' id='word_1_443' title='bbox 379 2979 492 3022; x_wconf 80' lang='lat' dir='ltr'>Deus</span> <span class='ocrx_word' id='word_1_444' title='bbox 518 2984 609 3022; x_wconf 77' lang='lat' dir='ltr'>tuus</span> <span class='ocrx_word' id='word_1_445' title='bbox 640 2979 685 3021; x_wconf 86' lang='lat' dir='ltr'>in</span> <span class='ocrx_word' id='word_1_446' title='bbox 708 2978 889 3036; x_wconf 83' lang='lat' dir='ltr'>gloriam</span> <span class='ocrx_word' id='word_1_447' title='bbox 915 2984 1042 3024; x_wconf 85' lang='lat' dir='ltr'>tuam.</span> 
     </span>
    </p>

    <p class='ocr_par' dir='ltr' id='par_1_8' title="bbox 153 3044 2117 3436">
     <span class='ocr_line' id='line_1_45' title="bbox 249 3044 2113 3105; baseline 0.003 -18"><span class='ocrx_word' id='word_1_448' title='bbox 249 3044 358 3088; x_wconf 88' lang='lat' dir='ltr'>Inde</span> <span class='ocrx_word' id='word_1_449' title='bbox 384 3054 453 3089; x_wconf 89' lang='lat' dir='ltr'>est</span> <span class='ocrx_word' id='word_1_450' title='bbox 477 3045 629 3098; x_wconf 90' lang='lat' dir='ltr'>etiam,</span> <span class='ocrx_word' id='word_1_451' title='bbox 660 3045 766 3103; x_wconf 92' lang='lat' dir='ltr'>quia</span> <span class='ocrx_word' id='word_1_452' title='bbox 792 3046 893 3088; x_wconf 90' lang='lat' dir='ltr'>Deo</span> <span class='ocrx_word' id='word_1_453' title='bbox 920 3046 1041 3089; x_wconf 88' lang='lat' dir='ltr'>idem</span> <span class='ocrx_word' id='word_1_454' title='bbox 1068 3057 1134 3090; x_wconf 89' lang='lat' dir='ltr'>est</span> <span class='ocrx_word' id='word_1_455' title='bbox 1167 3061 1264 3091; x_wconf 88' lang='lat' dir='ltr'>esse</span> <span class='ocrx_word' id='word_1_456' title='bbox 1291 3047 1412 3105; x_wconf 91' lang='lat' dir='ltr'>quod</span> <span class='ocrx_word' id='word_1_457' title='bbox 1439 3046 1707 3105; x_wconf 87' lang='lat' dir='ltr'>intelligere,</span> <span class='ocrx_word' id='word_1_458' title='bbox 1735 3058 1779 3092; x_wconf 90' lang='lat' dir='ltr'>et</span> <span class='ocrx_word' id='word_1_459' title='bbox 1805 3059 1873 3093; x_wconf 90' lang='lat' dir='ltr'>est</span> <span class='ocrx_word' id='word_1_460' title='bbox 1900 3049 2113 3093; x_wconf 90' lang='lat' dir='ltr'>omnibus</span> 
     </span>
     <span class='ocr_line' id='line_1_46' title="bbox 161 3110 2117 3174; baseline 0.004 -21"><span class='ocrx_word' id='word_1_461' title='bbox 161 3124 298 3154; x_wconf 89' lang='lat' dir='ltr'>causa</span> <span class='ocrx_word' id='word_1_462' title='bbox 323 3110 618 3169; x_wconf 88' lang='lat' dir='ltr'>intelligendi,</span> <span class='ocrx_word' id='word_1_463' title='bbox 641 3111 762 3169; x_wconf 92' lang='lat' dir='ltr'>quod</span> <span class='ocrx_word' id='word_1_464' title='bbox 789 3112 952 3155; x_wconf 90' lang='lat' dir='ltr'>dicitur</span> <span class='ocrx_word' id='word_1_465' title='bbox 983 3126 1082 3156; x_wconf 88' lang='lat' dir='ltr'>esse</span> <span class='ocrx_word' id='word_1_466' title='bbox 1108 3112 1183 3156; x_wconf 87' lang='lat' dir='ltr'>lux</span> <span class='ocrx_word' id='word_1_467' title='bbox 1207 3114 1356 3171; x_wconf 88' lang='lat' dir='ltr'>(Joan.</span> <span class='ocrx_word' id='word_1_468' title='bbox 1387 3114 1419 3156; x_wconf 90' lang='lat'>1.</span> <span class='ocrx_word' id='word_1_469' title='bbox 1438 3113 1463 3156; x_wconf 91' lang='lat'>8</span> <span class='ocrx_word' id='word_1_470' title='bbox 1483 3113 1525 3169; x_wconf 86' lang='lat'>):</span> <span class='ocrx_word' id='word_1_471' title='bbox 1552 3115 1659 3158; x_wconf 80' lang='lat' dir='ltr'>Erat</span> <span class='ocrx_word' id='word_1_472' title='bbox 1679 3116 1752 3158; x_wconf 82' lang='lat' dir='ltr'>lux</span> <span class='ocrx_word' id='word_1_473' title='bbox 1775 3130 1882 3160; x_wconf 85' lang='lat' dir='ltr'>vera</span> <span class='ocrx_word' id='word_1_474' title='bbox 1907 3130 2010 3174; x_wconf 81' lang='lat' dir='ltr'>quae</span> <span class='ocrx_word' id='word_1_475' title='bbox 2025 3116 2117 3159; x_wconf 76' lang='lat' dir='ltr'>illu-</span> 
     </span>
     <span class='ocr_line' id='line_1_47' title="bbox 160 3172 2117 3238; baseline 0.003 -17"><span class='ocrx_word' id='word_1_476' title='bbox 160 3179 295 3221; x_wconf 81' lang='lat' dir='ltr'>minat</span> <span class='ocrx_word' id='word_1_477' title='bbox 320 3192 480 3222; x_wconf 79' lang='lat' dir='ltr'>omnem</span> <span class='ocrx_word' id='word_1_478' title='bbox 506 3178 711 3222; x_wconf 77' lang='lat' dir='ltr'>hominem</span> <span class='ocrx_word' id='word_1_479' title='bbox 741 3180 966 3222; x_wconf 77' lang='lat' dir='ltr'>venientem</span> <span class='ocrx_word' id='word_1_480' title='bbox 991 3180 1037 3222; x_wconf 85' lang='lat' dir='ltr'>in</span> <span class='ocrx_word' id='word_1_481' title='bbox 1063 3179 1168 3224; x_wconf 84' lang='lat' dir='ltr'>hunc</span> <span class='ocrx_word' id='word_1_482' title='bbox 1190 3180 1418 3231; x_wconf 85' lang='lat' dir='ltr'>mundum,·</span> <span class='ocrx_word' id='word_1_483' title='bbox 1448 3190 1491 3223; x_wconf 90' lang='lat' dir='ltr'>et</span> <span class='ocrx_word' id='word_1_484' title='bbox 1510 3180 1564 3236; x_wconf 92' lang='lat' dir='ltr'>(I.</span> <span class='ocrx_word' id='word_1_485' title='bbox 1586 3180 1716 3237; x_wconf 91' lang='lat' dir='ltr'>Joan.</span> <span class='ocrx_word' id='word_1_486' title='bbox 1740 3181 1772 3224; x_wconf 93' lang='lat'>1.</span> <span class='ocrx_word' id='word_1_487' title='bbox 1798 3172 1869 3238; x_wconf 59' lang='grc' dir='ltr'>ς’.);</span> <span class='ocrx_word' id='word_1_488' title='bbox 1893 3183 2019 3226; x_wconf 78' lang='lat' dir='ltr'>Deux</span> <span class='ocrx_word' id='word_1_489' title='bbox 2044 3183 2117 3226; x_wconf 88' lang='lat' dir='ltr'>lux</span> 
     </span>
     <span class='ocr_line' id='line_1_48' title="bbox 160 3242 2117 3307; baseline 0.003 -19"><span class='ocrx_word' id='word_1_490' title='bbox 160 3249 244 3300; x_wconf 50' lang='grc' dir='ltr'>σῃ·</span> <span class='ocrx_word' id='word_1_491' title='bbox 270 3253 317 3287; x_wconf 86' lang='lat' dir='ltr'>et</span> <span class='ocrx_word' id='word_1_492' title='bbox 353 3242 493 3300; x_wconf 88' lang='lat' dir='ltr'>(Psal.</span> <span class='ocrx_word' id='word_1_493' title='bbox 518 3243 635 3288; x_wconf 76' lang='lat'>(2111.</span> <span class='ocrx_word' id='word_1_494' title='bbox 662 3247 750 3298; x_wconf 86' lang='lat'>2.):</span> <span class='ocrx_word' id='word_1_495' title='bbox 778 3245 966 3289; x_wconf 82' lang='lat' dir='ltr'>Amictus</span> <span class='ocrx_word' id='word_1_496' title='bbox 994 3246 1147 3290; x_wconf 77' lang='lat' dir='ltr'>lumine</span> <span class='ocrx_word' id='word_1_497' title='bbox 1177 3248 1285 3290; x_wconf 85' lang='lat' dir='ltr'>sicut</span> <span class='ocrx_word' id='word_1_498' title='bbox 1306 3248 1559 3290; x_wconf 78' lang='lat' dir='ltr'>vestimento.</span> <span class='ocrx_word' id='word_1_499' title='bbox 1579 3245 1634 3290; x_wconf 90' lang='lat' dir='ltr'>Et</span> <span class='ocrx_word' id='word_1_500' title='bbox 1655 3258 1840 3307; x_wconf 86' lang='lat' dir='ltr'>propter</span> <span class='ocrx_word' id='word_1_501' title='bbox 1860 3249 1949 3292; x_wconf 91' lang='lat' dir='ltr'>hoc</span> <span class='ocrx_word' id='word_1_502' title='bbox 1977 3248 2117 3293; x_wconf 83' lang='lat' dir='ltr'>etiam</span> 
     </span>
     <span class='ocr_line' id='line_1_49' title="bbox 153 3309 2116 3372; baseline 0.003 -19"><span class='ocrx_word' id='word_1_503' title='bbox 153 3319 258 3354; x_wconf 52' lang='lat' dir='ltr'>»tam</span> <span class='ocrx_word' id='word_1_504' title='bbox 297 3310 423 3354; x_wconf 90' lang='lat' dir='ltr'>Deus</span> <span class='ocrx_word' id='word_1_505' title='bbox 464 3324 602 3369; x_wconf 89' lang='lat' dir='ltr'>quam</span> <span class='ocrx_word' id='word_1_506' title='bbox 643 3309 795 3368; x_wconf 87' lang='lat' dir='ltr'>angeli</span> <span class='ocrx_word' id='word_1_507' title='bbox 833 3311 880 3354; x_wconf 90' lang='lat' dir='ltr'>in</span> <span class='ocrx_word' id='word_1_508' title='bbox 921 3324 1049 3355; x_wconf 87' lang='lat' dir='ltr'>sacra</span> <span class='ocrx_word' id='word_1_509' title='bbox 1077 3311 1307 3371; x_wconf 89' lang='lat' dir='ltr'>Scriptura</span> <span class='ocrx_word' id='word_1_510' title='bbox 1343 3313 1389 3356; x_wconf 91' lang='lat' dir='ltr'>in</span> <span class='ocrx_word' id='word_1_511' title='bbox 1430 3312 1584 3371; x_wconf 88' lang='lat' dir='ltr'>figuris</span> <span class='ocrx_word' id='word_1_512' title='bbox 1611 3313 1757 3372; x_wconf 87' lang='lat' dir='ltr'>igneis</span> <span class='ocrx_word' id='word_1_513' title='bbox 1789 3315 2116 3369; x_wconf 88' lang='lat' dir='ltr'>describuntur,</span> 
     </span>
     <span class='ocr_line' id='line_1_50' title="bbox 162 3376 783 3436; baseline 0 -15"><span class='ocrx_word' id='word_1_514' title='bbox 162 3387 347 3436; x_wconf 78' lang='lat' dir='ltr'>propter</span> <span class='ocrx_word' id='word_1_515' title='bbox 371 3377 489 3435; x_wconf 89' lang='lat' dir='ltr'>ignis</span> <span class='ocrx_word' id='word_1_516' title='bbox 516 3376 783 3421; x_wconf 87' lang='lat' dir='ltr'>claritatem.</span> 
     </span>
    </p>
   </div>
  </div>
 </body>
</html>
