<?xml version="1.0" encoding="UTF-8"?>
<!DOCTYPE html PUBLIC "-//W3C//DTD XHTML 1.0 Transitional//EN"
    "http://www.w3.org/TR/xhtml1/DTD/xhtml1-transitional.dtd">
<html xmlns="http://www.w3.org/1999/xhtml" xml:lang="en" lang="en">
 <head>
  <title>
</title>
<meta http-equiv="Content-Type" content="text/html;charset=utf-8" />
  <meta name='ocr-system' content='tesseract 3.04.00' />
  <meta name='ocr-capabilities' content='ocr_page ocr_carea ocr_par ocr_line ocrx_word'/>
</head>
<body>
  <div class='ocr_page' id='page_1' title='image "./divithomaeaquina00thom_0503.png"; bbox 0 0 2332 3854; ppageno 0'>
   <div class='ocr_carea' id='block_1_1' title="bbox 771 196 2095 251">
    <p class='ocr_par' dir='ltr' id='par_1_1' title="bbox 771 196 2095 251">
     <span class='ocr_line' id='line_1_1' title="bbox 771 196 2095 251; baseline -0.005 -13"><span class='ocrx_word' id='word_1_1' title='bbox 771 199 924 238; x_wconf 82' lang='lat' dir='ltr'><strong>LIBER</strong></span> <span class='ocrx_word' id='word_1_2' title='bbox 967 198 1043 238; x_wconf 89' lang='lat'>111.</span> <span class='ocrx_word' id='word_1_3' title='bbox 1086 199 1207 238; x_wconf 81' lang='lat' dir='ltr'><strong>CAP.</strong></span> <span class='ocrx_word' id='word_1_4' title='bbox 1251 197 1477 237; x_wconf 82' lang='lat' dir='ltr'>cxxxm.</span> <span class='ocrx_word' id='word_1_5' title='bbox 1994 196 2095 251; x_wconf 81' lang='lat'>491</span> 
     </span>
    </p>
   </div>
   <div class='ocr_carea' id='block_1_2' title="bbox 141 297 2154 3631">
    <p class='ocr_par' dir='ltr' id='par_1_2' title="bbox 145 297 2105 429">
     <span class='ocr_line' id='line_1_2' title="bbox 145 297 2105 363; baseline -0.004 -15"><span class='ocrx_word' id='word_1_6' title='bbox 145 303 287 349; x_wconf 85' lang='lat' dir='ltr'>tariae</span> <span class='ocrx_word' id='word_1_7' title='bbox 311 301 601 363; x_wconf 82' lang='lat' dir='ltr'>paupertatis,</span> <span class='ocrx_word' id='word_1_8' title='bbox 627 300 683 346; x_wconf 92' lang='lat' dir='ltr'>ad</span> <span class='ocrx_word' id='word_1_9' title='bbox 710 301 861 347; x_wconf 86' lang='lat' dir='ltr'>minus</span> <span class='ocrx_word' id='word_1_10' title='bbox 886 311 1106 361; x_wconf 90' lang='lat' dir='ltr'>quantum</span> <span class='ocrx_word' id='word_1_11' title='bbox 1139 301 1195 347; x_wconf 88' lang='lat' dir='ltr'>ad</span> <span class='ocrx_word' id='word_1_12' title='bbox 1225 300 1395 346; x_wconf 87' lang='lat' dir='ltr'>multos</span> <span class='ocrx_word' id='word_1_13' title='bbox 1428 313 1544 359; x_wconf 92' lang='lat' dir='ltr'>quos</span> <span class='ocrx_word' id='word_1_14' title='bbox 1576 307 1758 357; x_wconf 88' lang='lat' dir='ltr'>oportet</span> <span class='ocrx_word' id='word_1_15' title='bbox 1793 297 1914 343; x_wconf 89' lang='lat' dir='ltr'>circa</span> <span class='ocrx_word' id='word_1_16' title='bbox 1946 311 2105 357; x_wconf 90' lang='lat' dir='ltr'>procu-</span> 
     </span>
     <span class='ocr_line' id='line_1_3' title="bbox 145 367 1036 429; baseline -0.002 -15"><span class='ocrx_word' id='word_1_17' title='bbox 145 370 310 414; x_wconf 89' lang='lat' dir='ltr'>randas</span> <span class='ocrx_word' id='word_1_18' title='bbox 335 369 647 429; x_wconf 87' lang='lat' dir='ltr'>possessiones</span> <span class='ocrx_word' id='word_1_19' title='bbox 673 381 772 413; x_wconf 90' lang='lat' dir='ltr'>esse</span> <span class='ocrx_word' id='word_1_20' title='bbox 799 367 1036 414; x_wconf 87' lang='lat' dir='ltr'>sollicitos.</span> 
     </span>
    </p>

    <p class='ocr_par' dir='ltr' id='par_1_3' title="bbox 143 431 2108 830">
     <span class='ocr_line' id='line_1_4' title="bbox 232 431 2106 493; baseline -0.003 -13"><span class='ocrx_word' id='word_1_21' title='bbox 232 435 374 480; x_wconf 89' lang='lat' dir='ltr'>Item:</span> <span class='ocrx_word' id='word_1_22' title='bbox 402 435 662 480; x_wconf 91' lang='lat' dir='ltr'>communis</span> <span class='ocrx_word' id='word_1_23' title='bbox 687 435 917 493; x_wconf 86' lang='lat' dir='ltr'>possessio</span> <span class='ocrx_word' id='word_1_24' title='bbox 944 435 1061 479; x_wconf 86' lang='lat' dir='ltr'>solet</span> <span class='ocrx_word' id='word_1_25' title='bbox 1086 449 1186 480; x_wconf 90' lang='lat' dir='ltr'>esse</span> <span class='ocrx_word' id='word_1_26' title='bbox 1213 449 1349 479; x_wconf 91' lang='lat' dir='ltr'>causa</span> <span class='ocrx_word' id='word_1_27' title='bbox 1375 433 1654 479; x_wconf 79' lang='lat' dir='ltr'>discordiae:</span> <span class='ocrx_word' id='word_1_28' title='bbox 1682 445 1776 476; x_wconf 91' lang='lat' dir='ltr'>non</span> <span class='ocrx_word' id='word_1_29' title='bbox 1803 432 1928 476; x_wconf 89' lang='lat' dir='ltr'>enim</span> <span class='ocrx_word' id='word_1_30' title='bbox 1952 431 2106 476; x_wconf 90' lang='lat' dir='ltr'>viden-</span> 
     </span>
     <span class='ocr_line' id='line_1_5' title="bbox 143 497 2106 562; baseline -0.003 -15"><span class='ocrx_word' id='word_1_31' title='bbox 143 512 217 547; x_wconf 89' lang='lat' dir='ltr'>tur</span> <span class='ocrx_word' id='word_1_32' title='bbox 241 503 418 562; x_wconf 86' lang='lat' dir='ltr'>litigare</span> <span class='ocrx_word' id='word_1_33' title='bbox 444 503 519 561; x_wconf 91' lang='lat' dir='ltr'>qui</span> <span class='ocrx_word' id='word_1_34' title='bbox 555 500 672 546; x_wconf 87' lang='lat' dir='ltr'>nihil</span> <span class='ocrx_word' id='word_1_35' title='bbox 695 501 866 545; x_wconf 89' lang='lat' dir='ltr'>habent</span> <span class='ocrx_word' id='word_1_36' title='bbox 898 515 1159 555; x_wconf 90' lang='lat' dir='ltr'>commune,</span> <span class='ocrx_word' id='word_1_37' title='bbox 1187 512 1236 546; x_wconf 92' lang='lat' dir='ltr'>ut</span> <span class='ocrx_word' id='word_1_38' title='bbox 1263 501 1454 560; x_wconf 88' lang='lat' dir='ltr'>Hispani</span> <span class='ocrx_word' id='word_1_39' title='bbox 1480 510 1525 544; x_wconf 91' lang='lat' dir='ltr'>et</span> <span class='ocrx_word' id='word_1_40' title='bbox 1549 500 1733 552; x_wconf 86' lang='lat' dir='ltr'>Persae,</span> <span class='ocrx_word' id='word_1_41' title='bbox 1759 499 1839 543; x_wconf 90' lang='lat' dir='ltr'>sed</span> <span class='ocrx_word' id='word_1_42' title='bbox 1866 500 1940 557; x_wconf 91' lang='lat' dir='ltr'>qui</span> <span class='ocrx_word' id='word_1_43' title='bbox 1968 497 2106 542; x_wconf 89' lang='lat' dir='ltr'>simul</span> 
     </span>
     <span class='ocr_line' id='line_1_6' title="bbox 145 565 2106 628; baseline -0.003 -15"><span class='ocrx_word' id='word_1_44' title='bbox 145 569 314 628; x_wconf 86' lang='lat' dir='ltr'>aliquid</span> <span class='ocrx_word' id='word_1_45' title='bbox 339 570 510 614; x_wconf 88' lang='lat' dir='ltr'>habent</span> <span class='ocrx_word' id='word_1_46' title='bbox 533 582 802 622; x_wconf 84' lang='lat' dir='ltr'>commune3</span> <span class='ocrx_word' id='word_1_47' title='bbox 830 579 1014 627; x_wconf 88' lang='lat' dir='ltr'>propter</span> <span class='ocrx_word' id='word_1_48' title='bbox 1045 570 1167 627; x_wconf 90' lang='lat' dir='ltr'>quod</span> <span class='ocrx_word' id='word_1_49' title='bbox 1195 569 1334 613; x_wconf 90' lang='lat' dir='ltr'>etiam</span> <span class='ocrx_word' id='word_1_50' title='bbox 1361 569 1476 612; x_wconf 88' lang='lat' dir='ltr'>inter</span> <span class='ocrx_word' id='word_1_51' title='bbox 1501 567 1659 611; x_wconf 85' lang='lat' dir='ltr'>fratres</span> <span class='ocrx_word' id='word_1_52' title='bbox 1684 576 1789 611; x_wconf 90' lang='lat' dir='ltr'>sunt</span> <span class='ocrx_word' id='word_1_53' title='bbox 1819 567 1979 624; x_wconf 88' lang='lat' dir='ltr'>jurgia.</span> <span class='ocrx_word' id='word_1_54' title='bbox 2007 565 2106 609; x_wconf 90' lang='lat' dir='ltr'>Dis-</span> 
     </span>
     <span class='ocr_line' id='line_1_7' title="bbox 145 633 2104 693; baseline -0.002 -13"><span class='ocrx_word' id='word_1_55' title='bbox 145 636 301 681; x_wconf 83' lang='lat' dir='ltr'>cordia</span> <span class='ocrx_word' id='word_1_56' title='bbox 314 647 465 681; x_wconf 90' lang='lat' dir='ltr'>autem</span> <span class='ocrx_word' id='word_1_57' title='bbox 479 636 679 680; x_wconf 83' lang='lat' dir='ltr'>maxime</span> <span class='ocrx_word' id='word_1_58' title='bbox 695 635 886 693; x_wconf 89' lang='lat' dir='ltr'>impedit</span> <span class='ocrx_word' id='word_1_59' title='bbox 900 636 1190 679; x_wconf 90' lang='lat' dir='ltr'>vacationem</span> <span class='ocrx_word' id='word_1_60' title='bbox 1205 635 1371 680; x_wconf 90' lang='lat' dir='ltr'>mentis</span> <span class='ocrx_word' id='word_1_61' title='bbox 1382 635 1503 679; x_wconf 92' lang='lat' dir='ltr'>circa</span> <span class='ocrx_word' id='word_1_62' title='bbox 1515 634 1681 687; x_wconf 88' lang='lat' dir='ltr'>divina,</span> <span class='ocrx_word' id='word_1_63' title='bbox 1694 642 1743 677; x_wconf 90' lang='lat' dir='ltr'>ut</span> <span class='ocrx_word' id='word_1_64' title='bbox 1755 647 1890 691; x_wconf 90' lang='lat' dir='ltr'>supra</span> <span class='ocrx_word' id='word_1_65' title='bbox 1907 633 1968 689; x_wconf 92' lang='lat' dir='ltr'>(c.</span> <span class='ocrx_word' id='word_1_66' title='bbox 1987 633 2104 688; x_wconf 89' lang='lat'>128.)</span> 
     </span>
     <span class='ocr_line' id='line_1_8' title="bbox 144 699 2108 762; baseline -0.003 -15"><span class='ocrx_word' id='word_1_67' title='bbox 144 702 315 747; x_wconf 90' lang='lat' dir='ltr'>dictum</span> <span class='ocrx_word' id='word_1_68' title='bbox 342 713 423 747; x_wconf 88' lang='lat' dir='ltr'>est.</span> <span class='ocrx_word' id='word_1_69' title='bbox 446 703 637 747; x_wconf 87' lang='lat' dir='ltr'>Videtur</span> <span class='ocrx_word' id='word_1_70' title='bbox 656 702 793 762; x_wconf 88' lang='lat' dir='ltr'>igitur</span> <span class='ocrx_word' id='word_1_71' title='bbox 810 702 975 746; x_wconf 91' lang='lat' dir='ltr'>modus</span> <span class='ocrx_word' id='word_1_72' title='bbox 1000 702 1084 746; x_wconf 90' lang='lat' dir='ltr'>iste</span> <span class='ocrx_word' id='word_1_73' title='bbox 1110 702 1292 746; x_wconf 91' lang='lat' dir='ltr'>vivendi</span> <span class='ocrx_word' id='word_1_74' title='bbox 1308 701 1528 760; x_wconf 86' lang='lat' dir='ltr'>impedire</span> <span class='ocrx_word' id='word_1_75' title='bbox 1546 699 1685 744; x_wconf 86' lang='lat' dir='ltr'>finem</span> <span class='ocrx_word' id='word_1_76' title='bbox 1700 699 1984 744; x_wconf 86' lang='lat' dir='ltr'>voluntariae</span> <span class='ocrx_word' id='word_1_77' title='bbox 2001 712 2108 757; x_wconf 89' lang='lat' dir='ltr'>pau-</span> 
     </span>
     <span class='ocr_line' id='line_1_9' title="bbox 145 769 1999 830; baseline -0.002 -16"><span class='ocrx_word' id='word_1_78' title='bbox 145 769 344 828; x_wconf 87' lang='lat' dir='ltr'>pertatis.</span> <span class='ocrx_word' id='word_1_79' title='bbox 1993 823 1999 830; x_wconf 24' lang='grc' dir='ltr'><strong><em>η</em></strong></span> 
     </span>
    </p>

    <p class='ocr_par' dir='ltr' id='par_1_4' title="bbox 141 833 2109 1360">
     <span class='ocr_line' id='line_1_10' title="bbox 233 833 2106 889; baseline -0.002 -10.083"><span class='ocrx_word' id='word_1_80' title='bbox 233 835 399 879; x_wconf 87' lang='lat' dir='ltr'>Adhuc</span> <span class='ocrx_word' id='word_1_81' title='bbox 425 845 578 880; x_wconf 89' lang='lat' dir='ltr'>autem</span> <span class='ocrx_word' id='word_1_82' title='bbox 606 845 676 880; x_wconf 89' lang='lat' dir='ltr'>est</span> <span class='ocrx_word' id='word_1_83' title='bbox 692 837 851 880; x_wconf 84' lang='lat' dir='ltr'>tertius</span> <span class='ocrx_word' id='word_1_84' title='bbox 868 835 1033 879; x_wconf 90' lang='lat' dir='ltr'>modus</span> <span class='ocrx_word' id='word_1_85' title='bbox 1049 835 1245 889; x_wconf 90' lang='lat' dir='ltr'>vivendi,</span> <span class='ocrx_word' id='word_1_86' title='bbox 1272 845 1321 879; x_wconf 91' lang='lat' dir='ltr'>ut</span> <span class='ocrx_word' id='word_1_87' title='bbox 1345 835 1402 878; x_wconf 88' lang='lat' dir='ltr'>de</span> <span class='ocrx_word' id='word_1_88' title='bbox 1423 833 1654 878; x_wconf 88' lang='lat' dir='ltr'>laboribus</span> <span class='ocrx_word' id='word_1_89' title='bbox 1680 847 1901 877; x_wconf 89' lang='lat' dir='ltr'>manuum</span> <span class='ocrx_word' id='word_1_90' title='bbox 1919 846 2106 878; x_wconf 89' lang='lat' dir='ltr'>suarum</span> 
     </span>
     <span class='ocr_line' id='line_1_11' title="bbox 144 899 2109 960; baseline -0.001 -15"><span class='ocrx_word' id='word_1_91' title='bbox 144 901 299 946; x_wconf 84' lang='lat' dir='ltr'>vivant</span> <span class='ocrx_word' id='word_1_92' title='bbox 329 902 407 960; x_wconf 90' lang='lat' dir='ltr'>qui</span> <span class='ocrx_word' id='word_1_93' title='bbox 436 901 742 946; x_wconf 85' lang='lat' dir='ltr'>voluntariam</span> <span class='ocrx_word' id='word_1_94' title='bbox 769 911 1083 960; x_wconf 79' lang='lat' dir='ltr'>paupertatem</span> <span class='ocrx_word' id='word_1_95' title='bbox 1116 911 1374 955; x_wconf 87' lang='lat' dir='ltr'>sectantur;</span> <span class='ocrx_word' id='word_1_96' title='bbox 1406 914 1544 959; x_wconf 90' lang='lat' dir='ltr'>quem</span> <span class='ocrx_word' id='word_1_97' title='bbox 1581 900 1765 959; x_wconf 90' lang='lat' dir='ltr'>quidem</span> <span class='ocrx_word' id='word_1_98' title='bbox 1797 899 1980 944; x_wconf 90' lang='lat' dir='ltr'>vivendi</span> <span class='ocrx_word' id='word_1_99' title='bbox 2011 912 2109 943; x_wconf 91' lang='lat' dir='ltr'>mo-</span> 
     </span>
     <span class='ocr_line' id='line_1_12' title="bbox 144 965 2107 1027; baseline -0.002 -15"><span class='ocrx_word' id='word_1_100' title='bbox 144 968 253 1012; x_wconf 91' lang='lat' dir='ltr'>dum</span> <span class='ocrx_word' id='word_1_101' title='bbox 280 967 448 1012; x_wconf 91' lang='lat' dir='ltr'>Paulus</span> <span class='ocrx_word' id='word_1_102' title='bbox 475 968 709 1027; x_wconf 91' lang='lat' dir='ltr'>apostolus</span> <span class='ocrx_word' id='word_1_103' title='bbox 734 969 1022 1027; x_wconf 85' lang='lat' dir='ltr'>sequebatur,</span> <span class='ocrx_word' id='word_1_104' title='bbox 1049 978 1094 1012; x_wconf 91' lang='lat' dir='ltr'>et</span> <span class='ocrx_word' id='word_1_105' title='bbox 1120 968 1218 1012; x_wconf 90' lang='lat' dir='ltr'>aliis</span> <span class='ocrx_word' id='word_1_106' title='bbox 1251 969 1587 1012; x_wconf 88' lang='lat' dir='ltr'>observandum</span> <span class='ocrx_word' id='word_1_107' title='bbox 1615 981 1699 1011; x_wconf 93' lang='lat' dir='ltr'>suo</span> <span class='ocrx_word' id='word_1_108' title='bbox 1727 965 1938 1026; x_wconf 86' lang='lat' dir='ltr'>exemplo</span> <span class='ocrx_word' id='word_1_109' title='bbox 1970 975 2015 1010; x_wconf 91' lang='lat' dir='ltr'>et</span> <span class='ocrx_word' id='word_1_110' title='bbox 2043 966 2107 1009; x_wconf 91' lang='lat' dir='ltr'>in-</span> 
     </span>
     <span class='ocr_line' id='line_1_13' title="bbox 143 1034 2108 1093; baseline -0.002 -14"><span class='ocrx_word' id='word_1_111' title='bbox 143 1035 379 1079; x_wconf 84' lang='lat' dir='ltr'>stitutione</span> <span class='ocrx_word' id='word_1_112' title='bbox 404 1036 573 1080; x_wconf 87' lang='lat' dir='ltr'>dimisit</span> <span class='ocrx_word' id='word_1_113' title='bbox 590 1051 601 1080; x_wconf 89' lang='lat'>:</span> <span class='ocrx_word' id='word_1_114' title='bbox 617 1035 790 1079; x_wconf 85' lang='lat' dir='ltr'>dicitur</span> <span class='ocrx_word' id='word_1_115' title='bbox 815 1035 935 1078; x_wconf 88' lang='lat' dir='ltr'>enim</span> <span class='ocrx_word' id='word_1_116' title='bbox 965 1035 1041 1092; x_wconf 91' lang='lat'>(11.</span> <span class='ocrx_word' id='word_1_117' title='bbox 1067 1034 1232 1079; x_wconf 89' lang='lat' dir='ltr'>Thess.</span> <span class='ocrx_word' id='word_1_118' title='bbox 1256 1035 1333 1078; x_wconf 89' lang='lat' dir='ltr'><strong>III.</strong></span> <span class='ocrx_word' id='word_1_119' title='bbox 1358 1035 1534 1091; x_wconf 88' lang='lat'>8-10.):</span> <span class='ocrx_word' id='word_1_120' title='bbox 1558 1035 1657 1078; x_wconf 88' lang='lat' dir='ltr'>Non</span> <span class='ocrx_word' id='word_1_121' title='bbox 1677 1036 1806 1092; x_wconf 84' lang='lat' dir='ltr'>gratis</span> <span class='ocrx_word' id='word_1_122' title='bbox 1818 1041 1975 1093; x_wconf 83' lang='lat' dir='ltr'>panem</span> <span class='ocrx_word' id='word_1_123' title='bbox 1990 1047 2108 1077; x_wconf 86' lang='lat' dir='ltr'>man-</span> 
     </span>
     <span class='ocr_line' id='line_1_14' title="bbox 143 1100 2105 1160; baseline -0.002 -14"><span class='ocrx_word' id='word_1_124' title='bbox 143 1100 389 1147; x_wconf 80' lang='lat' dir='ltr'>ducavimus</span> <span class='ocrx_word' id='word_1_125' title='bbox 412 1103 465 1146; x_wconf 90' lang='lat' dir='ltr'>ab</span> <span class='ocrx_word' id='word_1_126' title='bbox 493 1103 650 1160; x_wconf 86' lang='lat' dir='ltr'>aliquo,</span> <span class='ocrx_word' id='word_1_127' title='bbox 672 1101 740 1146; x_wconf 88' lang='lat' dir='ltr'>sed</span> <span class='ocrx_word' id='word_1_128' title='bbox 764 1103 810 1145; x_wconf 78' lang='lat' dir='ltr'>in</span> <span class='ocrx_word' id='word_1_129' title='bbox 836 1102 978 1146; x_wconf 85' lang='lat' dir='ltr'>labore</span> <span class='ocrx_word' id='word_1_130' title='bbox 1002 1108 1038 1146; x_wconf 88' lang='lat' dir='ltr'>et</span> <span class='ocrx_word' id='word_1_131' title='bbox 1068 1102 1326 1158; x_wconf 81' lang='lat' dir='ltr'>fatigatione,</span> <span class='ocrx_word' id='word_1_132' title='bbox 1360 1107 1475 1146; x_wconf 86' lang='lat' dir='ltr'>nocte</span> <span class='ocrx_word' id='word_1_133' title='bbox 1507 1108 1544 1145; x_wconf 81' lang='lat' dir='ltr'>et</span> <span class='ocrx_word' id='word_1_134' title='bbox 1570 1100 1634 1144; x_wconf 85' lang='lat' dir='ltr'>die</span> <span class='ocrx_word' id='word_1_135' title='bbox 1657 1107 1882 1159; x_wconf 74' lang='lat' dir='ltr'>operantes,</span> <span class='ocrx_word' id='word_1_136' title='bbox 1915 1115 1964 1144; x_wconf 89' lang='lat' dir='ltr'>ne</span> <span class='ocrx_word' id='word_1_137' title='bbox 1985 1114 2105 1158; x_wconf 87' lang='lat' dir='ltr'>quem</span> 
     </span>
     <span class='ocr_line' id='line_1_15' title="bbox 141 1165 2107 1227; baseline -0.002 -13"><span class='ocrx_word' id='word_1_138' title='bbox 141 1174 327 1214; x_wconf 76' lang='lat' dir='ltr'>vestrum</span> <span class='ocrx_word' id='word_1_139' title='bbox 344 1183 647 1227; x_wconf 77' lang='lat' dir='ltr'>gravaremus:</span> <span class='ocrx_word' id='word_1_140' title='bbox 665 1184 748 1212; x_wconf 85' lang='lat' dir='ltr'>non</span> <span class='ocrx_word' id='word_1_141' title='bbox 770 1171 897 1227; x_wconf 23' lang='lat' dir='ltr'>quasi*</span> <span class='ocrx_word' id='word_1_142' title='bbox 914 1183 998 1212; x_wconf 87' lang='lat' dir='ltr'>non</span> <span class='ocrx_word' id='word_1_143' title='bbox 1024 1170 1289 1213; x_wconf 83' lang='lat' dir='ltr'>habuerimus</span> <span class='ocrx_word' id='word_1_144' title='bbox 1306 1174 1559 1227; x_wconf 84' lang='lat' dir='ltr'>potestatem,</span> <span class='ocrx_word' id='word_1_145' title='bbox 1582 1168 1648 1211; x_wconf 84' lang='lat' dir='ltr'>sed</span> <span class='ocrx_word' id='word_1_146' title='bbox 1674 1174 1719 1212; x_wconf 88' lang='lat' dir='ltr'>ut</span> <span class='ocrx_word' id='word_1_147' title='bbox 1739 1169 2004 1224; x_wconf 79' lang='lat' dir='ltr'>nosmetipsos</span> <span class='ocrx_word' id='word_1_148' title='bbox 2015 1165 2107 1225; x_wconf 84' lang='lat' dir='ltr'>sor-</span> 
     </span>
     <span class='ocr_line' id='line_1_16' title="bbox 142 1232 2108 1293; baseline -0.001 -14"><span class='ocrx_word' id='word_1_149' title='bbox 142 1250 258 1279; x_wconf 87' lang='lat' dir='ltr'>mam</span> <span class='ocrx_word' id='word_1_150' title='bbox 291 1235 482 1280; x_wconf 85' lang='lat' dir='ltr'>daremus</span> <span class='ocrx_word' id='word_1_151' title='bbox 506 1237 624 1280; x_wconf 86' lang='lat' dir='ltr'>vobis</span> <span class='ocrx_word' id='word_1_152' title='bbox 645 1236 699 1279; x_wconf 87' lang='lat' dir='ltr'>ad</span> <span class='ocrx_word' id='word_1_153' title='bbox 720 1235 971 1279; x_wconf 83' lang='lat' dir='ltr'>imitandum</span> <span class='ocrx_word' id='word_1_154' title='bbox 998 1250 1083 1279; x_wconf 87' lang='lat' dir='ltr'>nos.</span> <span class='ocrx_word' id='word_1_155' title='bbox 1108 1237 1223 1279; x_wconf 88' lang='lat' dir='ltr'>Nam</span> <span class='ocrx_word' id='word_1_156' title='bbox 1246 1242 1282 1279; x_wconf 90' lang='lat' dir='ltr'>et</span> <span class='ocrx_word' id='word_1_157' title='bbox 1304 1250 1398 1279; x_wconf 88' lang='lat' dir='ltr'>cum</span> <span class='ocrx_word' id='word_1_158' title='bbox 1422 1250 1589 1279; x_wconf 81' lang='lat' dir='ltr'>essemus</span> <span class='ocrx_word' id='word_1_159' title='bbox 1610 1234 1721 1293; x_wconf 83' lang='lat' dir='ltr'>apud</span> <span class='ocrx_word' id='word_1_160' title='bbox 1744 1248 1834 1288; x_wconf 82' lang='lat' dir='ltr'>vos,</span> <span class='ocrx_word' id='word_1_161' title='bbox 1858 1234 1931 1278; x_wconf 82' lang='lat' dir='ltr'>hoc</span> <span class='ocrx_word' id='word_1_162' title='bbox 1953 1232 2108 1278; x_wconf 83' lang='lat' dir='ltr'>denun-</span> 
     </span>
     <span class='ocr_line' id='line_1_17' title="bbox 142 1301 1709 1360; baseline -0.002 -13"><span class='ocrx_word' id='word_1_163' title='bbox 142 1304 359 1348; x_wconf 80' lang='lat' dir='ltr'>ciabamus</span> <span class='ocrx_word' id='word_1_164' title='bbox 376 1305 510 1356; x_wconf 84' lang='lat' dir='ltr'>vobis,</span> <span class='ocrx_word' id='word_1_165' title='bbox 533 1305 749 1360; x_wconf 84' lang='lat' dir='ltr'>quoniam,</span> <span class='ocrx_word' id='word_1_166' title='bbox 772 1304 808 1346; x_wconf 84' lang='lat' dir='ltr'>si</span> <span class='ocrx_word' id='word_1_167' title='bbox 833 1304 924 1360; x_wconf 84' lang='lat' dir='ltr'>quis</span> <span class='ocrx_word' id='word_1_168' title='bbox 945 1317 1029 1346; x_wconf 86' lang='lat' dir='ltr'>non</span> <span class='ocrx_word' id='word_1_169' title='bbox 1050 1303 1142 1347; x_wconf 83' lang='lat' dir='ltr'>vult</span> <span class='ocrx_word' id='word_1_170' title='bbox 1167 1304 1348 1360; x_wconf 82' lang='lat' dir='ltr'>operari,</span> <span class='ocrx_word' id='word_1_171' title='bbox 1377 1317 1449 1347; x_wconf 83' lang='lat' dir='ltr'>nec</span> <span class='ocrx_word' id='word_1_172' title='bbox 1476 1301 1709 1346; x_wconf 84' lang='lat' dir='ltr'>manducet.</span> 
     </span>
    </p>

    <p class='ocr_par' dir='ltr' id='par_1_5' title="bbox 141 1366 2154 2362">
     <span class='ocr_line' id='line_1_18' title="bbox 235 1366 2107 1414; baseline -0.001 -2"><span class='ocrx_word' id='word_1_173' title='bbox 235 1369 325 1412; x_wconf 90' lang='lat' dir='ltr'>Sed</span> <span class='ocrx_word' id='word_1_174' title='bbox 350 1382 435 1413; x_wconf 89' lang='lat' dir='ltr'>nec</span> <span class='ocrx_word' id='word_1_175' title='bbox 458 1369 541 1413; x_wconf 90' lang='lat' dir='ltr'>iste</span> <span class='ocrx_word' id='word_1_176' title='bbox 558 1369 722 1414; x_wconf 90' lang='lat' dir='ltr'>modus</span> <span class='ocrx_word' id='word_1_177' title='bbox 739 1369 918 1413; x_wconf 89' lang='lat' dir='ltr'>vivendi</span> <span class='ocrx_word' id='word_1_178' title='bbox 941 1369 1117 1413; x_wconf 88' lang='lat' dir='ltr'>videtur</span> <span class='ocrx_word' id='word_1_179' title='bbox 1139 1382 1237 1413; x_wconf 88' lang='lat' dir='ltr'>esse</span> <span class='ocrx_word' id='word_1_180' title='bbox 1258 1369 1549 1412; x_wconf 90' lang='lat' dir='ltr'>conveniens.</span> <span class='ocrx_word' id='word_1_181' title='bbox 1567 1368 1719 1411; x_wconf 91' lang='lat' dir='ltr'>Labor</span> <span class='ocrx_word' id='word_1_182' title='bbox 1736 1367 1859 1412; x_wconf 90' lang='lat' dir='ltr'>enim</span> <span class='ocrx_word' id='word_1_183' title='bbox 1882 1366 2107 1411; x_wconf 87' lang='lat' dir='ltr'>manualis</span> 
     </span>
     <span class='ocr_line' id='line_1_19' title="bbox 142 1432 2106 1493; baseline -0.002 -13"><span class='ocrx_word' id='word_1_184' title='bbox 142 1436 427 1480; x_wconf 86' lang='lat' dir='ltr'>necessarius</span> <span class='ocrx_word' id='word_1_185' title='bbox 452 1446 519 1480; x_wconf 90' lang='lat' dir='ltr'>est</span> <span class='ocrx_word' id='word_1_186' title='bbox 546 1436 601 1479; x_wconf 90' lang='lat' dir='ltr'>ad</span> <span class='ocrx_word' id='word_1_187' title='bbox 627 1436 1002 1480; x_wconf 86' lang='lat' dir='ltr'>sustentationem</span> <span class='ocrx_word' id='word_1_188' title='bbox 1037 1436 1168 1488; x_wconf 89' lang='lat' dir='ltr'>vitae,</span> <span class='ocrx_word' id='word_1_189' title='bbox 1202 1435 1453 1480; x_wconf 89' lang='lat' dir='ltr'>secundum</span> <span class='ocrx_word' id='word_1_190' title='bbox 1487 1435 1610 1493; x_wconf 91' lang='lat' dir='ltr'>quod</span> <span class='ocrx_word' id='word_1_191' title='bbox 1641 1449 1722 1491; x_wconf 90' lang='lat' dir='ltr'>per</span> <span class='ocrx_word' id='word_1_192' title='bbox 1753 1434 1903 1493; x_wconf 90' lang='lat' dir='ltr'>ipsum</span> <span class='ocrx_word' id='word_1_193' title='bbox 1938 1432 2106 1492; x_wconf 91' lang='lat' dir='ltr'>aliquid</span> 
     </span>
     <span class='ocr_line' id='line_1_20' title="bbox 145 1501 2110 1562; baseline -0.002 -15"><span class='ocrx_word' id='word_1_194' title='bbox 145 1504 402 1562; x_wconf 89' lang='lat' dir='ltr'>acquiritur.</span> <span class='ocrx_word' id='word_1_195' title='bbox 430 1502 615 1547; x_wconf 90' lang='lat' dir='ltr'>Vanum</span> <span class='ocrx_word' id='word_1_196' title='bbox 643 1513 796 1547; x_wconf 91' lang='lat' dir='ltr'>autem</span> <span class='ocrx_word' id='word_1_197' title='bbox 829 1503 1005 1547; x_wconf 90' lang='lat' dir='ltr'>videtur</span> <span class='ocrx_word' id='word_1_198' title='bbox 1037 1503 1158 1562; x_wconf 92' lang='lat' dir='ltr'>quod</span> <span class='ocrx_word' id='word_1_199' title='bbox 1186 1503 1285 1561; x_wconf 91' lang='lat' dir='ltr'>quis</span> <span class='ocrx_word' id='word_1_200' title='bbox 1313 1502 1572 1560; x_wconf 89' lang='lat' dir='ltr'>relinquens</span> <span class='ocrx_word' id='word_1_201' title='bbox 1604 1501 1716 1545; x_wconf 88' lang='lat' dir='ltr'>illud</span> <span class='ocrx_word' id='word_1_202' title='bbox 1749 1501 1871 1560; x_wconf 88' lang='lat' dir='ltr'>quod</span> <span class='ocrx_word' id='word_1_203' title='bbox 1903 1514 2110 1545; x_wconf 89' lang='lat' dir='ltr'>necessa-</span> 
     </span>
     <span class='ocr_line' id='line_1_21' title="bbox 142 1565 2107 1628; baseline -0.002 -14"><span class='ocrx_word' id='word_1_204' title='bbox 142 1570 261 1614; x_wconf 89' lang='lat' dir='ltr'>rium</span> <span class='ocrx_word' id='word_1_205' title='bbox 288 1565 370 1623; x_wconf 83' lang='lat' dir='ltr'>est,</span> <span class='ocrx_word' id='word_1_206' title='bbox 394 1571 561 1614; x_wconf 89' lang='lat' dir='ltr'>iterum</span> <span class='ocrx_word' id='word_1_207' title='bbox 594 1571 829 1628; x_wconf 89' lang='lat' dir='ltr'>acquirere</span> <span class='ocrx_word' id='word_1_208' title='bbox 855 1569 1043 1614; x_wconf 90' lang='lat' dir='ltr'>laboret.</span> <span class='ocrx_word' id='word_1_209' title='bbox 1079 1569 1128 1613; x_wconf 92' lang='lat' dir='ltr'>Si</span> <span class='ocrx_word' id='word_1_210' title='bbox 1159 1569 1296 1627; x_wconf 88' lang='lat' dir='ltr'>igitur</span> <span class='ocrx_word' id='word_1_211' title='bbox 1326 1579 1430 1627; x_wconf 91' lang='lat' dir='ltr'>post</span> <span class='ocrx_word' id='word_1_212' title='bbox 1459 1567 1765 1612; x_wconf 89' lang='lat' dir='ltr'>voluntariam</span> <span class='ocrx_word' id='word_1_213' title='bbox 1793 1576 2107 1626; x_wconf 89' lang='lat' dir='ltr'>paupertatem</span> 
     </span>
     <span class='ocr_line' id='line_1_22' title="bbox 142 1634 2109 1694; baseline -0.002 -14"><span class='ocrx_word' id='word_1_214' title='bbox 142 1637 452 1681; x_wconf 85' lang='lat' dir='ltr'>necessarium</span> <span class='ocrx_word' id='word_1_215' title='bbox 478 1644 546 1680; x_wconf 68' lang='grc' dir='ltr'>εει</span> <span class='ocrx_word' id='word_1_216' title='bbox 569 1636 733 1680; x_wconf 89' lang='lat' dir='ltr'>iterum</span> <span class='ocrx_word' id='word_1_217' title='bbox 761 1636 994 1694; x_wconf 89' lang='lat' dir='ltr'>acquirere</span> <span class='ocrx_word' id='word_1_218' title='bbox 1028 1635 1146 1679; x_wconf 91' lang='lat' dir='ltr'>unde</span> <span class='ocrx_word' id='word_1_219' title='bbox 1180 1635 1342 1694; x_wconf 89' lang='lat' dir='ltr'>aliquis</span> <span class='ocrx_word' id='word_1_220' title='bbox 1374 1644 1650 1679; x_wconf 90' lang='lat' dir='ltr'>sustentetur</span> <span class='ocrx_word' id='word_1_221' title='bbox 1673 1647 1751 1693; x_wconf 90' lang='lat' dir='ltr'>per</span> <span class='ocrx_word' id='word_1_222' title='bbox 1778 1634 1984 1678; x_wconf 87' lang='lat' dir='ltr'>laborem</span> <span class='ocrx_word' id='word_1_223' title='bbox 2011 1647 2109 1678; x_wconf 92' lang='lat' dir='ltr'>ma-</span> 
     </span>
     <span class='ocr_line' id='line_1_23' title="bbox 142 1701 2108 1761; baseline -0.002 -13"><span class='ocrx_word' id='word_1_224' title='bbox 142 1702 343 1756; x_wconf 89' lang='lat' dir='ltr'>nualem,</span> <span class='ocrx_word' id='word_1_225' title='bbox 368 1717 539 1747; x_wconf 84' lang='lat' dir='ltr'>vanum</span> <span class='ocrx_word' id='word_1_226' title='bbox 564 1702 647 1747; x_wconf 89' lang='lat' dir='ltr'>fuit</span> <span class='ocrx_word' id='word_1_227' title='bbox 671 1702 751 1746; x_wconf 91' lang='lat' dir='ltr'>illa</span> <span class='ocrx_word' id='word_1_228' title='bbox 777 1702 1004 1748; x_wconf 89' lang='lat' dir='ltr'>dimittere</span> <span class='ocrx_word' id='word_1_229' title='bbox 1031 1703 1189 1746; x_wconf 88' lang='lat' dir='ltr'>omnia</span> <span class='ocrx_word' id='word_1_230' title='bbox 1225 1715 1341 1761; x_wconf 89' lang='lat' dir='ltr'>quae</span> <span class='ocrx_word' id='word_1_231' title='bbox 1373 1702 1473 1761; x_wconf 91' lang='lat' dir='ltr'>quis</span> <span class='ocrx_word' id='word_1_232' title='bbox 1505 1701 1702 1745; x_wconf 91' lang='lat' dir='ltr'>habebat</span> <span class='ocrx_word' id='word_1_233' title='bbox 1735 1701 1790 1745; x_wconf 92' lang='lat' dir='ltr'>ad</span> <span class='ocrx_word' id='word_1_234' title='bbox 1821 1701 2108 1745; x_wconf 90' lang='lat' dir='ltr'>sustentatio·</span> 
     </span>
     <span class='ocr_line' id='line_1_24' title="bbox 145 1771 1659 1815; baseline -0.002 -1"><span class='ocrx_word' id='word_1_235' title='bbox 145 1784 255 1815; x_wconf 87' lang='lat' dir='ltr'>nem</span> <span class='ocrx_word' id='word_1_236' title='bbox 278 1771 412 1815; x_wconf 83' lang='lat' dir='ltr'>vitae.</span> <span class='ocrx_word' id='word_1_237' title='bbox 1655 1808 1659 1811; x_wconf 22' lang='grc' dir='ltr'><strong><em>Δ</em></strong></span> 
     </span>
     <span class='ocr_line' id='line_1_25' title="bbox 149 1833 2107 1895; baseline -0.002 -14"><span class='ocrx_word' id='word_1_238' title='bbox 149 1863 152 1866; x_wconf 62' lang='grc'><strong><em>«</em></strong></span> <span class='ocrx_word' id='word_1_239' title='bbox 215 1836 421 1882; x_wconf 61' lang='grc' dir='ltr'>’Άάὶιυοε</span> <span class='ocrx_word' id='word_1_240' title='bbox 441 1836 699 1881; x_wconf 88' lang='lat' dir='ltr'>voluntaria</span> <span class='ocrx_word' id='word_1_241' title='bbox 725 1845 964 1895; x_wconf 85' lang='lat' dir='ltr'>paupertas</span> <span class='ocrx_word' id='word_1_242' title='bbox 997 1835 1052 1879; x_wconf 92' lang='lat' dir='ltr'>ad</span> <span class='ocrx_word' id='word_1_243' title='bbox 1087 1835 1177 1880; x_wconf 91' lang='lat' dir='ltr'>hoc</span> <span class='ocrx_word' id='word_1_244' title='bbox 1214 1835 1479 1889; x_wconf 87' lang='lat' dir='ltr'>consulitur,</span> <span class='ocrx_word' id='word_1_245' title='bbox 1505 1845 1554 1880; x_wconf 91' lang='lat' dir='ltr'>ut</span> <span class='ocrx_word' id='word_1_246' title='bbox 1579 1849 1660 1894; x_wconf 88' lang='lat' dir='ltr'>per</span> <span class='ocrx_word' id='word_1_247' title='bbox 1691 1849 1795 1879; x_wconf 90' lang='lat' dir='ltr'>eam</span> <span class='ocrx_word' id='word_1_248' title='bbox 1828 1833 1989 1893; x_wconf 88' lang='lat' dir='ltr'>aliquis</span> <span class='ocrx_word' id='word_1_249' title='bbox 2022 1833 2107 1878; x_wconf 91' lang='lat' dir='ltr'>dis-</span> 
     </span>
     <span class='ocr_line' id='line_1_26' title="bbox 143 1900 2108 1964; baseline -0.002 -16"><span class='ocrx_word' id='word_1_250' title='bbox 143 1913 339 1964; x_wconf 89' lang='lat' dir='ltr'>ponatur</span> <span class='ocrx_word' id='word_1_251' title='bbox 363 1903 420 1947; x_wconf 91' lang='lat' dir='ltr'>ad</span> <span class='ocrx_word' id='word_1_252' title='bbox 442 1903 691 1962; x_wconf 84' lang='lat' dir='ltr'>expeditius</span> <span class='ocrx_word' id='word_1_253' title='bbox 713 1903 997 1962; x_wconf 88' lang='lat' dir='ltr'>sequendum</span> <span class='ocrx_word' id='word_1_254' title='bbox 1026 1902 1278 1957; x_wconf 86' lang='lat' dir='ltr'>Christum,</span> <span class='ocrx_word' id='word_1_255' title='bbox 1300 1916 1380 1961; x_wconf 91' lang='lat' dir='ltr'>per</span> <span class='ocrx_word' id='word_1_256' title='bbox 1405 1903 1496 1946; x_wconf 93' lang='lat' dir='ltr'>hoc</span> <span class='ocrx_word' id='word_1_257' title='bbox 1524 1902 1646 1961; x_wconf 93' lang='lat' dir='ltr'>quod</span> <span class='ocrx_word' id='word_1_258' title='bbox 1674 1916 1700 1945; x_wconf 91' lang='lat' dir='ltr'>a</span> <span class='ocrx_word' id='word_1_259' title='bbox 1726 1900 2108 1946; x_wconf 87' lang='lat' dir='ltr'>sollicitudinibus</span> 
     </span>
     <span class='ocr_line' id='line_1_27' title="bbox 144 1967 2108 2028; baseline -0.002 -13"><span class='ocrx_word' id='word_1_260' title='bbox 144 1971 450 2015; x_wconf 83' lang='lat' dir='ltr'>saecularibus</span> <span class='ocrx_word' id='word_1_261' title='bbox 476 1971 703 2015; x_wconf 86' lang='lat' dir='ltr'>liberatur.</span> <span class='ocrx_word' id='word_1_262' title='bbox 726 1971 952 2028; x_wconf 88' lang='lat' dir='ltr'>Majorem</span> <span class='ocrx_word' id='word_1_263' title='bbox 971 1980 1125 2014; x_wconf 89' lang='lat' dir='ltr'>autem</span> <span class='ocrx_word' id='word_1_264' title='bbox 1146 1969 1503 2014; x_wconf 89' lang='lat' dir='ltr'>sollicitudinem</span> <span class='ocrx_word' id='word_1_265' title='bbox 1530 1970 1760 2028; x_wconf 89' lang='lat' dir='ltr'>requirere</span> <span class='ocrx_word' id='word_1_266' title='bbox 1786 1968 1964 2013; x_wconf 90' lang='lat' dir='ltr'>videtur</span> <span class='ocrx_word' id='word_1_267' title='bbox 1985 1967 2108 2026; x_wconf 92' lang='lat' dir='ltr'>quod</span> 
     </span>
     <span class='ocr_line' id='line_1_28' title="bbox 145 2035 2110 2096; baseline -0.002 -15"><span class='ocrx_word' id='word_1_268' title='bbox 145 2038 308 2096; x_wconf 91' lang='lat' dir='ltr'>aliquis</span> <span class='ocrx_word' id='word_1_269' title='bbox 340 2037 525 2096; x_wconf 90' lang='lat' dir='ltr'>proprio</span> <span class='ocrx_word' id='word_1_270' title='bbox 551 2037 707 2082; x_wconf 90' lang='lat' dir='ltr'>labore</span> <span class='ocrx_word' id='word_1_271' title='bbox 737 2037 909 2081; x_wconf 90' lang='lat' dir='ltr'>victum</span> <span class='ocrx_word' id='word_1_272' title='bbox 937 2037 1154 2096; x_wconf 88' lang='lat' dir='ltr'>acquirat,</span> <span class='ocrx_word' id='word_1_273' title='bbox 1181 2051 1319 2095; x_wconf 90' lang='lat' dir='ltr'>quam</span> <span class='ocrx_word' id='word_1_274' title='bbox 1352 2036 1474 2095; x_wconf 91' lang='lat' dir='ltr'>quod</span> <span class='ocrx_word' id='word_1_275' title='bbox 1506 2037 1577 2080; x_wconf 91' lang='lat' dir='ltr'>his</span> <span class='ocrx_word' id='word_1_276' title='bbox 1611 2050 1728 2095; x_wconf 88' lang='lat' dir='ltr'>quae</span> <span class='ocrx_word' id='word_1_277' title='bbox 1761 2035 1919 2079; x_wconf 89' lang='lat' dir='ltr'>habuit</span> <span class='ocrx_word' id='word_1_278' title='bbox 1959 2044 2110 2078; x_wconf 89' lang='lat' dir='ltr'>utatur</span> 
     </span>
     <span class='ocr_line' id='line_1_29' title="bbox 145 2103 2154 2162; baseline -0.002 -13"><span class='ocrx_word' id='word_1_279' title='bbox 145 2105 201 2149; x_wconf 86' lang='lat' dir='ltr'>ad</span> <span class='ocrx_word' id='word_1_280' title='bbox 218 2104 608 2149; x_wconf 74' lang='lat' dir='ltr'>&#39;sustentationem</span> <span class='ocrx_word' id='word_1_281' title='bbox 634 2105 768 2159; x_wconf 89' lang='lat' dir='ltr'>vitae,</span> <span class='ocrx_word' id='word_1_282' title='bbox 795 2114 839 2148; x_wconf 91' lang='lat' dir='ltr'>et</span> <span class='ocrx_word' id='word_1_283' title='bbox 863 2104 1106 2162; x_wconf 87' lang='lat' dir='ltr'>praecipue</span> <span class='ocrx_word' id='word_1_284' title='bbox 1132 2105 1168 2148; x_wconf 91' lang='lat' dir='ltr'>si</span> <span class='ocrx_word' id='word_1_285' title='bbox 1195 2103 1353 2148; x_wconf 91' lang='lat' dir='ltr'>habuit</span> <span class='ocrx_word' id='word_1_286' title='bbox 1378 2103 1692 2162; x_wconf 89' lang='lat' dir='ltr'>possessiones</span> <span class='ocrx_word' id='word_1_287' title='bbox 1725 2103 2000 2155; x_wconf 91' lang='lat' dir='ltr'>moderatas,</span> <span class='ocrx_word' id='word_1_288' title='bbox 2033 2111 2110 2145; x_wconf 91' lang='lat' dir='ltr'>aut</span> <span class='ocrx_word' id='word_1_289' title='bbox 2142 2138 2154 2152; x_wconf 73' lang='grc'><em>,</em></span> 
     </span>
     <span class='ocr_line' id='line_1_30' title="bbox 143 2163 2110 2230; baseline -0.001 -16"><span class='ocrx_word' id='word_1_290' title='bbox 143 2171 281 2215; x_wconf 86' lang='lat' dir='ltr'>etiam</span> <span class='ocrx_word' id='word_1_291' title='bbox 308 2171 461 2230; x_wconf 87' lang='lat' dir='ltr'>aliqua</span> <span class='ocrx_word' id='word_1_292' title='bbox 485 2171 674 2215; x_wconf 90' lang='lat' dir='ltr'>mobilia</span> <span class='ocrx_word' id='word_1_293' title='bbox 700 2185 753 2214; x_wconf 89' lang='lat' dir='ltr'>ex</span> <span class='ocrx_word' id='word_1_294' title='bbox 779 2171 940 2228; x_wconf 90' lang='lat' dir='ltr'>quibus</span> <span class='ocrx_word' id='word_1_295' title='bbox 963 2171 1010 2214; x_wconf 92' lang='lat' dir='ltr'>in</span> <span class='ocrx_word' id='word_1_296' title='bbox 1032 2181 1246 2228; x_wconf 89' lang='lat' dir='ltr'>promptu</span> <span class='ocrx_word' id='word_1_297' title='bbox 1264 2180 1360 2215; x_wconf 90' lang='lat' dir='ltr'>erat</span> <span class='ocrx_word' id='word_1_298' title='bbox 1378 2163 1425 2214; x_wconf 88' lang='lat' dir='ltr'>ut</span> <span class='ocrx_word' id='word_1_299' title='bbox 1450 2180 1650 2215; x_wconf 89' lang='lat' dir='ltr'>sumeret</span> <span class='ocrx_word' id='word_1_300' title='bbox 1666 2171 1812 2213; x_wconf 88' lang='lat' dir='ltr'>victus</span> <span class='ocrx_word' id='word_1_301' title='bbox 1838 2168 2110 2213; x_wconf 88' lang='lat' dir='ltr'>necessaria.</span> 
     </span>
     <span class='ocr_line' id='line_1_31' title="bbox 141 2236 2108 2296; baseline -0.002 -14"><span class='ocrx_word' id='word_1_302' title='bbox 141 2237 251 2284; x_wconf 86' lang='lat' dir='ltr'>Non</span> <span class='ocrx_word' id='word_1_303' title='bbox 274 2237 413 2296; x_wconf 89' lang='lat' dir='ltr'>igitur</span> <span class='ocrx_word' id='word_1_304' title='bbox 436 2238 590 2281; x_wconf 89' lang='lat' dir='ltr'>vivere</span> <span class='ocrx_word' id='word_1_305' title='bbox 617 2238 672 2281; x_wconf 95' lang='lat' dir='ltr'>de</span> <span class='ocrx_word' id='word_1_306' title='bbox 698 2237 929 2281; x_wconf 89' lang='lat' dir='ltr'>laboribus</span> <span class='ocrx_word' id='word_1_307' title='bbox 956 2251 1175 2281; x_wconf 89' lang='lat' dir='ltr'>manuum</span> <span class='ocrx_word' id='word_1_308' title='bbox 1211 2237 1389 2282; x_wconf 89' lang='lat' dir='ltr'>videtur</span> <span class='ocrx_word' id='word_1_309' title='bbox 1426 2251 1523 2282; x_wconf 89' lang='lat' dir='ltr'>esse</span> <span class='ocrx_word' id='word_1_310' title='bbox 1563 2238 1840 2281; x_wconf 89' lang='lat' dir='ltr'>conveniens</span> <span class='ocrx_word' id='word_1_311' title='bbox 1872 2236 2108 2294; x_wconf 90' lang='lat' dir='ltr'>proposito</span> 
     </span>
     <span class='ocr_line' id='line_1_32' title="bbox 144 2304 1167 2362; baseline -0.001 -13"><span class='ocrx_word' id='word_1_312' title='bbox 144 2305 476 2350; x_wconf 77' lang='lat' dir='ltr'>assumentium</span> <span class='ocrx_word' id='word_1_313' title='bbox 506 2304 813 2348; x_wconf 84' lang='lat' dir='ltr'>voluntariam</span> <span class='ocrx_word' id='word_1_314' title='bbox 839 2314 1167 2362; x_wconf 86' lang='lat' dir='ltr'>paupertatem.</span> 
     </span>
    </p>

    <p class='ocr_par' dir='ltr' id='par_1_6' title="bbox 143 2369 2113 2697">
     <span class='ocr_line' id='line_1_33' title="bbox 192 2369 2111 2430; baseline -0.001 -15"><span class='ocrx_word' id='word_1_315' title='bbox 192 2394 193 2397; x_wconf 60' lang='lat'><em>=</em></span> <span class='ocrx_word' id='word_1_316' title='bbox 233 2372 307 2416; x_wconf 87' lang='lat' dir='ltr'>Ad</span> <span class='ocrx_word' id='word_1_317' title='bbox 332 2372 423 2416; x_wconf 91' lang='lat' dir='ltr'>hoc</span> <span class='ocrx_word' id='word_1_318' title='bbox 448 2381 600 2429; x_wconf 84' lang='lat' dir='ltr'>autem</span> <span class='ocrx_word' id='word_1_319' title='bbox 624 2373 798 2416; x_wconf 90' lang='lat' dir='ltr'>accedit</span> <span class='ocrx_word' id='word_1_320' title='bbox 825 2373 947 2430; x_wconf 93' lang='lat' dir='ltr'>quod</span> <span class='ocrx_word' id='word_1_321' title='bbox 974 2372 1203 2416; x_wconf 90' lang='lat' dir='ltr'>Dominus</span> <span class='ocrx_word' id='word_1_322' title='bbox 1229 2370 1589 2416; x_wconf 89' lang='lat' dir='ltr'>sollicitudinem</span> <span class='ocrx_word' id='word_1_323' title='bbox 1614 2382 1903 2416; x_wconf 87' lang='lat' dir='ltr'>terrenorum</span> <span class='ocrx_word' id='word_1_324' title='bbox 1931 2384 1956 2414; x_wconf 92' lang='lat' dir='ltr'>a</span> <span class='ocrx_word' id='word_1_325' title='bbox 1983 2369 2111 2414; x_wconf 88' lang='lat' dir='ltr'>disci-</span> 
     </span>
     <span class='ocr_line' id='line_1_34' title="bbox 143 2437 2113 2497; baseline -0.001 -15"><span class='ocrx_word' id='word_1_326' title='bbox 143 2438 261 2497; x_wconf 89' lang='lat' dir='ltr'>pulis</span> <span class='ocrx_word' id='word_1_327' title='bbox 286 2452 546 2492; x_wconf 89' lang='lat' dir='ltr'>removens,</span> <span class='ocrx_word' id='word_1_328' title='bbox 572 2439 652 2483; x_wconf 88' lang='lat' dir='ltr'>sub</span> <span class='ocrx_word' id='word_1_329' title='bbox 679 2438 974 2483; x_wconf 87' lang='lat' dir='ltr'>similitudine</span> <span class='ocrx_word' id='word_1_330' title='bbox 999 2439 1241 2482; x_wconf 89' lang='lat' dir='ltr'>volucrum</span> <span class='ocrx_word' id='word_1_331' title='bbox 1269 2449 1314 2482; x_wconf 93' lang='lat' dir='ltr'>et</span> <span class='ocrx_word' id='word_1_332' title='bbox 1339 2438 1542 2482; x_wconf 91' lang='lat' dir='ltr'>liliorum</span> <span class='ocrx_word' id='word_1_333' title='bbox 1570 2438 1667 2497; x_wconf 89' lang='lat' dir='ltr'>agri</span> <span class='ocrx_word' id='word_1_334' title='bbox 1691 2439 1868 2482; x_wconf 89' lang='lat' dir='ltr'>videtur</span> <span class='ocrx_word' id='word_1_335' title='bbox 1895 2438 1960 2481; x_wconf 89' lang='lat' dir='ltr'>eis</span> <span class='ocrx_word' id='word_1_336' title='bbox 1987 2437 2113 2481; x_wconf 90' lang='lat' dir='ltr'>labo·</span> 
     </span>
     <span class='ocr_line' id='line_1_35' title="bbox 143 2504 2110 2563; baseline -0.001 -13"><span class='ocrx_word' id='word_1_337' title='bbox 143 2519 239 2550; x_wconf 86' lang='lat' dir='ltr'>rem</span> <span class='ocrx_word' id='word_1_338' title='bbox 273 2505 542 2551; x_wconf 85' lang='lat' dir='ltr'>interdicere</span> <span class='ocrx_word' id='word_1_339' title='bbox 574 2506 867 2560; x_wconf 91' lang='lat' dir='ltr'>manualem;</span> <span class='ocrx_word' id='word_1_340' title='bbox 900 2506 1009 2550; x_wconf 87' lang='lat' dir='ltr'>dicit</span> <span class='ocrx_word' id='word_1_341' title='bbox 1043 2506 1164 2550; x_wconf 90' lang='lat' dir='ltr'>enim</span> <span class='ocrx_word' id='word_1_342' title='bbox 1202 2506 1385 2563; x_wconf 89' lang='lat' dir='ltr'>(Matth.</span> <span class='ocrx_word' id='word_1_343' title='bbox 1419 2505 1497 2549; x_wconf 86' lang='lat' dir='ltr'>VI.</span> <span class='ocrx_word' id='word_1_344' title='bbox 1532 2504 1648 2563; x_wconf 83' lang='lat'>26.):</span> <span class='ocrx_word' id='word_1_345' title='bbox 1689 2506 1886 2563; x_wconf 81' lang='lat' dir='ltr'>Respicite</span> <span class='ocrx_word' id='word_1_346' title='bbox 1917 2504 2110 2549; x_wconf 86' lang='lat' dir='ltr'>volatilia</span> 
     </span>
     <span class='ocr_line' id='line_1_36' title="bbox 144 2571 2110 2631; baseline -0.002 -13"><span class='ocrx_word' id='word_1_347' title='bbox 144 2574 260 2626; x_wconf 73' lang='lat' dir='ltr'>coeli,</span> <span class='ocrx_word' id='word_1_348' title='bbox 291 2575 492 2631; x_wconf 81' lang='lat' dir='ltr'>quoniam</span> <span class='ocrx_word' id='word_1_349' title='bbox 523 2588 650 2631; x_wconf 86' lang='lat' dir='ltr'>neque</span> <span class='ocrx_word' id='word_1_350' title='bbox 681 2580 836 2627; x_wconf 86' lang='lat' dir='ltr'>serunt,</span> <span class='ocrx_word' id='word_1_351' title='bbox 869 2588 994 2631; x_wconf 84' lang='lat' dir='ltr'>neque</span> <span class='ocrx_word' id='word_1_352' title='bbox 1025 2579 1199 2624; x_wconf 84' lang='lat' dir='ltr'>metunt,</span> <span class='ocrx_word' id='word_1_353' title='bbox 1233 2587 1359 2631; x_wconf 85' lang='lat' dir='ltr'>neque</span> <span class='ocrx_word' id='word_1_354' title='bbox 1385 2579 1636 2630; x_wconf 79' lang='lat' dir='ltr'>congregant</span> <span class='ocrx_word' id='word_1_355' title='bbox 1665 2574 1710 2615; x_wconf 77' lang='lat' dir='ltr'>in</span> <span class='ocrx_word' id='word_1_356' title='bbox 1743 2572 1893 2616; x_wconf 85' lang='lat' dir='ltr'>horrea</span> <span class='ocrx_word' id='word_1_357' title='bbox 1902 2587 1918 2623; x_wconf 89' lang='lat'>,·</span> <span class='ocrx_word' id='word_1_358' title='bbox 1953 2581 1998 2615; x_wconf 91' lang='lat' dir='ltr'>et</span> <span class='ocrx_word' id='word_1_359' title='bbox 2028 2571 2110 2615; x_wconf 89' lang='lat' dir='ltr'>ite·</span> 
     </span>
     <span class='ocr_line' id='line_1_37' title="bbox 146 2639 2108 2697; baseline -0.002 -13"><span class='ocrx_word' id='word_1_360' title='bbox 146 2653 248 2684; x_wconf 87' lang='lat' dir='ltr'>rum</span> <span class='ocrx_word' id='word_1_361' title='bbox 274 2640 354 2695; x_wconf 89' lang='lat' dir='ltr'>(ib.</span> <span class='ocrx_word' id='word_1_362' title='bbox 382 2640 496 2696; x_wconf 83' lang='lat'><strong>28.):</strong></span> <span class='ocrx_word' id='word_1_363' title='bbox 525 2639 789 2684; x_wconf 82' lang='lat' dir='ltr'>Considerate</span> <span class='ocrx_word' id='word_1_364' title='bbox 810 2640 902 2684; x_wconf 83' lang='lat' dir='ltr'>lilia</span> <span class='ocrx_word' id='word_1_365' title='bbox 927 2641 1021 2697; x_wconf 81' lang='lat' dir='ltr'>agri</span> <span class='ocrx_word' id='word_1_366' title='bbox 1046 2639 1248 2697; x_wconf 86' lang='lat' dir='ltr'>quomodo</span> <span class='ocrx_word' id='word_1_367' title='bbox 1275 2645 1473 2692; x_wconf 84' lang='lat' dir='ltr'>crescunt,</span> <span class='ocrx_word' id='word_1_368' title='bbox 1501 2654 1584 2682; x_wconf 90' lang='lat' dir='ltr'>non</span> <span class='ocrx_word' id='word_1_369' title='bbox 1606 2639 1820 2692; x_wconf 86' lang='lat' dir='ltr'>laborant,</span> <span class='ocrx_word' id='word_1_370' title='bbox 1847 2653 1974 2696; x_wconf 84' lang='lat' dir='ltr'>neque</span> <span class='ocrx_word' id='word_1_371' title='bbox 1999 2643 2108 2682; x_wconf 82' lang='lat' dir='ltr'>nent.</span> 
     </span>
    </p>

    <p class='ocr_par' dir='ltr' id='par_1_7' title="bbox 145 2703 2112 3229">
     <span class='ocr_line' id='line_1_38' title="bbox 191 2703 2111 2763; baseline 0 -15"><span class='ocrx_word' id='word_1_372' title='bbox 191 2728 194 2733; x_wconf 71' lang='lat'>›</span> <span class='ocrx_word' id='word_1_373' title='bbox 234 2705 424 2750; x_wconf 88' lang='lat' dir='ltr'>Videtur</span> <span class='ocrx_word' id='word_1_374' title='bbox 450 2707 590 2750; x_wconf 88' lang='lat' dir='ltr'>etiam</span> <span class='ocrx_word' id='word_1_375' title='bbox 615 2706 690 2750; x_wconf 91' lang='lat' dir='ltr'>hic</span> <span class='ocrx_word' id='word_1_376' title='bbox 717 2706 881 2750; x_wconf 89' lang='lat' dir='ltr'>modus</span> <span class='ocrx_word' id='word_1_377' title='bbox 907 2706 1089 2749; x_wconf 89' lang='lat' dir='ltr'>vivendi</span> <span class='ocrx_word' id='word_1_378' title='bbox 1114 2704 1404 2750; x_wconf 89' lang='lat' dir='ltr'>insufficiens.</span> <span class='ocrx_word' id='word_1_379' title='bbox 1432 2706 1554 2749; x_wconf 90' lang='lat' dir='ltr'>Nam</span> <span class='ocrx_word' id='word_1_380' title='bbox 1586 2704 1718 2748; x_wconf 89' lang='lat' dir='ltr'>multi</span> <span class='ocrx_word' id='word_1_381' title='bbox 1744 2714 1848 2748; x_wconf 89' lang='lat' dir='ltr'>sunt</span> <span class='ocrx_word' id='word_1_382' title='bbox 1873 2703 2111 2763; x_wconf 82' lang='lat' dir='ltr'>perfectio-</span> 
     </span>
     <span class='ocr_line' id='line_1_39' title="bbox 145 2770 2107 2830; baseline 0 -15"><span class='ocrx_word' id='word_1_383' title='bbox 145 2785 252 2815; x_wconf 90' lang='lat' dir='ltr'>nem</span> <span class='ocrx_word' id='word_1_384' title='bbox 277 2773 397 2815; x_wconf 87' lang='lat' dir='ltr'>vitae</span> <span class='ocrx_word' id='word_1_385' title='bbox 423 2772 727 2816; x_wconf 84' lang='lat' dir='ltr'>desiderantes</span> <span class='ocrx_word' id='word_1_386' title='bbox 746 2773 905 2830; x_wconf 91' lang='lat' dir='ltr'>quibus</span> <span class='ocrx_word' id='word_1_387' title='bbox 921 2785 1015 2815; x_wconf 92' lang='lat' dir='ltr'>non</span> <span class='ocrx_word' id='word_1_388' title='bbox 1038 2772 1233 2830; x_wconf 90' lang='lat' dir='ltr'>suppetit</span> <span class='ocrx_word' id='word_1_389' title='bbox 1258 2771 1463 2825; x_wconf 89' lang='lat' dir='ltr'>facultas,</span> <span class='ocrx_word' id='word_1_390' title='bbox 1492 2781 1568 2815; x_wconf 90' lang='lat' dir='ltr'>aut</span> <span class='ocrx_word' id='word_1_391' title='bbox 1594 2785 1679 2825; x_wconf 90' lang='lat' dir='ltr'>ars,</span> <span class='ocrx_word' id='word_1_392' title='bbox 1697 2781 1745 2815; x_wconf 91' lang='lat' dir='ltr'>ut</span> <span class='ocrx_word' id='word_1_393' title='bbox 1761 2771 1934 2830; x_wconf 89' lang='lat' dir='ltr'>possint</span> <span class='ocrx_word' id='word_1_394' title='bbox 1949 2770 2107 2815; x_wconf 89' lang='lat' dir='ltr'>labore</span> 
     </span>
     <span class='ocr_line' id='line_1_40' title="bbox 147 2836 2108 2897; baseline -0.001 -14"><span class='ocrx_word' id='word_1_395' title='bbox 147 2852 368 2883; x_wconf 88' lang='lat' dir='ltr'>manuum</span> <span class='ocrx_word' id='word_1_396' title='bbox 392 2839 534 2882; x_wconf 88' lang='lat' dir='ltr'>vitam</span> <span class='ocrx_word' id='word_1_397' title='bbox 564 2839 829 2896; x_wconf 85' lang='lat' dir='ltr'>transigere,</span> <span class='ocrx_word' id='word_1_398' title='bbox 861 2839 967 2897; x_wconf 89' lang='lat' dir='ltr'>quia</span> <span class='ocrx_word' id='word_1_399' title='bbox 998 2852 1092 2882; x_wconf 91' lang='lat' dir='ltr'>non</span> <span class='ocrx_word' id='word_1_400' title='bbox 1129 2849 1233 2882; x_wconf 90' lang='lat' dir='ltr'>sunt</span> <span class='ocrx_word' id='word_1_401' title='bbox 1267 2837 1314 2881; x_wconf 91' lang='lat' dir='ltr'>in</span> <span class='ocrx_word' id='word_1_402' title='bbox 1352 2838 1422 2881; x_wconf 92' lang='lat' dir='ltr'>his</span> <span class='ocrx_word' id='word_1_403' title='bbox 1455 2837 1624 2890; x_wconf 90' lang='lat' dir='ltr'>nutriti,</span> <span class='ocrx_word' id='word_1_404' title='bbox 1661 2851 1746 2880; x_wconf 91' lang='lat' dir='ltr'>nec</span> <span class='ocrx_word' id='word_1_405' title='bbox 1777 2837 1997 2881; x_wconf 86' lang='lat' dir='ltr'>instructi.</span> <span class='ocrx_word' id='word_1_406' title='bbox 2032 2836 2108 2881; x_wconf 90' lang='lat' dir='ltr'>Sic</span> 
     </span>
     <span class='ocr_line' id='line_1_41' title="bbox 147 2903 2110 2962; baseline -0.001 -14"><span class='ocrx_word' id='word_1_407' title='bbox 147 2905 270 2949; x_wconf 90' lang='lat' dir='ltr'>enim</span> <span class='ocrx_word' id='word_1_408' title='bbox 295 2904 498 2949; x_wconf 88' lang='lat' dir='ltr'>melioris</span> <span class='ocrx_word' id='word_1_409' title='bbox 525 2906 797 2949; x_wconf 90' lang='lat' dir='ltr'>conditionis</span> <span class='ocrx_word' id='word_1_410' title='bbox 827 2914 976 2949; x_wconf 90' lang='lat' dir='ltr'>essent</span> <span class='ocrx_word' id='word_1_411' title='bbox 1008 2905 1063 2948; x_wconf 91' lang='lat' dir='ltr'>ad</span> <span class='ocrx_word' id='word_1_412' title='bbox 1090 2904 1418 2962; x_wconf 87' lang='lat' dir='ltr'>perfectionem</span> <span class='ocrx_word' id='word_1_413' title='bbox 1455 2905 1574 2948; x_wconf 89' lang='lat' dir='ltr'>vitae</span> <span class='ocrx_word' id='word_1_414' title='bbox 1602 2903 1928 2962; x_wconf 87' lang='lat' dir='ltr'>capessendam</span> <span class='ocrx_word' id='word_1_415' title='bbox 1954 2903 2110 2948; x_wconf 89' lang='lat' dir='ltr'>rustici</span> 
     </span>
     <span class='ocr_line' id='line_1_42' title="bbox 146 2970 2110 3030; baseline -0.001 -14"><span class='ocrx_word' id='word_1_416' title='bbox 146 2982 191 3016; x_wconf 86' lang='lat' dir='ltr'>et</span> <span class='ocrx_word' id='word_1_417' title='bbox 206 2971 410 3030; x_wconf 89' lang='lat' dir='ltr'>opifices,</span> <span class='ocrx_word' id='word_1_418' title='bbox 426 2986 565 3030; x_wconf 90' lang='lat' dir='ltr'>quam</span> <span class='ocrx_word' id='word_1_419' title='bbox 586 2972 661 3030; x_wconf 91' lang='lat' dir='ltr'>qui</span> <span class='ocrx_word' id='word_1_420' title='bbox 687 2972 933 3030; x_wconf 86' lang='lat' dir='ltr'>sapientiae</span> <span class='ocrx_word' id='word_1_421' title='bbox 957 2972 1106 3016; x_wconf 89' lang='lat' dir='ltr'>studio</span> <span class='ocrx_word' id='word_1_422' title='bbox 1132 2981 1422 3024; x_wconf 90' lang='lat' dir='ltr'>vacaverunt,</span> <span class='ocrx_word' id='word_1_423' title='bbox 1444 2981 1488 3015; x_wconf 92' lang='lat' dir='ltr'>et</span> <span class='ocrx_word' id='word_1_424' title='bbox 1513 2971 1559 3014; x_wconf 91' lang='lat' dir='ltr'>in</span> <span class='ocrx_word' id='word_1_425' title='bbox 1586 2971 1767 3024; x_wconf 87' lang='lat' dir='ltr'>divitiis,</span> <span class='ocrx_word' id='word_1_426' title='bbox 1790 2980 1834 3015; x_wconf 90' lang='lat' dir='ltr'>et</span> <span class='ocrx_word' id='word_1_427' title='bbox 1854 2971 1898 3014; x_wconf 90' lang='lat' dir='ltr'>in</span> <span class='ocrx_word' id='word_1_428' title='bbox 1922 2970 2110 3024; x_wconf 89' lang='lat' dir='ltr'>deliciis,</span> 
     </span>
     <span class='ocr_line' id='line_1_43' title="bbox 146 3036 2112 3097; baseline -0.001 -16"><span class='ocrx_word' id='word_1_429' title='bbox 146 3052 258 3097; x_wconf 90' lang='lat' dir='ltr'>quas</span> <span class='ocrx_word' id='word_1_430' title='bbox 279 3048 462 3097; x_wconf 91' lang='lat' dir='ltr'>propter</span> <span class='ocrx_word' id='word_1_431' title='bbox 488 3038 725 3083; x_wconf 90' lang='lat' dir='ltr'>Christum</span> <span class='ocrx_word' id='word_1_432' title='bbox 747 3038 974 3092; x_wconf 86' lang='lat' dir='ltr'>deserunt,</span> <span class='ocrx_word' id='word_1_433' title='bbox 1000 3048 1103 3082; x_wconf 90' lang='lat' dir='ltr'>sunt</span> <span class='ocrx_word' id='word_1_434' title='bbox 1129 3037 1297 3081; x_wconf 88' lang='lat' dir='ltr'>nutriti.</span> <span class='ocrx_word' id='word_1_435' title='bbox 1326 3037 1567 3095; x_wconf 89' lang='lat' dir='ltr'>Contingit</span> <span class='ocrx_word' id='word_1_436' title='bbox 1593 3036 1731 3080; x_wconf 89' lang='lat' dir='ltr'>etiam</span> <span class='ocrx_word' id='word_1_437' title='bbox 1753 3036 1930 3095; x_wconf 90' lang='lat' dir='ltr'>aliquos</span> <span class='ocrx_word' id='word_1_438' title='bbox 1952 3036 2112 3080; x_wconf 87' lang='lat' dir='ltr'>volun-</span> 
     </span>
     <span class='ocr_line' id='line_1_44' title="bbox 145 3103 2112 3164; baseline -0.001 -16"><span class='ocrx_word' id='word_1_439' title='bbox 145 3105 309 3149; x_wconf 88' lang='lat' dir='ltr'>tariam</span> <span class='ocrx_word' id='word_1_440' title='bbox 334 3114 647 3164; x_wconf 88' lang='lat' dir='ltr'>paupertatem</span> <span class='ocrx_word' id='word_1_441' title='bbox 680 3115 959 3149; x_wconf 87' lang='lat' dir='ltr'>assumentes</span> <span class='ocrx_word' id='word_1_442' title='bbox 986 3104 1220 3157; x_wconf 87' lang='lat' dir='ltr'>infirmari,</span> <span class='ocrx_word' id='word_1_443' title='bbox 1248 3113 1326 3147; x_wconf 92' lang='lat' dir='ltr'>aut</span> <span class='ocrx_word' id='word_1_444' title='bbox 1356 3103 1467 3147; x_wconf 85' lang='lat' dir='ltr'>alias</span> <span class='ocrx_word' id='word_1_445' title='bbox 1498 3103 1707 3161; x_wconf 88' lang='lat' dir='ltr'>impediri</span> <span class='ocrx_word' id='word_1_446' title='bbox 1733 3103 1979 3162; x_wconf 89' lang='lat' dir='ltr'>quominus</span> <span class='ocrx_word' id='word_1_447' title='bbox 2006 3116 2112 3162; x_wconf 91' lang='lat' dir='ltr'>ope-</span> 
     </span>
     <span class='ocr_line' id='line_1_45' title="bbox 147 3170 1686 3229; baseline -0.002 -14"><span class='ocrx_word' id='word_1_448' title='bbox 147 3172 236 3216; x_wconf 89' lang='lat' dir='ltr'>rari</span> <span class='ocrx_word' id='word_1_449' title='bbox 257 3173 445 3229; x_wconf 87' lang='lat' dir='ltr'>possint.</span> <span class='ocrx_word' id='word_1_450' title='bbox 473 3171 550 3215; x_wconf 89' lang='lat' dir='ltr'>Sic</span> <span class='ocrx_word' id='word_1_451' title='bbox 573 3185 684 3229; x_wconf 86' lang='lat' dir='ltr'>ergo</span> <span class='ocrx_word' id='word_1_452' title='bbox 715 3181 1003 3216; x_wconf 90' lang='lat' dir='ltr'>remanerent</span> <span class='ocrx_word' id='word_1_453' title='bbox 1034 3171 1233 3215; x_wconf 91' lang='lat' dir='ltr'>destituti</span> <span class='ocrx_word' id='word_1_454' title='bbox 1259 3170 1526 3214; x_wconf 88' lang='lat' dir='ltr'>necessariis</span> <span class='ocrx_word' id='word_1_455' title='bbox 1551 3171 1686 3214; x_wconf 90' lang='lat' dir='ltr'>vitae.</span> 
     </span>
    </p>

    <p class='ocr_par' dir='ltr' id='par_1_8' title="bbox 144 3235 2111 3631">
     <span class='ocr_line' id='line_1_46' title="bbox 233 3235 2104 3296; baseline 0.001 -15"><span class='ocrx_word' id='word_1_456' title='bbox 233 3238 377 3282; x_wconf 86' lang='lat' dir='ltr'>Item:</span> <span class='ocrx_word' id='word_1_457' title='bbox 404 3251 497 3282; x_wconf 91' lang='lat' dir='ltr'>non</span> <span class='ocrx_word' id='word_1_458' title='bbox 531 3237 702 3282; x_wconf 88' lang='lat' dir='ltr'>modici</span> <span class='ocrx_word' id='word_1_459' title='bbox 723 3238 943 3296; x_wconf 89' lang='lat' dir='ltr'>temporis</span> <span class='ocrx_word' id='word_1_460' title='bbox 968 3237 1098 3281; x_wconf 92' lang='lat' dir='ltr'>labor</span> <span class='ocrx_word' id='word_1_461' title='bbox 1124 3235 1288 3281; x_wconf 87' lang='lat' dir='ltr'>sufficit</span> <span class='ocrx_word' id='word_1_462' title='bbox 1315 3237 1370 3280; x_wconf 94' lang='lat' dir='ltr'>ad</span> <span class='ocrx_word' id='word_1_463' title='bbox 1399 3236 1654 3280; x_wconf 89' lang='lat' dir='ltr'>necessaria</span> <span class='ocrx_word' id='word_1_464' title='bbox 1676 3236 1795 3280; x_wconf 87' lang='lat' dir='ltr'>vitae</span> <span class='ocrx_word' id='word_1_465' title='bbox 1823 3237 2104 3295; x_wconf 89' lang='lat' dir='ltr'>quaerenda:</span> 
     </span>
     <span class='ocr_line' id='line_1_47' title="bbox 147 3303 2108 3364; baseline -0.001 -16"><span class='ocrx_word' id='word_1_466' title='bbox 147 3305 268 3363; x_wconf 91' lang='lat' dir='ltr'>quod</span> <span class='ocrx_word' id='word_1_467' title='bbox 296 3314 419 3363; x_wconf 90' lang='lat' dir='ltr'>patet</span> <span class='ocrx_word' id='word_1_468' title='bbox 444 3305 490 3347; x_wconf 90' lang='lat' dir='ltr'>in</span> <span class='ocrx_word' id='word_1_469' title='bbox 523 3303 677 3349; x_wconf 86' lang='lat' dir='ltr'>multis</span> <span class='ocrx_word' id='word_1_470' title='bbox 708 3304 785 3364; x_wconf 91' lang='lat' dir='ltr'>qui</span> <span class='ocrx_word' id='word_1_471' title='bbox 809 3314 958 3349; x_wconf 90' lang='lat' dir='ltr'>totum</span> <span class='ocrx_word' id='word_1_472' title='bbox 983 3313 1163 3361; x_wconf 90' lang='lat' dir='ltr'>tempus</span> <span class='ocrx_word' id='word_1_473' title='bbox 1190 3304 1246 3347; x_wconf 89' lang='lat' dir='ltr'>ad</span> <span class='ocrx_word' id='word_1_474' title='bbox 1272 3304 1362 3347; x_wconf 93' lang='lat' dir='ltr'>hoc</span> <span class='ocrx_word' id='word_1_475' title='bbox 1395 3303 1666 3362; x_wconf 87' lang='lat' dir='ltr'>expendunt,</span> <span class='ocrx_word' id='word_1_476' title='bbox 1697 3303 1773 3346; x_wconf 86' lang='lat' dir='ltr'>vix</span> <span class='ocrx_word' id='word_1_477' title='bbox 1803 3313 1959 3347; x_wconf 90' lang='lat' dir='ltr'>tamen</span> <span class='ocrx_word' id='word_1_478' title='bbox 1985 3303 2108 3347; x_wconf 89' lang='lat' dir='ltr'>suffi-</span> 
     </span>
     <span class='ocr_line' id='line_1_48' title="bbox 147 3368 2111 3429; baseline 0 -14"><span class='ocrx_word' id='word_1_479' title='bbox 147 3372 342 3416; x_wconf 89' lang='lat' dir='ltr'>cientem</span> <span class='ocrx_word' id='word_1_480' title='bbox 370 3372 744 3415; x_wconf 84' lang='lat' dir='ltr'>sustentationem</span> <span class='ocrx_word' id='word_1_481' title='bbox 779 3371 1012 3429; x_wconf 91' lang='lat' dir='ltr'>acquirere</span> <span class='ocrx_word' id='word_1_482' title='bbox 1037 3380 1240 3429; x_wconf 88' lang='lat' dir='ltr'>possunt.</span> <span class='ocrx_word' id='word_1_483' title='bbox 1274 3369 1324 3414; x_wconf 91' lang='lat' dir='ltr'>Si</span> <span class='ocrx_word' id='word_1_484' title='bbox 1356 3379 1510 3414; x_wconf 90' lang='lat' dir='ltr'>autem</span> <span class='ocrx_word' id='word_1_485' title='bbox 1542 3368 1846 3414; x_wconf 90' lang='lat' dir='ltr'>voluntariam</span> <span class='ocrx_word' id='word_1_486' title='bbox 1878 3380 2111 3428; x_wconf 87' lang='lat' dir='ltr'>pauperta-</span> 
     </span>
     <span class='ocr_line' id='line_1_49' title="bbox 144 3437 2109 3496; baseline -0.001 -14"><span class='ocrx_word' id='word_1_487' title='bbox 144 3447 238 3482; x_wconf 88' lang='lat' dir='ltr'>tem</span> <span class='ocrx_word' id='word_1_488' title='bbox 264 3448 488 3483; x_wconf 88' lang='lat' dir='ltr'>sectantes</span> <span class='ocrx_word' id='word_1_489' title='bbox 515 3447 745 3496; x_wconf 86' lang='lat' dir='ltr'>oporteret</span> <span class='ocrx_word' id='word_1_490' title='bbox 775 3437 931 3482; x_wconf 87' lang='lat' dir='ltr'>labore</span> <span class='ocrx_word' id='word_1_491' title='bbox 964 3437 1166 3481; x_wconf 89' lang='lat' dir='ltr'>manuali</span> <span class='ocrx_word' id='word_1_492' title='bbox 1198 3437 1370 3480; x_wconf 88' lang='lat' dir='ltr'>victum</span> <span class='ocrx_word' id='word_1_493' title='bbox 1409 3437 1654 3495; x_wconf 88' lang='lat' dir='ltr'>acquirere,</span> <span class='ocrx_word' id='word_1_494' title='bbox 1687 3446 1950 3495; x_wconf 89' lang='lat' dir='ltr'>sequeretur</span> <span class='ocrx_word' id='word_1_495' title='bbox 1986 3437 2109 3496; x_wconf 91' lang='lat' dir='ltr'>quod</span> 
     </span>
     <span class='ocr_line' id='line_1_50' title="bbox 147 3503 2109 3563; baseline -0.002 -14"><span class='ocrx_word' id='word_1_496' title='bbox 147 3505 269 3549; x_wconf 88' lang='lat' dir='ltr'>circa</span> <span class='ocrx_word' id='word_1_497' title='bbox 292 3505 560 3563; x_wconf 86' lang='lat' dir='ltr'>hujusmodi</span> <span class='ocrx_word' id='word_1_498' title='bbox 582 3503 790 3549; x_wconf 84' lang='lat' dir='ltr'>laborem</span> <span class='ocrx_word' id='word_1_499' title='bbox 811 3506 960 3563; x_wconf 88' lang='lat' dir='ltr'>majus</span> <span class='ocrx_word' id='word_1_500' title='bbox 985 3515 1164 3563; x_wconf 89' lang='lat' dir='ltr'>tempus</span> <span class='ocrx_word' id='word_1_501' title='bbox 1186 3518 1295 3548; x_wconf 88' lang='lat' dir='ltr'>suae</span> <span class='ocrx_word' id='word_1_502' title='bbox 1322 3503 1440 3547; x_wconf 89' lang='lat' dir='ltr'>vitae</span> <span class='ocrx_word' id='word_1_503' title='bbox 1467 3512 1803 3556; x_wconf 89' lang='lat' dir='ltr'>consumerent,</span> <span class='ocrx_word' id='word_1_504' title='bbox 1830 3511 1875 3547; x_wconf 91' lang='lat' dir='ltr'>et</span> <span class='ocrx_word' id='word_1_505' title='bbox 1900 3516 1980 3562; x_wconf 86' lang='lat' dir='ltr'>per</span> <span class='ocrx_word' id='word_1_506' title='bbox 2002 3516 2109 3547; x_wconf 90' lang='lat' dir='ltr'>con-</span> 
     </span>
     <span class='ocr_line' id='line_1_51' title="bbox 147 3568 2110 3631; baseline -0.002 -15"><span class='ocrx_word' id='word_1_507' title='bbox 147 3568 341 3631; x_wconf 82' lang='lat' dir='ltr'>sequens</span> <span class='ocrx_word' id='word_1_508' title='bbox 365 3571 692 3630; x_wconf 89' lang='lat' dir='ltr'>impedirentur</span> <span class='ocrx_word' id='word_1_509' title='bbox 719 3571 773 3615; x_wconf 90' lang='lat' dir='ltr'>ab</span> <span class='ocrx_word' id='word_1_510' title='bbox 800 3569 899 3616; x_wconf 85' lang='lat' dir='ltr'>aliis</span> <span class='ocrx_word' id='word_1_511' title='bbox 924 3571 1071 3629; x_wconf 84' lang='lat' dir='ltr'>magis</span> <span class='ocrx_word' id='word_1_512' title='bbox 1103 3570 1371 3615; x_wconf 89' lang='lat' dir='ltr'>necessariis</span> <span class='ocrx_word' id='word_1_513' title='bbox 1404 3570 1673 3623; x_wconf 91' lang='lat' dir='ltr'>actionibus,</span> <span class='ocrx_word' id='word_1_514' title='bbox 1706 3583 1821 3628; x_wconf 88' lang='lat' dir='ltr'>quae</span> <span class='ocrx_word' id='word_1_515' title='bbox 1854 3571 1992 3614; x_wconf 88' lang='lat' dir='ltr'>etiam</span> <span class='ocrx_word' id='word_1_516' title='bbox 2018 3583 2110 3614; x_wconf 90' lang='lat' dir='ltr'>ma-</span> 
     </span>
    </p>
   </div>
  </div>
 </body>
</html>
