2332 3854
287 185 395 239 394
912 185 1067 224 LIBER
1105 185 1181 223 111.
1224 185 1344 224 CAP.
1383 185 1569 224 Lxxw.

282 285 358 328 vel
382 283 577 329 fortuna.
603 285 711 330 Non
743 295 812 330 est
834 286 971 344 igitur
998 295 1156 329 contra
1173 285 1400 330 rationem
1416 285 1742 344 providentiae,
1768 301 1884 347 quae
1906 286 2234 384 perfectionem

282 365 434 396 rerum
467 362 720 405 conservat,
747 362 796 395 ut
822 352 972 410 aliqua
997 351 1109 395 fiant
1135 365 1160 394 a
1187 365 1295 396 casu
1320 351 1392 395 vel
1418 351 1612 398 fortuna.

371 419 631 463 Praeterea:
662 418 717 462 ad
745 418 954 461 ordinem
977 418 1158 462 divinae
1184 417 1495 476 providentiae
1518 421 1714 476 pertinet
1730 430 1779 464 ut
1794 420 1850 464 sit
1868 420 1981 464 ordo
2004 430 2050 465 et
2069 407 2234 479 gradus

282 485 329 528 in
356 486 517 529 causis.
538 486 725 537 Quanto
755 494 907 528 autem
935 484 1086 542 aliqua
1109 499 1245 529 causa
1272 495 1338 529 est
1359 486 1564 544 superior
1585 497 1788 541 causam,
1809 497 1936 531 tanto
1960 497 2028 532 est
2049 487 2234 546 majoris

282 553 471 605 virtutis,
499 552 617 595 unde
650 553 745 608 ejus
774 550 1013 594 causalitas
1042 551 1097 594 ad
1119 550 1249 610 plura
1271 565 1318 596 se
1346 552 1557 596 extendit.
1585 553 1764 597 Nullius
1792 563 1944 598 autem
1977 567 2141 599 causae
2161 567 2237 598 na-

282 618 439 662 turalis
464 619 656 661 intentio
685 631 732 661 se
760 617 959 661 extendit
984 616 1101 661 ultra
1126 618 1339 662 virtutem
1371 619 1490 676 ejus:
1518 630 1636 663 esset
1667 620 1791 663 enim
1821 618 2000 664 frustra.
2034 620 2231 679 Oportet

283 699 410 742 ergo,
437 684 559 743 quod
590 684 782 727 intentio
802 697 966 728 causae
991 684 1274 743 particularis
1300 697 1394 729 non
1420 699 1468 729 se
1496 686 1704 729 extendat
1732 685 1788 729 ad
1815 686 1971 739 omnia
1992 699 2109 745 quae
2129 698 2237 731 con-

280 751 453 808 tingere
480 759 681 808 possunt.
710 750 775 792 Ex
791 750 881 793 hoc
910 760 1063 794 autem
1090 751 1314 810 contingit
1339 751 1522 810 aliquod
1551 751 1731 796 casuale
1757 751 1832 796 vel
1855 750 2108 808 fortuitum,
2130 754 2235 812 quia

282 817 495 860 eveniunt
521 815 670 874 aliqua
705 826 882 875 praeter
907 817 1211 863 intentionem
1243 818 1490 876 agentium.
1530 818 1660 863 Ordo
1695 819 1832 877 igitur
1870 819 2048 864 divinae
2084 819 2234 878 provi-

279 883 457 926 dentiae
484 883 626 940 exigit
652 883 774 941 quod
801 883 858 927 sit
884 898 1015 928 casus
1042 894 1086 928 et
1117 885 1299 929 fortuna
1323 885 1371 928 in
1396 885 1542 929 rebus.

369 949 486 993 Hinc
514 959 581 993 est
607 949 730 1007 quod
757 949 918 994 dicitur
943 948 1105 1008 (Eccli.
1132 951 1210 995 IX.
1242 950 1352 1008 11.):
1390 950 1485 995 Vidi
1505 966 1576 996 nec
1594 952 1798 996 velocium
1829 966 1906 997 esse
1931 967 2114 1008 cursum,
2132 962 2233 1007 etc„

277 1015 343 1060 sed
364 1022 519 1074 tempus
544 1029 764 1075 casumque
785 1018 830 1061 in
852 1018 1056 1071 omnibus,
1084 1017 1258 1062 scilicet
1287 1016 1588 1062 inferioribus.

999 1191 1253 1249 CAPUT
1295 1193 1520 1248 LXXV.

365 1328 525 1374 QUOD
567 1326 944 1367 PROVIDENTIA
983 1328 1078 1366 DEI
1120 1328 1206 1366 SIT
1247 1327 1622 1367 SINGULARIUM
1662 1310 2149 1386 CONTINGENTIUM.

871 1429 931 1487 (I.
951 1436 1070 1489 part.
1104 1435 1255 1489 quaest.
1283 1429 1423 1474 XXII.
1450 1435 1532 1474 art.
1560 1429 1635 1487 1.).
1906 1417 1913 1424 ’

366 1540 431 1584 Ex
456 1540 527 1584 his
554 1550 708 1585 autem
733 1554 850 1599 quae
877 1550 1061 1585 ostensa
1087 1550 1204 1595 sunt,
1227 1540 1520 1585 manifestum
1546 1540 1596 1584 fit
1620 1539 1744 1602 quod
1769 1539 1923 1584 divina
1946 1538 2232 1599 providentia

278 1608 492 1666 provenit
534 1621 678 1666 usque
715 1608 770 1651 ad
817 1607 1064 1666 singularia
1100 1608 1429 1667 generabilium
1466 1618 1510 1652 et
1554 1606 1929 1666 corruptibilium.
1962 1606 2078 1653 Non.
2106 1606 2231 1653 enim

276 1674 453 1718 videtur
477 1674 646 1718 horum
671 1689 766 1719 non
793 1688 891 1719 esse
916 1675 1251 1733 providentiam
1276 1674 1364 1719 nisi
1388 1684 1572 1732 propter
1597 1687 1758 1718 eorum
1785 1672 2163 1733 contingentiam,
2179 1681 2226 1717 et

277 1740 384 1798 quia
410 1740 553 1784 multa
578 1741 625 1784 in
652 1741 717 1785 eis
744 1741 984 1786 casualiter
1006 1750 1049 1785 et
1074 1740 1261 1785 fortuito
1285 1740 1513 1785 eveniunt.
1532 1741 1584 1783 In
1605 1741 1695 1784 hoc
1713 1741 1836 1783 enim
1853 1738 2005 1795 solum
2020 1733 2233 1788 differunt

279 1807 332 1851 ab
360 1807 775 1866 incorruptibilibus
808 1817 852 1852 et
882 1807 1209 1852 universalibus
1243 1806 1619 1865 corruptibilium,
1654 1820 1851 1865 quorum
1891 1805 2048 1851 dicunt
2082 1804 2233 1865 provi-

277 1873 477 1918 dentiam
506 1888 618 1918 esse.
642 1874 961 1918 Providentiae
988 1885 1141 1919 autem
1162 1889 1258 1918 non
1274 1883 1497 1932 repugnat
1515 1873 1841 1931 contingentia,
1858 1880 1904 1917 et
1919 1885 2066 1926 casus,
2080 1881 2128 1917 et
2145 1868 2236 1917 for-

275 1948 398 1994 tuna,
425 1954 573 1999 neque
599 1939 924 1995 voluntarium,
950 1951 999 1985 ut
1024 1951 1260 1985 ostensum
1286 1950 1366 1984 est.
1392 1939 1522 1983 Nihil
1546 1939 1682 1998 igitur
1707 1938 1920 1998 prohibet
1938 1938 2107 1986 horum
2131 1952 2233 1999 pro-

274 2007 522 2050 videntiam
550 2020 662 2060 esse,
695 2007 811 2051 sicut
834 2007 1245 2066 incorruptibilium
1273 2017 1317 2051 et
1347 2005 1691 2050 universalium.

363 2073 550 2117 Adhuc:
585 2073 623 2117 si
648 2074 774 2117 Deus
805 2073 975 2117 horum
1012 2073 1312 2133 singularium
1343 2073 1675 2132 providentiam
1712 2085 1807 2116 non
1841 2071 1993 2124 habet,
2028 2049 2110 2116 aut
2122 2067 2230 2116 hoc

276 2149 344 2183 est
375 2140 479 2198 quia
506 2154 600 2184 non
627 2141 868 2198 cognoscit
899 2155 967 2195 ea,
996 2151 1072 2185 aut
1097 2141 1203 2200 quia
1234 2155 1327 2184 non
1368 2149 1531 2199 potest,
1570 2149 1648 2183 aut
1681 2139 1786 2197 quia
1822 2151 1918 2183 non
1942 2137 2041 2183 vult
2074 2152 2229 2183 rerum

274 2220 431 2250 curam
457 2207 639 2251 habere.
667 2207 774 2251 Non
802 2217 956 2251 autem
982 2216 1130 2266 potest
1157 2207 1247 2252 dici
1273 2206 1395 2266 quod
1417 2207 1543 2250 Deus
1566 2204 1814 2264 singularia
1839 2218 1934 2251 non
1961 2215 2226 2264 cognoscat.

274 2272 525 2317 Ostensum
553 2273 677 2318 enim
704 2283 771 2317 est
796 2288 930 2332 supra
957 2274 1076 2331 (Lib.
1103 2274 1136 2317 I.
1166 2288 1204 2317 c.
1232 2272 1325 2331 65.)
1354 2271 1476 2331 quod
1501 2272 1628 2316 Deus
1655 2285 1817 2316 eorum
1840 2270 2054 2316 notitiam
2073 2267 2227 2316 habet.

272 2339 370 2383 Nec
403 2340 541 2383 etiam
566 2350 717 2399 potest
742 2339 832 2383 dici
857 2341 980 2399 quod
1002 2341 1130 2384 Deus
1153 2354 1315 2384 eorum
1342 2353 1499 2383 curam
1524 2339 1694 2383 habere
1715 2351 1811 2382 non
1828 2337 2112 2398 possin-cum
2134 2339 2230 2396 ejus

272 2406 474 2464 potentia
499 2406 557 2450 sit
576 2406 765 2459 infinita,
792 2416 842 2450 ut
866 2421 1001 2465 supra
1026 2408 1270 2465 probatum
1297 2415 1365 2450 est
1390 2405 1510 2464 (Lib.
1537 2405 1592 2447 II.
1621 2419 1659 2447 c.
1688 2403 1797 2460 22.).
1823 2403 1921 2448 Nec
1949 2404 2089 2448 etiam
2109 2403 2227 2448 haec

271 2472 518 2531 singularia
543 2473 883 2531 gubernationis
914 2487 1009 2517 non
1043 2474 1229 2532 capacia
1255 2482 1372 2528 sunt,
1400 2486 1506 2516 cum
1531 2471 1769 2515 videamus
1802 2484 1856 2514 ea
1889 2470 2133 2529 gubernari
2163 2485 2230 2515 ra·

270 2539 408 2583 tionis
434 2540 665 2594 industria,
693 2540 808 2584 sicut
829 2550 953 2598 patet
977 2541 1023 2584 in
1049 2540 1327 2593 hominibus,
1357 2549 1400 2583 et
1425 2553 1504 2598 per
1525 2538 1782 2582 naturalem
1809 2537 2088 2592 instinctum,
2112 2537 2230 2584 sicut

271 2616 394 2663 patet
415 2606 462 2649 in
489 2606 660 2664 apibus,
689 2617 732 2651 et
757 2606 912 2650 multis
941 2606 1211 2651 animalibus
1236 2606 1394 2659 brutis,
1421 2619 1537 2664 quae
1561 2604 1763 2663 quodam
1788 2604 1985 2648 naturali
2008 2604 2226 2649 instinctu

272 2673 598 2731 gubernantur;
625 2687 773 2732 neque
801 2674 939 2716 etiam
958 2674 1047 2716 dici
1068 2682 1216 2732 potest
1235 2673 1356 2731 quod
1374 2673 1500 2716 Deus
1527 2685 1621 2715 non
1637 2670 1747 2715 velit
1764 2684 1818 2714 ea
1835 2670 2103 2728 gubernare,
2122 2685 2228 2716 cum

270 2739 518 2784 voluntas'
507 2742 646 2798 ipsius
677 2740 734 2784 sit
758 2740 1073 2784 universaliter
1100 2740 1248 2783 omnis
1275 2739 1398 2782 boni.
1427 2739 1608 2782 Bonum
1634 2748 1787 2782 autem
1815 2751 1977 2782 eorum
2002 2751 2119 2797 quae
2151 2751 2230 2796 gu-

270 2807 549 2851 bernantur
539 2822 585 2851 in
627 2809 784 2851 ordine
818 2808 1156 2875 gubernationis
1189 2807 1388 2851 maxime
1423 2805 1641 2850 consistit.
1668 2805 1775 2850 Non
1800 2805 1937 2863 igitur
1962 2814 2113 2865 potest
2138 2804 2228 2849 dici
2298 2791 2323 2853 .‘

270 2874 392 2932 quod
417 2873 542 2918 Deus
570 2874 736 2918 horum
763 2869 1062 2932 singularium
1086 2888 1242 2917 curam
1269 2887 1363 2916 non
1389 2873 1570 2918 habeat.

358 2940 592 2998 Amplius:
620 2955 781 2985 omnes
810 2955 972 2985 causae
999 2940 1274 2994 secundae‚'
1263 2955 1310 2983 m
1327 2940 1416 2984 hoc
1439 2940 1562 2998 quod
1587 2951 1751 2983 causae
1769 2937 2004 2992 exsistunt,
2026 2937 2226 2983 divinam
2302 2950 2332 2986 :a

270 3006 612 3051 similitudinem
639 3017 994 3066 consequuntur,
1021 3017 1070 3051 ut
1106 3021 1160 3051 ex
1193 3006 1461 3065 supradictis
1494 3007 1562 3063 (c.
1594 3006 1687 3062 21.)
1720 3013 1856 3063 patet.
1890 3004 2123 3049 Invenitur
2149 3018 2229 3050 au·

267 3082 362 3117 tem
387 3074 476 3117 hoc
511 3074 816 3118 communiter
847 3074 893 3117 in
929 3073 1076 3117 causis
1111 3072 1463 3132 producentibus
1499 3071 1685 3130 aliquid,
1713 3085 1830 3131 quae
1872 3084 2031 3115 curam
2055 3069 2227 3116 habent
2291 3079 2311 3112 ·:‹

268 3153 430 3183 eorum
457 3154 571 3198 quae
598 3140 875 3199 producunt:
904 3140 1022 3184 sicut
1044 3139 1260 3183 animalia
1281 3137 1543 3183 naturaliter
1565 3138 1769 3182 nutriunt
1784 3136 1934 3182 foetus
1954 3150 2077 3183 suos.
2097 3132 2226 3182 Deus

268 3207 402 3264 igitur
435 3221 592 3250 curam
623 3207 761 3251 habet
798 3221 960 3251 eorum
993 3220 1189 3265 quorum
1217 3219 1353 3250 causa
1385 3204 1570 3249 exsistit.
1604 3204 1684 3248 Est
1716 3213 1870 3248 autem
1907 3217 2047 3248 causa
2082 3202 2223 3249 etiam

268 3273 458 3317 istorum
484 3273 844 3332 particularium,
870 3282 916 3317 ut
944 3286 997 3317 ex
1023 3272 1265 3331 praedictis
1298 3271 1418 3329 (Lib.
1453 3271 1508 3315 II.
1543 3285 1581 3315 c.
1615 3270 1703 3328 15.)
1735 3280 1874 3330 patet.
1907 3270 2057 3327 Habet
2084 3269 2224 3331 igitur

269 3353 428 3383 eorum
457 3354 629 3384 curam.

356 3406 494 3451 Item:
529 3416 764 3451 ostensum
791 3415 859 3451 est
894 3419 1029 3464 supra
1055 3405 1175 3463 (Lib.
1203 3405 1259 3449 II.
1287 3419 1325 3448 c.
1363 3417 1432 3463 23.
1473 3413 1517 3449 et
1554 3416 1622 3459 24.
1627 3403 1662 3461 ),
1689 3401 1814 3463 quod
1846 3402 2013 3449 Deus
1992 3416 2048 3447 m
2086 3401 2221 3448 rebus

269 3472 429 3516 creatis
460 3486 555 3517 non
581 3473 851 3517 necessitate
878 3482 1065 3517 naturae
1093 3472 1199 3530 agit,
1227 3471 1305 3515 sed
1338 3484 1417 3529 per
1449 3470 1736 3516 voluntatem
1764 3479 1809 3516 et
1831 3467 2130 3516 intellectum.
2155 3465 2222 3516 Ea

270 3548 421 3583 autem
448 3553 563 3598 quae
604 3548 796 3598 aguntur
822 3553 902 3599 per
934 3538 1222 3583 voluntatem
1261 3546 1306 3582 et
1335 3536 1621 3582 intellectum
1654 3549 1789 3582 curae
1813 3526 2094 3598 providentis
2125 3534 2226 3581 sub·
