2332 3854
892 178 1046 218 LmER
1085 178 1121 219 1.
1162 178 1283 218 CAP.
1322 177 1473 216 xxm.
2098 178 2165 232 39

179 340 181 343 ι
207 279 394 329 effectus
413 280 462 325 in
487 293 622 326 causa
645 280 889 326 excedente
914 281 1140 326 invenitur
1165 280 1348 341 quidem
1371 278 1639 339 aliqualiter,
1656 278 1733 324 sed
1752 278 2003 324 secundum
2026 278 2167 324 alium

107 344 130 396 'i
195 347 398 396 {modum
430 357 475 392 et
499 346 638 392 aliam
662 347 905 400 rationem,
932 348 1108 393 ratione
1136 348 1263 405 cujus
1290 360 1426 391 causa
1454 345 1707 405 aequivoca
1733 345 1921 399 dicitur;
1947 345 2018 390 sol
2045 346 2166 391 enim

196 414 254 461 in
278 413 544 473 corporibus
576 412 861 458 inferioribus
888 413 1090 458 calorem
1118 425 1288 467 causat,
1316 413 1494 472 agendo
1522 412 1774 457 secundum
1802 413 1924 471 quod
1948 423 2051 456 actu
2076 423 2166 467 est3

104 483 132 529 ζ
186 479 326 533 :funde
355 489 537 539 oportet
561 479 684 539 quod
710 478 837 524 calor
863 493 888 522 a
914 479 1012 525 sole
1039 491 1279 538 generatus
1307 478 1552 538 aliqualem
1578 478 1924 523 similitudinem
1964 479 2168 523 obtineat

190 545 263 594 sad
291 546 506 591 virtutem
539 546 734 591 activam
765 546 890 599 solis,
924 560 1003 604 per
1041 560 1179 605 quam
1223 545 1350 590 calor
1386 548 1431 589 in
1476 545 1571 590 istis
1611 544 1897 589 inferioribus
1942 555 2166 599 causatur,

87 608 138 673 532
166 612 379 669 ¹„emtione
412 613 540 671 cujus
572 611 643 657 sol
675 612 847 656 calidus
875 613 1050 666 dicitur,
1077 613 1285 671 quamvis
1317 627 1410 657 non
1438 627 1526 656 una
1563 613 1763 665 ratione3
1790 621 1835 656 et
1865 612 1930 656 sic
1969 612 2040 656 sol
2073 626 2168 656 om-

176 678 331 728 inibus
357 677 444 723 illis
469 677 631 723 similis
657 678 909 738 aliqualiter
934 679 1110 732 dicitur,
1136 680 1181 723 in
1205 679 1366 738 quibus
1383 693 1490 724 suos
1512 678 1699 723 effectus
1718 677 1962 722 efficaciter
1978 679 2166 732 inducit,

180 758 230 793 ξω
252 745 413 805 quibus
439 755 593 790 tamen
619 759 771 790 rursus
805 745 1017 789 omnibus
1059 745 1291 806 dissimilis
1318 756 1398 799 est,
1425 746 1471 790 in
1505 755 1726 804 quantum
1766 745 2031 803 hujusmodi
2064 744 2168 790 effe-

201 820 301 860 ctus
323 825 419 857 non
444 810 610 856 eodem
637 812 777 856 modo
812 811 1044 870 possident
1076 811 1280 856 calorem
1319 812 1584 870 hujusmodi
1611 825 1702 871 quo
1728 812 1773 856 in
1801 811 1899 857 sole
1923 811 2165 856 invenitur.

193 877 268 924 ita
292 877 431 923 etiam
462 886 509 923 et
538 878 665 923 Deus
698 892 861 923 omnes
896 877 1198 937 perfectiones
1230 878 1364 922 rebus
1395 878 1564 932 tribuit,
1599 893 1651 923 ac
1689 892 1769 938 per
1804 878 1896 922 hoc
1933 892 2038 922 cum
2071 891 2167 922 om-

191 944 330 991 nibus
355 942 701 989 similitudinem
726 944 864 989 habet
888 953 932 989 et
964 943 1382 989 dissimilitudinem
1409 944 1571 998 simul;
1594 955 1638 989 et
1662 944 1769 989 inde
1794 953 1863 989 est
1887 944 2010 1003 quod
2036 958 2165 988 sacra

72 1018 129 1063 1²⁷}
190 1010 430 1071 Scriptura
457 1009 701 1070 aliquando
732 1011 1077 1056 similitudinem
1111 1011 1226 1055 inter
1262 1011 1415 1055 Deum
1448 1020 1491 1055 et
1524 1021 1777 1055 creaturam
1811 1021 2164 1064 commemorat,

192 1086 251 1130 :ut
274 1091 380 1122 curn
405 1076 569 1122 dicitur
595 1077 786 1135 (Genes.
814 1078 848 1121 1.
892 1076 1007 1134 26.):
1035 1079 1261 1122 Faciamus
1286 1078 1495 1122 hominem
1521 1077 1575 1122 ad
1606 1080 1831 1135 imaginem
1857 1085 1895 1123 et
1929 1078 2166 1123 similitudi-

190 1159 291 1191 nem
307 1150 494 1190 nostram
505 1159 521 1197 ;
542 1143 785 1204 aliquando
804 1159 914 1189 vero
932 1144 1182 1189 similitudo
1199 1155 1391 1203 negatur
1408 1145 1659 1189 secundum
1677 1145 1788 1189 illud
1806 1145 1921 1203 (Isa.
1939 1145 2035 1188 XL.
2061 1144 2164 1201 18.):

126 1251 140 1265 „
156 1234 171 1267 ι,
192 1212 284 1258 61ιὶ
299 1226 394 1272 ergo
410 1212 587 1265 similem
601 1213 756 1270 fecistis
775 1213 915 1257 Deum
934 1219 1008 1258 aut
1025 1227 1151 1271 quam
1166 1213 1394 1270 imaginem
1403 1214 1564 1271 ponetis
1579 1214 1650 1258 ei?
1667 1222 1712 1257 et
1728 1212 1822 1270 (Ps.
1838 1211 2068 1256 LXXXII.
2082 1211 2161 1269 2.):

163 1318 170 1326 ,γ
187 1278 329 1334 Deus,
353 1280 425 1338 qui
446 1279 596 1324 similis
625 1280 705 1324 erit
730 1280 838 1324 tibi?

81 1356 84 1364 ⁴
285 1345 404 1391 Huic
432 1356 585 1390 autem
610 1347 774 1391 rationi
800 1345 1051 1404 Dionysius
1085 1346 1349 1400 concordat,
1377 1346 1454 1405 qui
1494 1346 1541 1389 in
1574 1346 1651 1389 IX.
1695 1361 1733 1390 c.
1760 1346 1832 1389 De
1859 1345 1949 1390 div.
1985 1345 2161 1391 nomin.

194 1411 327 1457 dicit:
346 1429 371 1455 α
397 1412 571 1457 Eadem
597 1412 764 1457 similia
790 1423 894 1457 sunt
916 1413 1019 1456 Deo
1046 1422 1090 1456 et
1115 1412 1377 1458 dissimilia:
1400 1412 1566 1457 similia
1588 1412 1773 1471 quidem
1795 1411 2050 1456 secundum
2067 1412 2164 1456 imi-

192 1477 418 1524 tationem
445 1479 555 1537 ejus,
581 1479 658 1538 qui
683 1493 778 1523 non
804 1489 872 1523 est
897 1477 1093 1538 perfecte
1119 1478 1368 1532 imitabilis,
1395 1478 1579 1538 qualem
1611 1479 1656 1522 in
1690 1478 1755 1523 eis
1781 1478 2005 1537 contingit
2036 1492 2160 1534 esse3

193 1544 431 1590 dissimilia
463 1557 632 1600 autem,
663 1545 916 1590 secundum
949 1545 1070 1604 quod
1099 1555 1283 1590 causata
1310 1545 1478 1590 habent
1509 1546 1660 1590 minus
1686 1546 1779 1591 suis
1806 1546 1953 1591 causis
1981 1563 2020 1592 >›.

281 1611 548 1656 Secundum
572 1621 727 1656 tamen
754 1612 872 1656 hanc
900 1612 1244 1656 similitudinem
1268 1612 1612 1657 convenientius
1639 1613 1801 1657 dicitur
1825 1612 1930 1656 Deo
1954 1621 2159 1657 creatura

193 1677 369 1732 similis,
392 1692 532 1738 quam
557 1692 583 1724 e
609 1693 857 1733 converso;
880 1678 1029 1723 simile
1052 1679 1175 1723 enim
1202 1678 1337 1724 alicui
1360 1679 1537 1733 dicitur,
1559 1680 1682 1738 quod
1709 1681 1805 1738 ejus
1831 1679 2032 1739 possidet
2052 1693 2160 1739 qua-

189 1743 367 1790 litatem
396 1745 472 1790 vel
501 1744 715 1790 formam.
744 1745 867 1798 Quia
893 1746 1030 1805 igitur
1060 1745 1107 1790 id
1139 1746 1261 1805 quod
1288 1746 1334 1790 in
1355 1747 1459 1791 Deo
1490 1746 1690 1805 perfecte
1717 1756 1800 1801 est,
1825 1746 1872 1790 in
1899 1746 2032 1791 rebus
2055 1745 2154 1791 aliis

190 1826 278 1872 per·
301 1812 533 1871 quandam
575 1812 863 1857 deficientem
904 1813 1299 1872 participationem
1348 1813 1575 1858 invenitur
1605 1812 1717 1857 illud
1750 1813 2003 1858 secundum
2035 1814 2158 1872 quod

187 1880 441 1925 similitudo
474 1881 728 1935 attenditur,
761 1881 850 1925 Dei
890 1881 1074 1940 quidem
1107 1880 1375 1939 simpliciter
1406 1891 1487 1937 est,
1512 1895 1607 1926 non
1635 1891 1788 1925 autem
1830 1891 2086 1935 creaturae3
2114 1891 2159 1925 et

189 1946 256 1992 sic
282 1957 486 1992 creatura
515 1947 654 1992 habet
685 1947 807 2006 quod
839 1948 928 1992 Dei
959 1947 1200 2001 est‚¹unde
1236 1957 1283 1993 et
1316 1948 1419 1992 Deo
1461 1958 1584 1993 recte
1625 1947 1786 1992 similis
1829 1948 2004 1992 dicitur.
2045 1947 2155 1992 Non

190 2024 345 2059 autem
370 2015 436 2060 sic
461 2024 612 2075 potest
637 2015 727 2059 dici
751 2015 906 2059 Deum
942 2015 1110 2059 habere
1151 2015 1275 2074 quod
1308 2025 1548 2060 creaturae¹
1581 2025 1672 2070 est;
1691 2015 1826 2060 unde
1867 2029 1953 2059 nec
1995 2028 2159 2059 conve-

106 2082 114 2089 *
187 2081 368 2145 nienter
392 2081 555 2127 dicitur
580 2082 733 2126 Deum
760 2091 994 2127 creaturae
1023 2081 1227 2126 similem
1270 2096 1385 2136 esse,
1426 2082 1542 2127 sicut
1572 2096 1656 2126 nec
1690 2082 1929 2126 hominem
1961 2081 2157 2126 dicimus

187 2160 297 2194 suae
322 2149 515 2208 imagini
543 2147 642 2193 fore
667 2149 882 2203 similem,
909 2149 982 2193 cui
1007 2159 1163 2193 tamen
1195 2163 1276 2193 sua
1301 2148 1460 2208 imago
1488 2159 1610 2194 recte
1636 2148 1796 2193 similis
1823 2148 2095 2192 enuntiatur.

275 2214 424 2260 Multo
451 2215 590 2261 etiam
615 2216 766 2260 minus
799 2216 979 2275 proprie
1006 2215 1183 2270 dicitur,
1209 2216 1332 2274 quod
1358 2216 1484 2261 Deus
1512 2226 1744 2260 creaturae
1776 2214 2020 2270 similetur;
2046 2229 2155 2259 nam

188 2281 458 2328 assimilatio
483 2292 664 2328 motum
691 2283 747 2327 ad
773 2281 1117 2335 similitudinem
1145 2282 1268 2337 dicit,
1295 2293 1339 2327 et
1364 2283 1427 2327 sic
1465 2283 1685 2341 competit
1722 2283 1763 2327 ei
1805 2282 1927 2342 quod
1971 2282 2024 2325 ab
2063 2282 2155 2326 alio

159 2338 162 2342 ’
186 2348 364 2409 accepit
390 2349 507 2394 unde
535 2348 681 2394 simile
705 2349 747 2393 ei
773 2349 842 2393 sit.
873 2350 1096 2394 Creatura
1122 2359 1276 2394 autem
1309 2349 1474 2408 accipit
1497 2365 1521 2393 a
1548 2350 1651 2394 Deo
1679 2349 1798 2394 unde
1826 2349 1868 2393 ei
1893 2348 2055 2394 similis
2081 2349 2153 2401 sit,

164 2414 282 2461 'non
325 2426 477 2461 autem
509 2431 534 2461 e
561 2430 808 2471 converso;
842 2430 937 2461 non
969 2416 1105 2475 igitur
1135 2417 1263 2461 Deus
1297 2427 1529 2461 creaturae
1572 2416 1860 2471 assimilatur,
1895 2415 1973 2460 sed
2007 2416 2154 2474 magis

191 2497 216 2528 Ε
247 2497 488 2530 converso.

937 2638 1193 2695 CAPUT
1226 2639 1406 2694 XXX.

507 2775 657 2822 QUAE
695 2775 914 2816 NOM1NA
953 2775 1026 2813 DE
1066 2776 1179 2813 nno
1214 2775 1443 2813 POSSINT
1485 2774 1828 2813 PRAEDICARI.

185 2892 190 2920 ῑ
238 2905 239 2908 “
276 2879 343 2929 Ex
367 2883 440 2929 his
465 2884 604 2929 etiam
637 2884 917 2929 considerari
943 2894 1092 2943 potest
1122 2883 1230 2943 quid
1263 2884 1318 2928 de
1349 2884 1453 2928 Deo
1491 2884 1594 2938 dici,
1627 2883 1701 2928 vel
1736 2898 1830 2927 non
1863 2883 1952 2927 dici
1985 2883 2152 2941 possit;

51 2965 54 2968 ·
120 2977 122 2979 -
186 2950 355 3011 quidve
385 2952 442 2996 de
468 2965 524 2996 eo
556 2961 735 2996 tantum
761 2951 952 3003 dicatur,
979 2951 1084 3010 quid
1119 2951 1256 2995 etiam
1284 2951 1340 2995 de
1365 2951 1470 2995 Deo
1497 2950 1648 3004 simul,
1671 2961 1716 2994 et
1742 2951 1841 2995 aliis
1866 2950 2021 2995 rebus:
2045 2950 2151 3009 quia

187 3017 311 3063 enim
343 3031 532 3063 omnem
572 3017 902 3078 perfectionem
939 3027 1173 3062 creaturae
1208 3018 1351 3062 estin
1382 3018 1485 3062 Deo
1527 3017 1746 3070 invenire,
1788 3016 1866 3061 sed
1908 3030 1987 3075 per
2030 3017 2151 3061 aliud

187 3083 381 3129 modum
405 3084 772 3138 eminentiorem,
805 3098 1121 3143 quaecumque
1163 3084 1354 3128 nomina
1387 3083 1592 3128 absolute
1625 3083 1953 3143 perfectionem
1981 3083 2150 3142 absque

185 3148 366 3195 defectu
389 3150 646 3210 designant,
678 3151 733 3196 de
760 3151 864 3195 Deo
891 3152 1223 3210 praedicantur,
1256 3160 1300 3195 et
1332 3150 1388 3194 de
1415 3150 1512 3195 aliis
1544 3151 1690 3205 rebus,
1718 3151 1835 3195 sicut
1865 3159 1933 3194 est
1953 3150 2147 3205 bonitas,

51 3202 117 3268 3³1„
186 3216 422 3277 sapientia,
447 3230 561 3273 esse,
593 3227 639 3263 et
669 3217 757 3262 alia
781 3218 1060 3276 hujusmodi.

274 3284 606 3344 Quaecumque
626 3298 736 3330 vero
757 3285 946 3329 nomina
968 3285 1233 3343 hujusmodi
1255 3283 1554 3344 perfectiones
1576 3283 1846 3342 exprimunt,
1870 3297 1976 3328 cum
2000 3284 2143 3329 modo

182 3350 369 3410 proprio
395 3351 625 3406 creaturis,
657 3351 713 3396 de
738 3351 841 3396 Deo
868 3352 959 3396 dici
983 3366 1077 3395 non
1109 3361 1314 3410 possunt,
1350 3351 1437 3395 nisi
1472 3365 1554 3409 per
1594 3349 1939 3395 similitudinem
1975 3361 2020 3395 et
2051 3365 2146 3396 me-

183 3416 442 3476 taphoram,
466 3431 546 3476 per
571 3432 707 3477 quam
733 3432 850 3478 quae
876 3428 981 3463 sunt
1005 3420 1138 3462 unius
1164 3418 1228 3462 rei
1257 3417 1386 3462 alteri
1418 3417 1566 3462 solent
1599 3417 1816 3476 adaptari,
1842 3418 1959 3462 sicut
1984 3416 2148 3477 aliquis

185 3482 330 3528 homo
347 3483 510 3528 dicitur
524 3482 638 3542 lapis
662 3494 846 3544 propter
871 3484 1085 3529 duritiam
1111 3483 1388 3529 intellectus:
1415 3483 1679 3542 hujusmodi
1697 3494 1849 3529 autem
1866 3494 1970 3529 sunt
1991 3485 2149 3528 omnia

184 3550 374 3595 nomina
399 3549 613 3608 imposita
646 3551 702 3596 ad
728 3551 1060 3610 designandum
1092 3551 1292 3610 speciem
1321 3550 1385 3595 rei
1417 3551 1754 3606 creatae,-sicut
1779 3551 1925 3596 homo
1952 3561 1996 3596 et
2020 3551 2150 3611 lapis,
