2332 3854
277 162 385 218 628
986 173 1140 211 LIBER
1179 171 1252 210 1v.
1297 171 1418 209 CAP.
1458 170 1567 208 xm.

277 289 501 332 mentum,
527 278 706 332 domus,
733 287 779 322 et
803 275 982 321 similia.
1016 274 1372 319 Considerantes
1404 283 1555 318 autem
1589 273 1727 351 quod,
1759 287 1901 332 quum
1926 274 2129 318 humana
2158 288 2233 318 na-

275 358 376 392 tura
400 346 553 390 Verbo
579 345 668 389 Dei
700 343 922 395 adveniat,
949 355 1033 385 nec
1057 341 1113 385 ad
1137 342 1240 399 ejus
1249 351 1437 385 natur-ae
1462 341 1771 400 integritatem
1793 341 2028 399 pertineat,
2046 354 2233 385 necesse

277 427 375 458 esse
402 421 673 472 putaverunt
691 410 812 468 quod
838 410 1041 452 humana
1066 417 1227 450 natura
1248 406 1577 451 accidentalem
1599 409 1820 451 unionem
1840 407 2032 451 haberet
2051 406 2108 452 ad
2126 406 2235 451 Ver-

275 480 401 523 bum
429 479 484 522 Et
510 480 615 537 quia
642 475 933 519 manifestum
960 483 1030 517 est
1050 474 1172 536 quod
1194 486 1287 516 non
1306 483 1460 531 potest
1479 473 1627 518 inesse
1648 473 1802 518 Verbo
1826 483 1885 519 ut
1896 463 2135 531 accidens,
2135 482 2235 518 tum

276 547 382 606 quia
407 547 531 589 Deus
558 558 650 587 non
678 553 745 586 est
770 537 1078 599 susceptivum
1105 540 1363 597 accidentis,
1389 550 1438 584 ut
1462 554 1597 599 supra
1618 540 1736 598 (Lib.
1760 539 1794 583 Ι.
1817 553 1855 583 c.
1879 540 1973 597 23.)
1993 540 2235 598 probatum

279 622 360 666 est,
376 622 476 656 tum
494 612 598 669 quia
624 610 826 652 humana
843 617 1016 660 natura,
1034 621 1176 665 quum
1198 608 1254 650 sit
1275 606 1330 651 de
1348 621 1514 665 genere
1532 607 1823 660 substantiae,
1839 605 2007 650 nullius
2025 605 2236 651 acbfflens

277 692 376 722 esse
407 686 571 735 potest,
605 675 799 732 relinqui
831 673 1068 717 videbatur
1098 673 1220 732 quod
1253 673 1456 717 humana
1486 682 1646 719 natura
1678 672 1912 717 adveniret
1938 672 2127 726 Verbo,
2141 685 2237 717 non

275 745 391 788 sicut
417 742 642 794 accidens,
665 741 744 784 sed
767 740 884 784 sicut
910 739 1248 783 accidentaliter
1272 753 1319 783 se
1341 739 1514 783 habens
1541 739 1634 783 ad
1623 753 1787 797 ipsum.
1810 738 1972 783 Posuit
1994 738 2130 798 igitur
2149 738 2238 783 Ne-

276 810 441 855 storius
469 808 590 867 quod
617 808 821 850 humana
851 815 1014 849 natura
1042 805 1214 850 Christi
1243 820 1294 850 se
1323 806 1520 849 habebat
1552 806 1608 848 ad
1632 805 1835 861 Verbum
1867 805 1985 850 sicut
2012 803 2237 863 templum

275 876 522 935 quoddam,
549 874 611 917 ita
638 873 760 932 quod
793 872 1046 917 secundum
1079 872 1228 916 solam
1260 872 1640 916 inhabitationem
1673 882 1768 916 erat
1797 871 2096 930 intefligenda
2126 871 2238 916 unio

275 943 415 987 Verbi
442 941 497 985 ad
524 941 776 984 humanam
802 949 1027 983 naturam.
1053 939 1125 993 Et,
1152 939 1257 997 quia
1283 938 1505 997 templum
1533 953 1740 983 seorsum
1765 938 1905 983 habet
1925 937 2237 984 3113111111ᾱὶνί-

276 1010 542 1054 duationem
569 1008 623 1057 ab
651 1021 706 1051 eo
735 1007 812 1066 qui
836 1006 1058 1049 inhabitat
1082 1005 1322 1064 templum,
1348 1006 1646 1049 individuatio
1674 1015 1827 1049 autem
1854 1005 2134 1050 conveniens
2157 1003 2239 1048 lm-

276 1090 440 1121 manae
476 1084 664 1118 naturae
691 1083 758 1118 est
783 1072 1097 1131 personalitas,
1124 1071 1350 1148 reliquum
1385 1082 1482 1116 erat
1511 1072 1633 1130 quod
1665 1071 1754 1116 alia
1786 1081 1908 1116 esset
1936 1070 2237 1131 personalitas

276 1144 508 1187 humanae
534 1151 722 1185 naturae
750 1149 792 1184 et
819 1140 908 1183 alia
932 1138 1098 1193 Verbi3
1126 1149 1171 1183 et
1195 1139 1259 1182 sic
1285 1139 1490 1183 Verbum
1517 1149 1561 1183 et
1584 1138 1663 1182 ille
1683 1139 1837 1183 homo
1856 1147 1985 1183 erant
2006 1138 2123 1223 duae
2142 1151 2240 1229 per-

279 1224 434 1256 sonae.

367 1233 506 1328 Quod
533 1274 716 1334 quidem
741 1273 1068 1317 inconveniens
1097 1272 1175 1316 alii
1198 1273 1340 1316 vitare
1358 1271 1580 1326 volentes,
1598 1272 1719 1315 circa
1743 1243 1999 1325 humanm
2023 1275 2239 1316 naturam

274 1343 416 1388 talem
442 1342 789 1401 dispositionem
814 1339 1174 1393 introduxerunt,
1200 1349 1249 1383 ut
1275 1340 1316 1383 ei
1343 1339 1642 1398 personalitas
1669 1340 1858 1397 proprie
1876 1338 2129 1383 convenire
2140 1351 2239 1382 non

276 1410 433 1470 possit,
456 1409 672 1461 dicentes,
699 1408 902 1450 animam
939 1416 984 1450 et
1020 1420 1199 1465 corpus,
1235 1406 1283 1449 in
1318 1406 1479 1464 quibus
1514 1405 1751 1463 integritas
1786 1405 2027 1449 humanm&
2052 1410 2241 1449 natutae

277 1476 496 1528 consistit,
524 1490 550 1519 a
575 1474 729 1518 Verbo
757 1474 820 1517 sic
848 1487 946 1517 esse
975 1482 1278 1531 assumptam
1304 1472 1488 1530 corpori
1510 1472 1663 1515 anima
1683 1485 1780 1515 non
1801 1481 1926 1516 essen
1941 1471 2149 1516 unita—zani
2165 1470 2242 1515 ali-

277 1557 416 1602 quam
452 1542 751 1586 substantiam
784 1540 1166 1593 constituendam,
1198 1554 1256 1584 ne
1295 1549 1567 1614 cogerentur
1600 1533 1751 1583 dicere
1782 1538 1910 1583 illam
1941 1538 2242 1583 substantiam

276 1611 341 1654 sic
370 1610 661 1654 constitutam
687 1608 913 1651 rationem
935 1621 1158 1665 personae
1185 1606 1378 1659 habere3
1406 1606 1634 1649 unionem
1650 1619 1762 1649 vero
1787 1603 1938 1649 Verbi
1951 1604 2008 1649 ad
2034 1596 2239 1649 animam

278 1687 323 1721 et
349 1690 513 1735 corpus
539 1685 789 1733 posuerunt
810 1676 928 1718 sicut
948 1674 1004 1716 ad
1028 1687 1081 1716 ea
1108 1685 1224 1731 quae
1252 1672 1589 1716 accidentaliter
1611 1686 1659 1716 se
1681 1672 1865 1727 habent,
1888 1681 1998 1731 puta
2016 1671 2162 1745 induti
2183 1671 2241 1716 ad

276 1745 611 1796 indumentum,
637 1742 683 1785 in
709 1742 799 1785 hoc
828 1740 1175 1799 quodammodo
1201 1740 1468 1784 Nestorium
1493 1740 1740 1783 imitantes.
2048 1775 2051 1777 ,

367 1811 449 1854 His
479 1810 617 1867 igitur
648 1809 837 1852 remotis
869 1822 949 1866 per
980 1808 1250 1865 supradicta,
1283 1807 1591 1850 necessarium
1626 1815 1693 1850 est
1724 1819 1908 1864 ponere
1923 1804 2067 1850 talem
2086 1804 2239 1850 fuisse

279 1878 499 1922 unionem
524 1876 664 1920 Verbi
691 1886 733 1920 et
754 1876 958 1920 hominis
976 1885 1024 1918 ut
1041 1889 1190 1933 neque
1218 1888 1272 1918 ex
1299 1874 1471 1917 duabus
1489 1888 1578 1917 una
1595 1883 1756 1917 natura
1782 1872 1993 1918 conflata
1988 1873 2082 1927 sit,
2078 1876 2242 1931 neque

285 1945 418 1989 Verbi
445 1944 500 1987 ad
524 1944 778 1987 humanam
803 1952 1014 1986 naturam
1045 1941 1147 1985 talis
1180 1940 1314 1984 fuerit
1340 1941 1449 1984 unio
1477 1941 1594 1984 sicut
1625 1950 1695 1983 est
1725 1938 1915 1997 alicujus
1945 1939 2238 1993 substantiae,

277 2022 385 2071 puta
410 2010 627 2063 hominiS‚
645 2011 700 2053 ad
718 2010 954 2059 exteriora,
977 2022 1092 2067 quae
1116 2007 1454 2050 accidentaliter
1477 2021 1524 2050 se
1547 2007 1719 2050 habent
1743 2006 1799 2049 ad
1820 2007 1990 2065 ipsum,
2013 2016 2063 2050 ut
2075 2006 2243 2050 domus
2312 1997 2328 2057 ἶ

278 2089 323 2123 et
348 2080 694 2128 vestimentum;
726 2076 805 2120 sed
832 2075 1035 2119 Verbum
1068 2075 1115 2118 in
1147 2075 1350 2118 humana
1381 2085 1542 2117 natura
1569 2075 1685 2116 sicut
1715 2073 1763 2116 in
1795 2073 1882 2117 sibi
1911 2073 2095 2132 propria
2115 2071 2245 2117 'facta
2308 2083 2330 2134 J

277 2159 356 2204 per
377 2144 741 2188 incarnationem
760 2142 1001 2186 subsistere
1024 2152 1233 2200 ponatur,
1256 2152 1305 2184 ut
1331 2150 1375 2185 et
1401 2155 1564 2198 corpus
1582 2140 1694 2183 illud
1710 2154 1821 2184 vere
1841 2140 1899 2184 sit
1925 2138 2246 2198 corpusVe‘tvbi

277 2212 380 2265 Dei,
413 2220 456 2255 et
487 2210 693 2254 similiter
725 2210 893 2262 anima,
926 2220 971 2252 et
1001 2209 1207 2252 Verbum
1239 2209 1327 2252 Dei
1359 2222 1464 2251 vere
1497 2208 1554 2251 sit
1584 2208 1745 2251 homo.
1779 2207 1851 2261 Et,
1883 2207 2101 2266 quamvis
2122 2207 2243 2251 haec
2309 2224 2322 2264 3

278 2279 388 2322 unio
415 2277 612 2336 perfecte
639 2277 692 2319 ab
720 2276 911 2320 homine
942 2289 1037 2318 non
1063 2275 1215 2318 valeat
1241 2275 1472 2333 explicari,
1504 2284 1667 2318 tamen
1692 2273 1944 2317 secundum
1974 2273 2180 2318 modum·
2199 2283 2246 2318 et
2307 2285 2318 2295 ²

277 2344 543 2388 facultatem
559 2353 766 2387 nostram
790 2343 1059 2387 conabimur
1077 2342 1245 2400 aliquid
1268 2342 1419 2385 dicere
1446 2340 1502 2384 ad
1529 2340 1896 2384 aedificationem
1917 2339 2106 2395 fidei5ut
2123 2340 2246 2384 circa

280 2411 371 2455 hoc
398 2410 668 2470 mysterium
694 2409 805 2453 fides
832 2408 1060 2453 catholica
1088 2408 1140 2451 ab
1168 2405 1424 2451 infidelibus
1452 2407 1732 2451 defendatur.

368 2478 419 2521 In
446 2477 658 2521 omnibus
687 2486 838 2520 autem
872 2476 1005 2520 rebus
1038 2476 1200 2519 creatis
1232 2473 1348 2517 nihil
1379 2474 1607 2517 invenitur
1638 2474 1745 2517 huic
1777 2473 1940 2518 unioni
1966 2482 2067 2517 tam
2095 2471 2245 2518 &mile
2299 2478 2323 2496 ³

283 2546 400 2589 sicut
424 2544 534 2587 unio
561 2544 740 2586 animae
769 2542 824 2586 ad
852 2556 1040 2601 corpus;
1070 2552 1115 2586 et
1140 2543 1290 2600 major
1315 2550 1434 2585 esset
1459 2540 1725 2593 similitudo,
1741 2550 1791 2584 ut
1807 2540 1945 2584 etiam
1962 2539 2245 2599 Augustinus
2297 2528 2319 2589 3³

282 2611 390 2655 dicit
416 2621 575 2654 contra
601 2609 898 2662 Felicianum,
925 2610 962 2652 si
990 2619 1108 2653 esset
1133 2623 1247 2652 unus
1274 2607 1530 2651 intellectus
1562 2607 1609 2650 in
1642 2607 1854 2651 omnibus
1886 2607 2162 2661 hominibus,
2193 2616 2243 2652 ut
2294 2638 2302 2649 „-

281 2678 466 2736 quidam
510 2677 691 2734 (Averr.
733 2678 868 2720 tertio
911 2676 982 2719 De
1026 2672 1192 2729 anima,
1235 2689 1355 2718 com.
1406 2674 1467 2730 5.)
1511 2684 1783 2732 posuerunt3
1829 2673 2085 2718 secundum¹
2122 2686 2242 2733 quos
2292 2670 2307 2704 ¹5

279 2754 509 2802 oporteret
534 2743 684 2787 dicere
712 2742 834 2801 quod
859 2741 1116 2786 intellectus
1138 2741 1469 2800 praeexsistens
1494 2741 1585 2784 hoc
1614 2741 1754 2784 modo
1778 2740 1833 2784 de
1854 2754 1978 2785 novo
2001 2740 2244 2798 conceptui
2294 2742 2306 2790 {J

279 2810 482 2854 hominis
517 2811 697 2854 uniatur
733 2819 781 2853 ut
817 2823 870 2853 ex
911 2820 1103 2868 utroque
1144 2809 1223 2852 fiat
1263 2822 1353 2851 una
1394 2821 1603 2866 persona,
1641 2807 1759 2851 sicut
1790 2807 2004 2865 ponimus
2039 2805 2245 2852 Verbum

281 2878 610 2936 praeexsistens
636 2877 866 2920 humanae
893 2886 1080 2919 naturae
1107 2876 1154 2919 in
1177 2889 1420 2934 personam
1447 2888 1586 2918 unam
1613 2874 1742 2917 uniri.
1766 2873 1901 2918 Unde
1921 2883 2107 2932 propter
2125 2872 2244 2918 hanc

284 2943 627 2988 similitudinem
653 2944 884 3001 utriusque
913 2943 1109 2996 unionis,
1136 2942 1414 2985 Athanasius
1449 2941 1559 2984 dicit
1589 2940 1636 2983 in
1668 2939 1883 2998 symbolo
1914 2939 2052 2999 quod,
2082 2939 2246 2984 «vsicut
2312 2952 2313 2955 ’

284 3011 437 3055 anima
468 3009 702 3054 rationalis
730 3020 774 3053 et
800 3023 907 3053 caro
940 3023 1055 3052 unus
1084 3018 1152 3053 est
1178 3009 1338 3062 homo,
1364 3008 1426 3051 ita
1457 3008 1583 3051 Deus
1617 3017 1660 3051 et
1691 3007 1852 3061 homo,
1877 3020 1998 3051 unus
2016 3015 2087 3051 est
2110 3005 2247 3051 Chri·

279 3087 373 3121 stus
396 3094 436 3120 ».
466 3077 571 3130 Sed,
599 3091 741 3135 quum
768 3076 921 3119 anima
947 3074 1183 3133 rationalis·
1204 3075 1384 3118 uniatur
1410 3074 1591 3133 corpori
1614 3084 1660 3118 et
1678 3074 1796 3117 sicut
1816 3072 2033 3117 materiae
2050 3081 2105 3118 -et
2129 3072 2247 3118 siem
2292 3079 2299 3101 '³

276 3145 595 3198 instrumento,
614 3157 708 3187 non
736 3151 886 3201 potest
904 3157 1002 3187 esse
1022 3142 1272 3186 similitudo
1293 3150 1513 3200 quantum
1537 3140 1592 3184 ad
1615 3141 1813 3199 primum
1830 3139 2023 3184 modum
2041 3138 2251 3195 unianimi
2289 3147 2322 3155 ”

278 3211 341 3254 sic
369 3211 492 3255 enim
519 3225 573 3254 ex
599 3211 701 3253 Deo
727 3220 771 3253 et
792 3210 982 3253 homine
1006 3209 1134 3254 fieret
1156 3223 1245 3252 una
1266 3218 1442 3261 natura,
1460 3221 1601 3266 quum
1624 3206 1814 3251 materia
1831 3216 1877 3251 et
1890 3205 2043 3251 forma
2065 3204 2247 3265 proprie
2323 3205 2325 3208 ’

277 3288 486 3320 naturam
515 3279 792 3321 constituant
818 3277 996 3334 speciei.
1026 3275 1314 3334 Relinquitur
1341 3288 1451 3332 ergo
1476 3284 1523 3318 ut
1546 3273 1803 3318 attendatur
1820 3271 2247 3319 similitudem

281 3344 389 3387 dum
417 3344 538 3402 quod
567 3344 719 3386 anima
752 3342 903 3386 unitur
934 3342 1115 3400 corpori
1142 3352 1190 3385 ut
1215 3342 1541 3395 instrumento;
1575 3340 1631 3383 ad
1664 3339 1786 3416 qu-od
1819 3338 1958 3383 etiam
1988 3338 2109 3384 dicta
2128 3336 2279 3384 anti-
2287 3336 2290 3341 ²

279 3424 475 3469 quorum
501 3410 743 3454 doctorum
771 3409 1070 3462 concordant,
1097 3410 1172 3467 qui
1199 3408 1450 3452 humanam
1483 3417 1692 3451 naturam
1718 3406 1765 3450 in
1794 3404 1981 3452 Christo
2013 3407 2240 3464 organun

282 3476 513 3534 quoddam
554 3476 798 3520 divinitatis
840 3484 1104 3535 posuerunt,
1144 3477 1260 3519 sicut
1295 3482 1340 3518 et
1371 3473 1556 3533 ponitur
1587 3486 1751 3531 corpus
1787 3484 2014 3531 organum
2045 3470 2245 3516 animae

282 3543 427 3587 Aliter
460 3543 582 3588 enim
616 3553 683 3587 est
715 3542 896 3587 animae
929 3555 1154 3601 organum
1188 3554 1352 3599 corpus
1386 3549 1431 3584 et
1462 3541 1556 3598 ejus
1589 3549 1754 3599 partes,
1786 3548 1831 3583 et
1861 3536 1991 3613 alitem
2018 3537 2264 3585 exteriora
