2332 3854
16 3292 35 3313 :fh-'¹
17 3256 29 3278 2'0'
10 3041 41 3234 ffissuffiwfflh.
14 3007 18 3009 »
9 2979 12 2983 ’

818 249 973 290 unna
1011 249 1088 288 111.
1131 249 1251 288 car».
1294 246 1440 288 cxv1.
1993 234 2098 301 465

146 354 368 401 mercium
400 361 582 412 propter
611 350 840 395 timorem.
878 350 1000 410 Ergo
1032 365 1163 395 amor
1193 349 1364 397 summi
1393 348 1515 404 boni,
1547 347 1722 394 scilicet
1762 348 1866 402 Dei,
1898 348 2098 393 maxime

144 415 256 464 facit
286 420 448 472 bonos,
479 428 525 463 et
554 426 621 462 est
652 417 851 461 >maxime
877 417 1100 462 intentum
1133 419 1179 462 in
1211 418 1362 462 divina
1393 416 1508 475 lege.

233 485 497 530 Praeterea:
519 483 697 528 bonitas
719 483 921 527 hominis
943 494 1010 528 est
1027 498 1105 543 per
1127 485 1365 537 virtutem;
1385 484 1525 527 virtus
1552 482 1675 526 enim
1698 490 1766 526 est
1787 494 1902 540 quae
1925 481 2099 524 bonum

145 551 254 597 facit
277 552 546 605 habentem;
579 549 697 594 unde
723 559 768 594 et
792 549 863 594 lex
888 550 1080 594 intendit
1110 551 1322 594 homines
1345 549 1494 594 facere
1521 549 1763 602 virtuosos,
1790 558 1834 592 et
1859 557 2100 606 praecepta

145 618 259 677 legis
291 629 394 663 sunt
425 618 480 662 de
513 618 685 661 actibus
716 618 946 661 virtutum.
982 616 1072 662 Sed
1106 617 1163 660 de
1195 617 1456 665 conditione
1490 615 1663 659 virtutis
1696 624 1764 659 est
1798 624 1847 658 ut
1872 614 2101 658 virtuosus

146 696 190 731 et
220 685 423 739 firmiter,
441 694 486 729 et
516 682 840 728 delectabiliter
872 694 1096 741 operetur.
1131 684 1232 728 Hoc
1266 694 1419 727 autem
1450 682 1558 727 facit
1591 682 1788 726 maxime
1811 695 1966 735 arnor3
1992 695 2104 724 narn

147 767 203 802 ex
233 765 395 801 amore
424 750 593 809 aliquid
625 749 813 795 firmiter
854 759 898 795 et
930 749 1256 795 delectabiliter
1295 750 1502 795 facimus.
1536 750 1686 794 Amor
1717 748 1853 807 igitur
1893 748 2004 793 boni
2035 757 2105 796 est

146 817 359 863 ultimum
389 817 614 861 intentum
646 817 693 860 in
725 816 827 876 lege
867 817 1032 860 divina.

234 883 424 928 Adhuc:
452 882 735 941 legislatores
766 883 959 941 imperio
991 883 1106 940 legis
1140 883 1285 928 editae
1317 891 1506 927 movent
1538 895 1618 927 eos
1651 882 1813 941 quibus
1854 881 1926 926 lex
1958 881 2104 926 datur.

145 950 198 995 In
229 950 441 994 omnibus
475 960 627 994 autern
660 963 776 1008 quae
809 959 1050 993 moventur
1083 950 1136 993 ab
1171 950 1323 1008 aliquo
1347 950 1494 1008 primo
1522 959 1752 1002 movente,
1777 958 1905 993 tanto
1933 948 2103 1008 aliquid

144 1015 384 1076 perfectius
417 1025 644 1069 movetur,
675 1025 848 1074 quanto
879 1016 1027 1074 magis
1059 1016 1297 1074 participat
1322 1018 1377 1060 de
1410 1016 1616 1059 motione
1650 1015 1783 1074 primi
1809 1014 2037 1058 moventis
2061 1023 2107 1058 et

146 1082 204 1128 de
233 1081 527 1132 similitudine
559 1082 711 1141 ipsius.
744 1082 870 1126 Deus
904 1092 1072 1136 autern,
1105 1083 1182 1140 qui
1213 1093 1281 1126 est
1311 1082 1425 1140 legis
1452 1082 1632 1126 divinae
1658 1081 1803 1135 dator,
1820 1081 1978 1125 omnia
1997 1080 2108 1124 facit

146 1158 330 1208 propter
350 1163 485 1194 suum
502 1162 723 1193 amorem.
743 1148 839 1201 Qui
856 1149 992 1206 igitur
1008 1149 1098 1193 hoc
1119 1149 1260 1193 modo
1278 1150 1422 1193 tendit
1437 1150 1483 1192 in
1508 1149 1675 1206 ipsum,
1697 1147 1871 1193 scilicet
1893 1148 2107 1202 amando,

146 1215 474 1275 perfectissime
500 1225 710 1260 movetur
733 1216 781 1260 in
813 1217 976 1275 ipsum.
1013 1216 1168 1261 Omne
1203 1226 1355 1264 autem
1384 1229 1524 1273 agens
1555 1215 1748 1260 intendit
1778 1214 2106 1274 perfectionem

145 1282 193 1327 in
217 1295 278 1331 eo
307 1281 430 1342 quod
463 1282 569 1341 agit.
597 1282 683 1326 Hic
709 1283 845 1340 igitur
871 1293 938 1327 est
959 1282 1060 1327 finis
1081 1283 1219 1327 totius
1242 1282 1531 1341 legislatoris,
1553 1291 1602 1326 ut
1622 1282 1767 1326 homo
1793 1282 1946 1325 Deum
1969 1290 2107 1325 amet.

235 1348 356 1394 Hinc
388 1359 457 1394 est
486 1349 610 1408 quod
642 1349 804 1394 dicitur
835 1349 893 1408 (1.
921 1348 1044 1393 Tim.
1077 1349 1112 1395 Ι.
1150 1349 1238 1407 5.):
1271 1351 1393 1394 finis
1417 1350 1633 1408 praecepti
1663 1355 1719 1393 ese
1748 1348 1936 1400 caritas)
1971 1356 2016 1392 et
2046 1347 2109 1391 di-

147 1415 264 1461 citur
295 1415 417 1474 quod
459 1417 691 1459 maximum
722 1421 758 1460 et
785 1418 972 1474 primum
1003 1416 1264 1471 mandatum,
1297 1418 1342 1460 in
1374 1415 1491 1474 lege,
1530 1425 1598 1459 est
1639 1414 1822 1472 (Matth.
1855 1413 1999 1458 XXII.
2037 1427 2105 1473 37.

147 1492 192 1528 et
226 1483 341 1541 38.):
358 1482 519 1540 Diliges
543 1483 780 1526 Dominum
796 1483 938 1527 Deum
963 1489 1094 1527 tuum.
1116 1483 1227 1526 Inde
1254 1492 1323 1527 est
1348 1482 1471 1540 quod
1490 1481 1560 1526 lex
1582 1495 1718 1535 nova,
1743 1493 1980 1540 tamquam
2008 1495 2106 1540 per·

146 1548 323 1603 tectior,
354 1549 516 1593 dicitur
546 1547 618 1593 lex
650 1549 844 1604 amoris;
876 1549 949 1599 lex
982 1558 1134 1595 autem
1165 1558 1309 1602 vetus,
1325 1558 1564 1607 tamquam
1596 1547 1921 1607 imperfectior,
1945 1547 2107 1592 dicitur

148 1615 221 1661 lex
250 1616 442 1662 timoris.

869 1767 1125 1824 CAPUT
1167 1768 1399 1829 CXVII.

263 1902 422 1951 QUOD
456 1903 646 1944 DIVINA
686 1904 826 1946 LEGE
860 1904 1186 1943 ORDINAMUR
1218 1905 1292 1942 AD
1327 1903 1711 1944 DILECTIONEM
1743 1904 1990 1944 PROXlMI.

238 2012 305 2057 Ex
336 2011 428 2057 hoc
455 2022 607 2057 autem
639 2013 842 2070 sequitur
873 2012 995 2072 quod
1028 2013 1182 2056 divina
1206 2012 1279 2056 lex
1306 2011 1599 2056 dilectionem
1632 2012 1828 2070 proximi
1858 2011 2076 2055 intendat.

239 2079 437 2138 Oportet
468 2079 590 2123 enim
622 2079 842 2124 unionem
860 2094 958 2124 esse
991 2078 1179 2124 affectus
1205 2080 1322 2123 inter
1339 2093 1419 2123 eos
1442 2079 1603 2137 quibus
1626 2089 1694 2123 est
1720 2092 1836 2122 unus
1857 2078 1959 2122 finis
1983 2092 2107 2122 corn-

151 2147 315 2192 mmxis,
358 2146 718 2191 Communicant
757 2156 910 2191 autern
950 2147 1163 2190 homines
1193 2147 1239 2190 in
1271 2159 1366 2189 uno
1398 2145 1560 2189 ultimo
1592 2145 1682 2189 fine
1715 2145 2020 2198 beatitudinis,
2053 2144 2107 2188 ad

150 2226 289 2272 quem
319 2213 532 2257 divinitus
563 2214 841 2258 ordinantur.
877 2213 1074 2272 Oportet
1097 2213 1234 2271 igitur
1266 2213 1389 2271 quod
1422 2212 1634 2256 uniantur
1664 2212 1879 2256 homines
1912 2211 1967 2255 ad
1994 2211 2107 2255 invi-

151 2291 255 2325 cem
285 2290 444 2324 mutua
475 2279 733 2326 dilectione.

165 2368 170 2373 ·
238 2345 428 2392 Adhuc:
461 2346 737 2406 quicumque
769 2347 915 2406 diligit
945 2348 1160 2406 aliquem,
1193 2360 1479 2404 consequens
1511 2356 1578 2390 est
1610 2356 1658 2390 ut
1689 2347 1826 2390 etiam
1859 2344 2019 2404 diligat
2049 2345 2111 2388 di-

149 2410 295 2457 lectos
321 2413 376 2456 ab
409 2426 482 2467 e0,
513 2423 560 2459 et
590 2427 671 2458 eos
703 2415 780 2472 qui
813 2415 1046 2472 conjuncti
1078 2424 1182 2458 sunt
1214 2415 1269 2458 ei.
1314 2413 1538 2457 Homines
1571 2423 1723 2456 autern
1757 2411 1911 2456 dilecti
1942 2421 2047 2455 sunt
2079 2425 2106 2454 a

152 2476 256 2524 Deo
288 2479 449 2539 quibus
483 2480 677 2539 suipsius
697 2480 960 2526 fruitionem
986 2481 1114 2540 quasi
1145 2480 1357 2525 ultimum
1380 2480 1519 2524 finem
1541 2479 1885 2538 praedisposuit.
1914 2479 2113 2538 Oportet

151 2545 289 2604 igitur
319 2556 382 2600 ut,
413 2547 531 2591 sicut
554 2546 716 2606 aliquis
741 2547 791 2592 fit
816 2547 1008 2592 dilector
1037 2548 1140 2601 Dei,
1171 2549 1233 2591 ita
1260 2548 1398 2592 etiam
1430 2546 1507 2591 fiat
1539 2545 1730 2590 dilector
1755 2546 1965 2604 proximi.

164 2636 167 2641 ν
227 2611 478 2671 Amplius:
505 2627 647 2672 quum
678 2614 822 2658 homo
854 2615 912 2659 sit
930 2614 1194 2659 naturaliter
1219 2613 1391 2657 animal
1411 2612 1597 2666 sociale,
1622 2613 1796 2671 indiget
1821 2613 1876 2656 ab
1908 2612 2007 2656 aliis
2033 2612 2113 2656 ho-

154 2678 351 2723 minibus
384 2679 588 2737 adjuvari
614 2681 669 2724 ad
694 2682 1066 2740 consequendum
1088 2681 1323 2740 proprium
1345 2680 1509 2734 finem;
1532 2679 1655 2738 quod
1682 2679 2110 2723 convenientissime

155 2744 206 2789 fit
235 2744 480 2790 dilectione
511 2757 669 2790 mutua
700 2747 816 2791 inter
845 2748 1059 2792 homines
1092 2748 1346 2792 exsistente.
1373 2747 1439 2790 Ex
1465 2746 1567 2804 lege
1598 2746 1735 2803 igitur
1765 2747 1868 2799 Dei,
1895 2760 2011 2804 quae
2030 2746 2111 2791 ho-

157 2810 306 2855 mines
334 2811 382 2856 in
407 2812 620 2856 ultimum
652 2812 790 2857 finem
823 2813 987 2871 dirigit,
1020 2814 1290 2872 praecipitur
1322 2815 1367 2856 in
1398 2813 1529 2856 nobis
1561 2823 1718 2856 mutua
1745 2812 1943 2856 dilectio.

248 2877 387 2922 Item:
425 2879 481 2922 ad
513 2879 609 2923 hoc‘
636 2879 757 2937 quod
789 2879 934 2923 homo
966 2880 1127 2923 divinis
1167 2889 1312 2932 vacet,
1345 2879 1517 2937 indiget
1555 2878 1879 2936 tranquillitate
1911 2888 1956 2922 et
1985 2893 2111 2937 pace.

157 2942 222 2988 Ea
251 2957 362 2988 vero
394 2958 510 3003 quae
550 2959 713 3004 pacem
745 2946 1005 3003 perturbare
1048 2956 1238 3004 possunt
1269 2945 1510 3004 praecipue
1556 2958 1635 3003 per
1677 2944 1971 2988 dilectionem
2018 2959 2114 2988 mu·

157 3021 286 3055 tuam
314 3010 547 3056 tolluntur.
582 3010 741 3063 Quum
772 3012 909 3070 igitur
934 3011 1005 3056 lex
1037 3013 1189 3056 divina
1216 3013 1271 3055 ad
1303 3012 1394 3055 hoc
1427 3011 1605 3055 ordinet
1629 3011 1855 3065 homines,
1881 3021 1930 3054 ut
1951 3011 2113 3056 divinis

156 3087 336 3131 vacent,
366 3077 674 3123 necessarium
706 3087 774 3123 est
804 3079 928 3137 quod
961 3092 1013 3122 ex
1046 3078 1148 3137 lege
1181 3078 1333 3122 divina
1364 3078 1410 3122 in
1442 3077 1706 3122 hominibus
1737 3087 1895 3121 mutua
1928 3077 2113 3122 dilectio

158 3143 388 3201 procedat.

246 3209 510 3256 Praeterea:
543 3210 615 3255 lex
648 3210 799 3256 divina
830 3211 1054 3271 profertur
1085 3211 1265 3255 homini
1297 3213 1342 3255 in
1375 3211 1591 3255 auxilium
1624 3211 1738 3270 legis
1769 3211 2002 3255 naturalis.
2034 3212 2114 3256 Est

159 3286 313 3320 autem
355 3276 566 3321 omnibus
597 3277 860 3322 hominibus
891 3279 1096 3323 naturale
1133 3290 1181 3322 ut
1213 3292 1260 3322 se
1293 3279 1490 3323 invicem
1523 3278 1741 3336 diligant3
1774 3279 1900 3335 quus
1932 3269 2112 3336 signum

160 3352 228 3387 est
268 3344 406 3401 quod,
447 3343 648 3402 quodam
679 3344 874 3388 naturali
913 3345 1142 3398 instinctu,
1184 3346 1329 3389 horno
1364 3344 1548 3389 cuilibet
1571 3345 1751 3388 homini
1784 3345 1920 3388 etiam
1952 3345 2112 3404 ignoto

158 3409 366 3454 subvenit
389 3410 435 3453 in
466 3411 749 3464 necessitate,
771 3421 879 3470 puta
901 3413 1160 3456 revocando
1196 3413 1248 3455 ab
1282 3425 1433 3455 errore
1465 3412 1580 3466 viae,
1613 3412 1831 3469 erigendo
1859 3426 1886 3455 a
1918 3426 2041 3468 casu,
2069 3423 2114 3457 et

159 3474 258 3520 aliis
289 3476 566 3534 hujusmodi,
599 3491 651 3521 ac
683 3477 722 3521 si
746 3477 898 3522 omnis
923 3477 1067 3522 homo
1095 3479 1223 3522 omni
1255 3478 1433 3522 homini
1449 3487 1565 3523 esset
1582 3477 1833 3532 familiaris,
1859 3488 1904 3523 et
1925 3479 2112 3524 amicus.

159 3541 302 3600 Igitur
327 3557 381 3587 ex
406 3543 559 3587 divina
590 3543 692 3602 lege
724 3555 882 3588 mutua
914 3544 1096 3589 dilectio
1122 3546 1383 3590 hominibus
1410 3545 1697 3605 praecipitur.

251 3608 370 3654 Hinc
402 3619 471 3654 est
495 3609 811 3668 quod,dicitur
842 3609 993 3668 (Joan.
1020 3610 1119 3656 XV.
1152 3612 1263 3668 12.):
1290 3612 1385 3658 Hoc
1417 3619 1473 3658 est
1497 3618 1771 3672 praeceptum
1803 3627 1952 3667 meum,
1980 3620 2026 3658 ut
2055 3613 2114 3657 di·

297 3710 334 3745 S.
361 3710 516 3746 Tuom
543 3701 676 3746 Summa
699 3717 809 3746 contra
835 3712 989 3747 Gentiles.
1941 3725 1982 3758 30
