2332 3854
206 178 316 245 456
864 192 1020 230 LIBER
1058 191 1134 229 111.
1177 190 1490 229 CAP.CV111.

204 303 348 348 motu,
375 307 428 337 ex
454 293 613 352 quibus
639 294 814 338 videtur
840 291 1044 336 defectus
1071 291 1231 350 aliquis
1258 296 1391 350 posse
1413 290 1692 366 contingere,
1719 291 1902 351 aliquod
1919 300 2159 350 peccatum

205 360 469 418 contingere
495 370 656 419 potest.

961 510 1215 567 CAPUT
1259 510 1408 567 CIX.

273 649 431 694 QUOD
466 648 521 686 IN
562 646 916 685 DAEMONIBUS
957 646 1150 685 POSSIT
1189 646 1317 685 ESSE
1354 645 1656 685 PECCATUM
1694 646 1766 683 ET
1800 643 2113 692 QUALITERS·

1996 723 2020 740 (ο

298 756 436 807 Quod
465 765 617 799 autem
644 756 690 798 in
717 755 1015 799 daemonibus
1042 755 1100 799 sit
1131 765 1370 814 peccatum
1403 754 1666 808 voluntatis,
1698 753 1990 800 manifestum
2020 763 2090 800 est
2109 768 2165 799 ex

205 823 473 866 auctoritate
496 823 653 865 sacrae
681 822 964 880 Scripturae:
993 821 1155 866 dicitur
1180 822 1304 866 enim
1327 822 1382 880 (Ι.
1403 821 1534 880 Joan.
1558 821 1636 866 III.
1669 821 1734 880 8.)
1759 821 1883 881 quod
1908 821 2095 867 diabolus
2109 822 2162 866 ab

203 890 322 933 initio
347 895 520 947 peccat;
550 898 593 932 et
624 889 778 946 (Joan.
805 888 927 931 VIII.
954 887 1049 945 44.)
1076 888 1132 932 de
1164 889 1346 933 diabolo
1374 888 1536 932 dicitur
1558 888 1680 947 quod
1701 894 1755 933 est
1778 888 1974 943 mendax,
1990 895 2029 934 et
2041 894 2165 948 pater

205 955 428 1008 mendacii,
458 966 503 998 et
529 955 651 1013 quod
685 954 893 999 homicida
924 961 1014 999 erat
1045 956 1096 999 ab
1128 957 1250 1000 initio
1260 970 1278 1013 ‚·
1312 966 1357 999 et
1388 955 1611 1013 (Sapient.
1635 954 1692 998 II.
1726 955 1818 1012 24.)
1845 955 2021 1010 dicitur,
2041 954 2164 1014 quod

202 1021 367 1066 invidia
400 1022 557 1067 diaboli
582 1036 695 1066 mors
725 1023 908 1066 intravit
932 1024 977 1065 in
998 1023 1139 1066 orbem
1162 1029 1388 1067 terrarum.

295 1089 344 1132 Si
377 1089 475 1147 quis
504 1099 657 1132 autern
683 1089 811 1147 sequi
842 1088 980 1133 vellet
1012 1088 1358 1133 Platonicorum
1390 1090 1654 1148 positiones,
1679 1088 1825 1134 facilis
1861 1098 1980 1133 esset
2001 1088 2078 1132 via
2108 1088 2165 1132 ad

207 1154 481 1199 solvendum
508 1155 752 1213 praedicta.
786 1156 958 1199 Dicunt
983 1155 1120 1208 enim,
1148 1156 1397 1200 daemones
1427 1169 1525 1200 esse
1553 1155 1769 1200 animalia
1795 1169 1987 1215 corpore
2019 1158 2166 1208 aerea,

206 1231 250 1265 et
275 1223 341 1265 sic
367 1236 472 1265 cum
505 1221 704 1265 habeant
730 1222 815 1266 sibi
848 1236 1043 1281 corpora
1075 1223 1214 1275 unita,
1247 1232 1398 1281 potest
1427 1222 1474 1265 in
1507 1222 1572 1266 eis
1604 1222 1743 1266 etiam
1775 1235 1874 1266 esse
1903 1235 2008 1281 pars
2031 1221 2169 1265 sensi·

203 1288 319 1342 tiva3
347 1287 467 1332 unde
492 1298 535 1332 et
557 1289 792 1346 passiones
816 1303 932 1347 quae
958 1288 1090 1332 nobis
1113 1299 1216 1332 sunt
1239 1303 1375 1332 causa
1401 1290 1590 1347 peccati,
1618 1288 1683 1332 eis
1709 1288 1972 1342 attribuunt,
1993 1287 2169 1332 scilicet

203 1355 334 1409 iram,
362 1365 405 1399 et
432 1355 605 1408 odium,
633 1366 677 1399 et
703 1355 791 1399 alia
817 1355 1106 1414 hujusmodi:
1134 1366 1318 1415 propter
1345 1356 1467 1415 quod
1489 1356 1598 1400 dicit
1618 1354 1852 1415 Apuleius
1862 1356 1952 1415 (ap.
1976 1354 2022 1400 S.
2045 1354 2168 1413 Aug.

210 1432 375 1465 octavo
402 1422 474 1466 De
501 1422 586 1467 civ.
613 1422 701 1467 Dei
729 1437 767 1466 c.
801 1421 889 1482 19.)
917 1422 1039 1481 quod
1065 1433 1171 1467 sunt
1196 1423 1363 1467 animo
1380 1423 1574 1480 passiva.

292 1489 483 1547 Propter
508 1489 598 1533 hoc
632 1490 769 1533 etiarn
798 1489 921 1548 quod
948 1489 1062 1533 uniti
1085 1490 1350 1548 corporibus
1378 1503 1479 1534 esse
1504 1489 1801 1549 perhibentur
1815 1488 2085 1534 secundum
2081 1501 2168 1548 po·

205 1555 394 1599 sitiones
416 1555 637 1610 Platonis,
662 1555 780 1600 forte
802 1566 960 1614 posset
981 1556 1029 1600 in
1053 1556 1116 1600 eis
1145 1556 1266 1600 aliud
1284 1571 1427 1615 genus
1453 1557 1729 1615 cognitionis
1747 1555 1857 1616 poni
1880 1570 2017 1615 quam
2042 1554 2172 1600 intel.-

209 1623 534 1683 lectuspnam,
562 1624 815 1667 secundum
842 1623 1082 1667 Platonem
1111 1624 1203 1680 (De
1229 1622 1405 1681 legib.),
1432 1624 1570 1668 etiam
1601 1624 1753 1668 anima
1778 1623 1996 1668 sensitiva
2020 1622 2170 1667 incor-

209 1689 431 1748 ruptibilis
457 1700 546 1734 est:
574 1690 694 1734 unde
721 1700 902 1748 oportet
927 1690 1050 1748 quod
1076 1690 1244 1734 habeat
1275 1691 1592 1748 operationem
1625 1691 1697 1734 cui
1729 1703 1825 1734 non
1858 1688 2172 1734 communicet
2203 1710 2209 1713 ·

209 1771 396 1815 corpus;
424 1766 469 1800 et
494 1756 558 1800 sic
584 1755 699 1799 nihil
725 1756 935 1815 prohibet
962 1756 1278 1815 operationem
1304 1757 1545 1801 sensitivae
1572 1757 1753 1801 animae
1778 1748 1974 1801 inveniri
1995 1756 2046 1800 in
2070 1755 2170 1801 sub⁶

207 1823 371 1867 stantia
408 1822 559 1882 aliqua
595 1822 904 1876 intellectuali,
947 1824 1154 1881 quamvis
1189 1824 1370 1882 corpori
1403 1838 1498 1867 non
1531 1824 1670 1877 unita,
1697 1833 1741 1867 et
1766 1837 1848 1882 per
1882 1836 2168 1882 consequens

207 1890 466 1948 passiones;
497 1899 541 1933 et
566 1890 629 1933 sic
658 1899 812 1934 manet
837 1891 883 1933 in
910 1891 974 1933 eis
1001 1890 1160 1947 eadem
1187 1890 1313 1933 radix
1341 1891 1562 1949 peccandi
1587 1904 1704 1949 quae
1732 1890 1870 1934 estin
1894 1889 2041 1935 nobis.
2164 1894 2174 1902 '

300 1957 390 2000 Sed
417 1967 660 2016 utrumque
678 1959 1035 2016 praemissorum
1055 1967 1124 2000 est
1140 1944 1435 2016 impossibile.
1457 1957 1598 2009 Quod
1625 1959 1749 2000 enim
1769 1970 1864 2000 non
1880 1956 1972 2000 sint
1990 1955 2169 2016 aliquae

206 2023 324 2068 aliae
362 2024 640 2071 substantiae
676 2023 1007 2068 intellectuales
1034 2023 1187 2067 unitae
1225 2024 1491 2082 corporibus
1523 2033 1700 2082 praeter
1732 2023 1911 2068 animas
1927 2022 2171 2076 humanas,

206 2100 444 2134 ostensum
471 2099 539 2134 est
563 2104 698 2148 supra
727 2090 844 2147 (Lib.
872 2090 928 2134 II.
957 2104 994 2133 c.
1022 2089 1117 2149 91.)
1142 2090 1281 2142 Quod
1318 2099 1471 2134 autem
1498 2091 1786 2148 operationes
1806 2088 2052 2134 sensitivae
2077 2087 2171 2133 ani-

207 2171 311 2201 mae
341 2171 434 2200 nou
468 2157 643 2215 possint
669 2171 768 2201 esse
794 2157 891 2201 sine
918 2170 1126 2215 corpore,
1153 2157 1260 2200 hinc
1289 2166 1475 2216 apparet
1505 2156 1643 2216 quod,
1670 2165 1895 2215 corrupto
1905 2155 2067 2215 aliquo
2094 2169 2170 2199 or-

206 2238 326 2281 gano
349 2224 587 2277 sentiendi,
614 2224 918 2283 corrumpitur
945 2223 1150 2282 operatio
1178 2237 1269 2267 una
1295 2237 1469 2277 sensus,
1496 2224 1613 2267 sicut
1635 2233 1850 2282 corrupto
1877 2221 2031 2277 oculo,
2053 2220 2171 2266 visio

207 2290 383 2334 deficit:
411 2300 596 2349 propter
622 2290 744 2349 quod
772 2300 986 2348 corrupto
1015 2304 1190 2348 organo
1217 2300 1380 2344 tactus,
1407 2290 1504 2334 sine
1537 2304 1627 2349 quo
1654 2304 1749 2334 non
1776 2299 1926 2349 potest
1951 2302 2053 2334 esse
2075 2287 2172 2333 ani-

212 2357 321 2411 mal,
349 2367 529 2415 oportet
560 2357 683 2416 quod
711 2356 881 2401 animal
903 2358 1136 2401 moriatur.
1165 2357 1238 2401 Ad
1266 2357 1540 2401 evidentiam
1571 2367 1721 2401 autern
1749 2356 2026 2415 praemissae
2050 2354 2174 2399 dubi·

210 2424 395 2468 tationis
424 2423 806 2468 considerandum
825 2434 891 2468 est
917 2423 1054 2482 quod,
1082 2424 1197 2467 sicut
1215 2433 1282 2468 est
1303 2424 1416 2467 ordo
1439 2423 1486 2467 in
1514 2423 1661 2468 causis
1688 2422 1938 2482 agentibus,
1953 2423 2017 2467 ita
2032 2422 2170 2469 etiam

205 2491 252 2534 in
281 2491 428 2535 causis
455 2490 678 2544 finalibus,
704 2500 754 2534 ut
778 2490 953 2534 scilicet
980 2490 1275 2535 secundarius
1302 2490 1404 2535 finis
1431 2504 1456 2533 a
1481 2489 1722 2549 principali
1746 2489 2017 2548 dependeat,
2054 2489 2172 2534 sicut

209 2558 530 2602 secundarium
557 2572 697 2616 agens
725 2572 750 2601 a
777 2557 1015 2616 principali
1038 2558 1274 2615 dependet.
1301 2557 1482 2602 Accidit
1505 2568 1658 2602 autem
1680 2567 1922 2616 peccatum
1946 2558 1993 2601 in
2020 2555 2169 2600 causis

211 2625 445 2683 agentibus
464 2625 647 2683 quando
674 2625 993 2669 secundarium
1017 2639 1156 2683 agens
1175 2625 1266 2668 exit
1283 2624 1336 2668 ab
1357 2624 1516 2668 ordine
1533 2623 1794 2683 principalis
1822 2623 2020 2682 agentis;
2052 2623 2171 2668 sicut

207 2706 349 2750 quum
369 2692 477 2735 tibia
495 2691 646 2735 deficit
661 2702 845 2750 propter
870 2706 1000 2735 suam
1022 2692 1291 2735 curvitatem
1315 2691 1367 2734 ab
1389 2691 1678 2735 exsecutione
1702 2700 1854 2735 motus
1871 2705 2009 2750 quem
2029 2690 2173 2734 virtus

214 2759 458 2818 appetitiva
492 2759 760 2818 imperabat,
799 2759 1000 2817 sequitur
1027 2758 1314 2803 claudicatio.
1352 2758 1427 2801 Sic
1464 2758 1601 2815 igitur
1628 2767 1671 2802 et
1694 2758 1742 2801 in
1778 2757 1925 2802 causis
1949 2755 2172 2815 finalibus,

211 2840 353 2884 quum
379 2826 480 2869 finis
507 2825 800 2870 secundarius
826 2839 920 2869 non
949 2819 1207 2869 continetur
1224 2826 1304 2869 sub
1330 2825 1487 2868 ordine
1505 2823 1764 2883 principalis
1789 2823 1905 2878 finis,
1931 2833 1999 2868 est
2017 2836 2174 2883 pecca·

210 2904 307 2937 tum
334 2893 597 2947 voluntatis,
625 2895 752 2951 cujus
780 2894 1011 2950 objectum
1029 2903 1096 2936 est
1121 2893 1294 2935 bonum
1313 2902 1362 2935 ut
1387 2891 1501 2935 finis.
1523 2891 1770 2943 Quaelibet
1791 2900 1944 2936 autem
1960 2889 2174 2935 voluntas

210 2959 474 3004 naturaliter
499 2960 596 3004 vult
621 2959 732 3003 illud
760 2961 882 3018 quod
909 2970 975 3004 est
997 2960 1233 3018 proprium
1258 2957 1455 3002 volentis
1476 2959 1664 3011 bonum,
1692 2957 1868 3002 scilicet
1886 2957 2038 3016 ,ipsum
2073 2969 2173 3002 esse

208 3018 476 3086 perfectum,
504 3038 548 3071 et
572 3041 666 3070 non
693 3037 843 3086 potest
860 3027 1139 3070 contrarium
1166 3026 1299 3083 hujus
1316 3024 1448 3068 velle.
1471 3025 1523 3068 ln
1539 3024 1620 3068 illo
1643 3024 1779 3083 igitur
1793 3023 1978 3068 volente
1994 3022 2173 3069 nullum

208 3105 358 3154 potest
384 3106 624 3154 peccatum
650 3094 897 3138 voluntatis
926 3094 1131 3138 accidere
1151 3095 1278 3152 cujus
1294 3092 1468 3136 bonurn
1497 3102 1563 3136 est
1580 3091 1765 3136 ultimus
1790 3090 1913 3147 finis;
1939 3090 2204 3162 quodmn„

210 3163 466 3206 continetur
488 3163 568 3206 sub
597 3161 781 3206 alterius
807 3161 908 3205 finis
935 3161 1108 3213 ordine,
1136 3161 1216 3204 sed
1243 3160 1323 3203 sub
1348 3160 1444 3217 ejus
1462 3159 1621 3203 ordine
1639 3172 1801 3203 omnes
1828 3157 1906 3203 alii
1927 3157 2043 3204 fines
2060 3170 2170 3203 con·-

205 3229 415 3273 tinentur.
444 3228 720 3287 Huiusmodi
735 3238 887 3272 autem
904 3227 1063 3272 volens
1078 3236 1145 3271 est
1161 3227 1302 3280 Deus,
1321 3227 1447 3284 cujus
1462 3240 1559 3270 esse
1574 3236 1641 3270 est
1653 3239 1834 3270 summa
1847 3225 2172 3284 δοῃὶῑιε,φάο

209 3295 469 3339 estultimus
482 3296 597 3340 finis.
610 3296 661 3339 In
682 3296 785 3340 Deo
803 3296 940 3354 igitur
951 3305 1192 3353 peccatum
1204 3293 1450 3338 voluntatis
1466 3307 1563 3338 esse
1581 3307 1675 3337 non
1692 3302 1855 3352 potest.
1879 3292 1935 3337 In
1947 3303 2171 3353 quocum«-¹

208 3376 294 3420 que
313 3373 463 3407 autem
485 3362 574 3407 alio
589 3362 786 3417 volente,
807 3363 932 3420 cujus
957 3362 1193 3420 proprium
1210 3361 1383 3405 bonum
1413 3375 1599 3406 necesse
1623 3371 1690 3405 est
1711 3360 1793 3405 sub
1813 3358 1974 3405 ordine
1985 3357 2171 3404 ⁴alterius

209 3429 316 3472 boni
338 3430 572 3483 contineri,
591 3439 740 3488 potest
758 3439 998 3488 peccatum
1018 3428 1223 3472 accidere
1241 3426 1502 3482 voluntatis,
1519 3427 1556 3471 si
1572 3427 1619 3471 in
1641 3441 1723 3472 sua
1742 3431 1904 3472 natura
1920 3424 2172 3472 considete-

211 3506 294 3539 tur.
319 3497 446 3540 Licet
463 3497 584 3541 enim
599 3495 814 3540 naturalis
841 3495 1077 3539 inclinatio
1094 3494 1369 3539 voluntatis
1359 3496 1464 3539 insit
1480 3494 1723 3553 unicuique
1739 3490 1924 3539 volenti
1931 3489 1994 3539 ad
2016 3489 2170 3536 volen-

212 3563 320 3606 dum
343 3573 387 3607 ct
405 3563 653 3607 amandum
671 3563 740 3607 sui
756 3563 897 3622 ipsius
914 3561 1286 3622 perfectionem,
1276 3571 1338 3606 ita
1355 3562 1477 3620 quod
1496 3561 1775 3606 contrarium
1790 3560 1926 3620 hujus
1940 3543 2059 3605 velle
2073 3570 2169 3602 non
