2332 3854
795 221 950 262 mam<
988 222 1062 261 ιν.
1103 221 1224 261 cap,
1265 219 1416 259 xxix.
1967 205 2068 274 603

121 320 260 376 Quod
286 322 471 383 quidem
495 322 543 368 in
568 323 803 383 proposito
825 339 919 369 non
947 324 1124 370 accidit.
1149 325 1273 369 Nam
1299 321 1424 368 nulla
1451 320 1712 380 Scripturae
1735 322 1982 366 auctoritas
2003 334 2076 365 ve·

32 391 41 420 *2
117 388 296 434 ritatem
323 403 498 444 eorum,
524 404 640 449 quae
667 390 722 434 de
747 390 1030 436 humanitate
1054 391 1228 437 Christi
1252 390 1482 450 leguntur,
1508 387 1720 434 excludit.

29 499 30 502 ,
203 454 340 501 Forte
367 466 520 501 autem
542 456 640 515 quis
667 456 787 501 dicat
811 458 933 516 quod
959 458 1051 502 hoc
1077 458 1209 503 datur
1232 456 1426 515 intelligi
1449 469 1529 515 per
1553 455 1645 500 hoc
1678 454 1801 514 quod
1827 452 2076 513 Apostolus

67 521 70 524 ⁴
119 521 231 567 dicit
253 522 411 582 (Rom.
438 522 561 567 VIII.
591 523 676 580 3.):
702 523 823 568 Misit
847 525 962 570 Deus
982 525 1142 569 Filium
1171 539 1293 569 suum
1325 525 1369 569 in
1401 522 1715 568 similitudinem
1737 522 1880 566 carnis
1895 521 2075 579 peccati,

116 587 192 635 vel
215 602 297 648 per
320 589 411 633 hoc
437 589 559 649 quod
586 590 694 634 dicit
719 590 936 649 (Philipp.
970 592 1024 635 ΙΙ.
1060 591 1150 648 7.):
1183 592 1235 635 In
1264 589 1577 635 similitudinem
1609 589 1825 633 hominum
1858 588 2006 640 factus,
2039 593 2078 631 et

116 653 259 700 babitu
283 657 474 700 inventus
497 662 543 700 ut
567 656 702 700 homa.
730 656 816 699 Hic
843 667 995 701 autem
1022 672 1180 702 sensus
1214 671 1293 716 per
1326 671 1380 701 ea
1411 670 1528 715 quae
1560 656 1635 699 hic
1670 654 1897 699 adduntur
1928 652 2077 709 exclu-

121 719 253 765 ditur.
283 721 392 766 Non
423 722 547 766 enim
573 722 682 766 dicit
711 721 862 766 solum
894 725 939 767 in
969 723 1283 768 similitudinem
1315 725 1468 771 carnis.
1503 722 1581 766 sed
1615 721 1737 766 addit
1761 722 1938 780 peccati,
1971 720 2077 778 quia

117 786 327 832 Christus
352 801 509 832 veram
534 788 721 847 quidem
747 802 933 833 carnem
959 789 1129 846 habuit,
1156 789 1235 834 sed
1261 803 1356 833 non
1385 803 1571 833 carnem
1597 785 1789 846 peccati,
1815 787 1921 846 quia
1947 787 1994 830 in
2019 799 2076 831 eo

115 862 356 912 peccatum
377 868 472 899 non
488 853 594 909 fuit;
620 854 699 899 sed
721 853 919 899 similem
939 856 1063 899 carni
1080 856 1270 914 peccati,
1287 855 1392 914 quia
1414 869 1601 899 carnem
1623 853 1885 913 passibilem
1902 850 2077 908 habuit,

81 914 86 922 ’
116 918 261 979 qualis
287 930 354 965 est
375 920 496 965 facta
519 935 625 965 caro
647 922 849 966 hominis
876 935 929 965 ex
955 932 1160 981 peccato.
1180 922 1415 975 Similiter,
1434 921 1629 965 fictionis
1651 919 1907 965 intellectus
1925 918 2077 963 exclu-

60 999 66 1007 ·
115 985 235 1031 ditur
259 985 314 1030 ab
339 987 430 1031 hoc
457 987 579 1046 quod
612 987 742 1031 dicit:
775 988 826 1032 In
856 988 1170 1033 similitudinem
1202 989 1419 1032 hominum
1441 988 1600 1046 factus,
1633 1000 1713 1046 per
1736 986 1827 1030 hoc
1855 985 1978 1045 quod
2012 985 2073 1029 di-

117 1051 255 1098 citur:
273 1053 475 1098 Formam
489 1055 600 1098 servi
615 1056 823 1112 accipiens
834 1069 850 1106 ,·
880 1053 1172 1098 manifestum
1190 1066 1258 1099 est
1279 1064 1430 1098 autem
1449 1053 1647 1098 formam
1669 1066 1753 1111 pro
1770 1062 1930 1096 natura
1947 1051 2073 1111 poni,

116 1127 163 1165 et
185 1132 279 1168 non
304 1133 386 1178 pro
412 1119 722 1174 similitudine,
749 1135 804 1165 ex
828 1121 919 1164 hoc
943 1121 1065 1179 quod
1092 1121 1287 1165 dixerat:
1323 1122 1412 1177 Qui
1437 1135 1564 1178 quum
1595 1122 1640 1163 in
1664 1120 1813 1178 forma
1844 1120 1932 1164 Dei
1961 1125 2074 1173 esset,

115 1184 193 1234 ubi
217 1199 301 1244 pro
325 1195 485 1231 natura
511 1186 693 1245 ponitur
718 1185 890 1241 forma3
916 1201 1011 1231 non
1038 1187 1164 1238 enim
1188 1187 1372 1245 ponitur
1399 1187 1522 1245 quod
1550 1186 1760 1231 Christus
1790 1184 1926 1230 fuerit
1955 1185 2079 1229 sirni-

114 1249 371 1296 litudinarie
395 1252 535 1297 Deus.
563 1252 827 1297 Excluditur
853 1253 990 1297 etiam
1016 1253 1213 1298 fictionis
1238 1253 1495 1298 intellectus
1527 1267 1607 1312 per
1637 1253 1727 1296 hoc
1751 1252 1874 1311 quod
1900 1251 2071 1296 subdit:

115 1318 269 1367 Facues
292 1318 478 1364 obediens
508 1334 630 1378 usque
656 1319 711 1364 ad
740 1326 928 1365 mortem.
954 1319 1063 1366 Non
1087 1320 1224 1378 igitur
1250 1319 1501 1364 similitudo
1528 1319 1747 1378 accipitur
1768 1332 1850 1377 pro
1873 1317 2078 1363 similitu-

115 1384 226 1430 dine·
246 1385 550 1445 apparentiae,
576 1386 654 1430 sed
681 1400 763 1445 pro
789 1400 896 1431 vera
922 1385 1217 1432 similitudine
1243 1386 1427 1444 speciei,
1453 1386 1571 1431 sicut
1595 1399 1758 1430 omnes
1782 1385 1997 1430 homines
2023 1384 2078 1429 si-

115 1450 249 1496 miles
272 1452 424 1510 specie
451 1451 673 1497 dicuntur.

205 1516 354 1576 Magis
385 1527 537 1565 autem
559 1532 688 1563 sacra
711 1519 942 1578 Scriptura
958 1533 1167 1579 expresse
1188 1519 1519 1578 phantasmatis
1535 1519 1844 1578 suspicionem
1866 1518 2079 1564 excludit.

75 1646 79 1649 ²
117 1583 296 1629 Dicitur
329 1584 453 1629 enim
488 1585 671 1642 (Matth.
704 1585 827 1630 xlv,
855 1584 948 1643 26.)
985 1586 1108 1645 quod
1146 1586 1369 1646 discipun,
1401 1586 1558 1644 Jesum
1584 1586 1763 1630 videntes
1792 1586 2078 1631 ambulantem
2134 1588 2139 1593 ·

115 1657 244 1710 supra
274 1664 407 1706 mare,
435 1652 596 1696 turbati
624 1658 733 1706 sunt,
761 1651 935 1698 dicentes
959 1655 1059 1712 quia
1084 1653 1341 1713 phantasma
1372 1659 1428 1698 est
1437 1668 1453 1705 ;
1488 1659 1527 1697 et
1549 1660 1656 1711 prae
1688 1654 1837 1698 timore
1868 1652 2077 1697 clamave-

118 1722 242 1770 runt,·
284 1730 421 1776 quam
452 1717 635 1776 quidem
678 1732 838 1762 eorum
879 1719 1189 1779 suspicionem
1228 1719 1456 1764 Dominus
1490 1721 1815 1763 convenienter
1855 1721 2076 1772 removit;

122 1783 243 1827 uude
268 1783 489 1828 subditur:
515 1784 744 1846 Statimque
759 1786 873 1842 Jesus
898 1786 1058 1831 locutus
1083 1793 1138 1831 est
1162 1787 1233 1841 eis,
1259 1786 1420 1831 dicens:
1452 1786 1610 1831 Habete
1629 1785 1845 1841 fiduciam,
1878 1800 1947 1844 ego
1968 1801 2075 1840 sum,

121 1849 246 1900 nolite
281 1851 425 1895 timere
434 1865 452 1903 ,·
484 1851 691 1910 quamvis
723 1865 818 1896 non
850 1852 1118 1897 rationabile
1149 1852 1354 1897 videatur
1379 1851 1503 1911 quod
1540 1861 1618 1896 aut
1649 1851 1897 1910 discipulos
1919 1851 2076 1896 lateret

123 1916 246 1976 quod
270 1917 454 1961 nonnisi
480 1930 645 1976 corpus
670 1917 1006 1977 phantasticum
1044 1918 1374 1978 assumpsisset,
1412 1933 1552 1977 quum
1580 1932 1659 1963 eos
1693 1918 1747 1962 ad
1774 1918 1865 1962 hoc
1893 1917 2079 1977 elegerit
2140 1914 2142 1916 ’

121 1991 172 2027 ut
196 1982 252 2027 de
279 1997 335 2028 eo
351 1983 666 2028 testimonium
691 1984 979 2043 perhiberent
1002 1985 1203 2030 veritatis
1221 1999 1276 2030 ex
1291 1985 1362 2029 his
1389 1999 1505 2044 quae
1520 1985 1727 2029 viderant
1744 1994 1788 2029 et
1814 1985 2077 2039 audierant;

124 2059 216 2104 aut,
240 2049 280 2095 si
304 2063 384 2094 eos
409 2063 505 2094 non
528 2049 711 2104 latebat,
737 2051 993 2096 aestimatio
1019 2052 1350 2111 phantasmatis
1374 2065 1469 2096 non
1500 2051 1764 2096 incussisset
1794 2061 1902 2096 tunc
1930 2052 1994 2096 eis
2025 2051 2075 2095 ti-
2122 2088 2125 2092 .

121 2128 318 2161 morem.

210 2183 376 2227 Adhuc
419 2193 572 2228 autern
605 2184 855 2243 expressius
897 2185 1204 2244 suspicionem
1229 2185 1503 2244 phantastici
1534 2186 1738 2244 corporis
1781 2198 1807 2228 a
1847 2183 2075 2229 mentibus

123 2248 451 2309 discipulorum
462 2250 898 2296 removitDominus
910 2262 1014 2310 post
1025 2252 1420 2297 resurrectionem.
1437 2251 1618 2296 Dicitur
1645 2251 1768 2295 enim
1796 2251 1919 2309 quod
1951 2250 2080 2295 disci-

121 2315 217 2377 puli
232 2317 366 2376 (Luc.
378 2316 545 2362 XXIV.
566 2317 655 2376 37.)
673 2319 908 2363 conturbati
923 2325 960 2363 et
980 2321 1196 2364 conterriti
1212 2319 1503 2365 existimabant
1519 2333 1558 2363 se
1583 2319 1779 2377 spiritum
1795 2318 1950 2371 videre,
1969 2317 2080 2361 dum

123 2381 299 2428 scilicet
317 2383 528 2428 viderunt
545 2384 715 2442 Jesum,
740 2391 780 2430 et
809 2385 918 2430 dixit
932 2387 1013 2430 eis.-
1033 2385 1149 2443 Quid
1166 2387 1322 2430 turbati
1352 2387 1458 2440 estis,
1490 2391 1527 2430 et
1561 2386 1827 2443 cogitationes
1859 2384 2080 2430 ascendunt

122 2450 169 2494 in
199 2449 328 2495 corda
351 2451 523 2496 vestra?
561 2450 696 2496 Videte
720 2466 867 2496 manus
897 2466 1008 2497 meas
1038 2458 1075 2496 et
1087 2451 1208 2511 pedes
1227 2466 1350 2506 meos,
1378 2453 1478 2511 quia
1500 2466 1569 2509 ego
1593 2453 1675 2510 ipse
1705 2466 1795 2496 sum
1802 2466 1821 2508 ,·
1848 2452 2021 2511 palpate
2041 2457 2080 2495 et

125 2516 273 2573 videte,
301 2517 401 2576 quia
435 2517 606 2576 spiritus
639 2532 808 2562 carnem
837 2525 878 2564 et
906 2533 994 2564 ossa
1014 2534 1099 2563 non
1134 2519 1268 2574 habet,
1296 2521 1403 2564 sicut
1432 2526 1497 2563 me
1530 2518 1678 2564 videtis
1709 2519 1869 2563 habere.
1901 2519 2082 2562 Frustra

128 2582 252 2628 enim
277 2597 326 2628 se
350 2582 626 2643 palpandum
647 2585 941 2643 praebuisset,
968 2587 1005 2630 si
1036 2585 1220 2630 nonnisi
1245 2599 1411 2644 corpus
1432 2585 1772 2643 phantasticum
1804 2585 2050 2631 habuisset.

215 2649 359 2694 Item:
387 2649 602 2709 Apostoli
626 2650 798 2709 seipsos
822 2651 1016 2696 idoneos
1049 2651 1221 2697 Christi
1245 2661 1383 2696 testes
1415 2651 1681 2705 ostendunt;
1708 2651 1818 2695 dicit
1843 2651 1965 2695 enim
2001 2651 2082 2695 Pe·

125 2724 219 2760 trus
244 2716 370 2775 (Act.
394 2715 449 2759 X.
475 2716 594 2773 40.):
621 2717 761 2770 Hunc,
788 2717 961 2762 scilicet
979 2718 1150 2776 Jesum,
1169 2719 1282 2762 Deus
1299 2718 1515 2762 suscitav-it
1547 2719 1670 2761 tertia
1697 2716 1774 2770 die,
1801 2723 1840 2762 et
1860 2716 1967 2761 dedit
1987 2732 2079 2762 eum

131 2782 398 2842 manifestum
408 2782 511 2841 fieri
528 2796 612 2827 non
637 2784 752 2827 omni
769 2784 941 2842 populo,
961 2783 1027 2828 sed
1051 2784 1214 2829 testibus
1223 2783 1532 2842 praeordinatis
1553 2797 1579 2827 a
1596 2784 1703 2836 Deo,
1721 2784 1851 2836 nobis,
1877 2785 1950 2842 qui
1964 2797 2082 2828 man·

126 2848 370 2894 ducavimus
381 2854 418 2894 et
430 2849 606 2894 bibimus
622 2863 716 2894 cum
731 2850 818 2903 illo,
826 2857 1048 2909 postquam
1064 2851 1292 2895 resurrexit
1306 2863 1333 2893 a
1349 2851 1528 2894 mortuis
1536 2864 1554 2902 ;
1568 2849 1816 2906 etJoannes
1832 2848 2081 2907 apostolus,

126 2914 174 2960 in
189 2915 413 2975 principio
428 2928 535 2959 suae
553 2915 782 2974 Epistolae
810 2916 938 2961 dicit:
958 2916 1083 2973 Quod
1108 2915 1291 2960 vidimus
1317 2916 1445 2960 oculis
1473 2917 1636 2969 nostris,
1658 2915 1765 2974 quod
1784 2918 2080 2975 perspeximus,

127 2987 164 3027 et
192 2994 342 3026 manus
375 2987 539 3027 nostrae
571 2988 928 3027 contrectaverunt
953 2982 999 3027 de
1029 2983 1156 3027 verbo
1177 2984 1347 3026 vitae..
1367 3014 1377 3025 .
1397 3015 1437 3036 .‚
1461 2982 1533 3026 hoc
1552 2987 1761 3026 testamur.
1794 2981 1903 3026 Non
1933 2989 2083 3041 potest

130 3057 283 3093 autem
309 3047 468 3093 efficax
489 3050 608 3093 sumi
624 3049 937 3094 testimonium
963 3049 1161 3093 veritatis
1187 3063 1267 3108 per
1285 3062 1339 3093 ea
1364 3061 1495 3107 quae,
1526 3062 1622 3092 non
1642 3048 1689 3092 in
1716 3048 1782 3092 rei
1809 3048 2082 3103 exsistentia,

128 3114 208 3160 sed
233 3113 385 3159 solum
411 3115 459 3160 in
485 3116 747 3174 apparentia
763 3126 866 3160 sunt
884 3125 1023 3175 gesta.
1045 3115 1094 3159 Si
1109 3115 1246 3173 igitur
1268 3128 1432 3174 corpus
1452 3114 1625 3159 Christi
1641 3113 1725 3159 fuit
1741 3114 2082 3173 phantasticum

130 3190 176 3226 et
203 3194 299 3227 non
337 3195 444 3226 vere
474 3182 766 3226 manducavit
791 3193 836 3227 et
866 3182 990 3236 bibit,
1025 3196 1174 3241 neque
1200 3196 1306 3226 vere
1331 3182 1454 3226 visus
1481 3191 1548 3226 est
1581 3190 1625 3226 et
1656 3181 1863 3241 palpatus
1890 3193 1971 3236 est,
2002 3183 2083 3228 sed

130 3246 414 3306 phantastice
439 3257 630 3303 tanturn,
656 3248 884 3293 invenitur
913 3263 1006 3292 nou
1035 3262 1132 3293 esse
1166 3248 1384 3292 idoneum
1416 3249 1731 3293 testimonium
1749 3248 2083 3307 Apostolorum

133 3313 189 3358 de
208 3313 421 3369 Christo;
448 3324 493 3358 et
514 3315 576 3359 sic
602 3316 742 3359 inanis
761 3322 816 3360 est
836 3329 996 3360 eorum
1011 3315 1287 3374 praedicatio,
1312 3316 1451 3360 inanis
1465 3321 1521 3360 est
1540 3321 1577 3359 et
1587 3315 1690 3373 fides
1714 3325 1883 3370 nostra,
1905 3325 1958 3360 ut·
1974 3316 2084 3361 dicit

130 3378 301 3425 Paulus
328 3378 384 3438 (1.
417 3380 628 3426 Corinth.
655 3380 793 3438 XV.).

218 3445 430 3504 Amplius
453 3456 621 3500 autem,
647 3447 683 3491 si
711 3447 919 3493 Christus
945 3462 1102 3493 verum
1134 3460 1298 3506 corpus
1322 3461 1418 3493 non
1434 3447 1608 3502 habuit,
1623 3461 1719 3492 non
1742 3461 1849 3493 vere
1874 3458 2082 3494 mortuus

131 3519 213 3557 est.
238 3510 338 3571 Ego
362 3525 448 3557 nec
462 3525 570 3557 vere
586 3514 838 3558 resurrexit.
866 3513 983 3559 Sunt
1005 3514 1142 3574 igitur
1162 3513 1377 3573 Apostoli
1406 3513 1509 3559 falsi
1534 3524 1671 3560 testes
1694 3513 1881 3569 Christi,
1912 3515 2085 3574 praedi-

132 3585 287 3627 cantes
312 3577 485 3624 mundo
511 3579 660 3636 ipsum
685 3579 1003 3635 resurrexisse3
1026 3580 1145 3625 unde
1166 3579 1418 3640 Apostolus
1449 3580 1558 3626 dicit
1579 3579 1661 3640 (ib.
1695 3581 1808 3639 15.):
1834 3580 2084 3627 Invenimur
