2294 3854
206 238 315 292 710
874 234 1031 273 LIBER
1068 233 1140 271 1V.
1183 233 1303 271 CAP.
1339 231 1475 270 xcu.

200 337 420 380 luntatem
444 336 623 392 habere,
650 336 889 394 praecipue
917 347 1020 377 cum
1044 332 1122 376 illa
1146 332 1234 376 Dei
1251 331 1366 375 visio
1389 345 1569 391 semper
1594 331 1651 375 sit
1666 331 1712 375 in
1730 340 1848 385 actu,
1870 342 1919 376 ut
1944 331 1991 376 in
2017 332 2158 377 tertio

205 413 272 447 est
298 412 544 447 ostensum.

291 469 479 512 Adhuc:
503 468 756 512 intellectus
783 476 936 509 noster
968 465 1087 510 circa
1120 436 1439 509 conclusiones
1473 463 1646 523 aliquas
1673 477 1822 508 errare
1853 474 2004 523 potest
2029 474 2155 510 ante-

203 549 340 594 quam
365 535 411 578 in
443 535 589 593 prima
614 532 831 591 principia
858 531 1075 579 resolutio
1100 529 1228 584 fiat,
1215 544 1264 576 m
1286 545 1385 589 qua
1401 530 1698 587 resolutione
1696 532 1818 589 jam
1812 530 1940 585 facta
1964 531 2154 578 scientia

203 602 258 645 de
281 601 648 645 conclusionibus
673 599 877 654 habetur,
910 611 1024 656 quae
1048 595 1163 640 falsa
1189 610 1288 642 esse
1315 611 1418 641 non
1435 606 1610 662 potest.
1622 597 1750 641 Sicut
1773 607 1925 642 autem
1945 597 2084 642 habet
2099 611 2158 643 se

202 667 473 727 principium
506 665 902 708 demonstrationis
935 665 981 707 in
1014 662 1316 722 speculativis,
1347 664 1408 707 ita
1441 678 1488 708 se
1514 656 1651 708 habet
1675 664 1775 708 finis
1807 663 1855 708 in
1887 662 2155 723 appetitivis.

206 734 438 786 Quamdiu
463 733 599 790 igitur
624 731 763 775 finem
788 731 1001 775 ultimum
1023 744 1121 775 non
1144 730 1436 789 consequitur
1457 729 1668 776 voluntas
1693 740 1868 784 nostra,
1870 737 2155 790 potest-per·

205 801 331 854 verti,
362 813 455 843 non
483 808 634 841 autem
667 807 910 856 postquam
941 796 997 840 ad
1021 795 1298 842 fruitionem
1316 796 1472 841 ultimi
1497 795 1599 842 finis
1629 797 1918 856 perveneriur
1928 795 2069 856 quod-
2068 805 2154 845 eat

202 875 384 926 propter
420 865 620 922 seipsum
651 862 959 916 desiderabile,
993 863 1110 907 sicut
1139 863 1286 920 prima
1316 863 1538 922 principia
1572 862 2037 911 demonstrationum
2031 871 2157 912 fluat

204 947 282 992 per
304 946 351 976 se
374 940 495 975 nota.
2007 951 2028 975 f·
2070 951 2138 977 ‘w

290 998 521 1056 Amplius:
547 1001 732 1049 bonum,
764 996 810 1040 in
838 1005 1058 1072 quantum
1088 996 1366 1054 hujusmodi,
1398 995 1616 1054 diligibile
1642 1005 1728 1041 est.
1742 995 1907 1048 Quod
1916 995 2066 1054 ἰςίξυῖ·
2084 1008 2158 1055 ap-

203 1065 491 1125 prehenditur
517 1074 564 1108 ut
592 1065 831 1121 optimum,
851 1071 918 1107 est
935 1062 1134 1107 maxime
1151 1061 1383 1121 diligibile.
1403 1064 1494 1109 Sed
1511 1063 1758 1109 substantia
1770 1061 2007 1111 rationalis
2017 1062 2158 1111 beata

202 1132 359 1176 videns
389 1132 540 1175 Deum
573 1130 869 1188 apprehendit
899 1129 1049 1188 ipsum
1081 1139 1129 1173 ut
1156 1130 1397 1187 optimum.
1428 1129 1549 1188 Ergo
1582 1130 1783 1175 maxime
1812 1128 2155 1189 ipsumsdssigit.

204 1200 306 1244 Hoc
330 1208 479 1242 autem
506 1197 642 1241 habet
666 1196 781 1240 ratio
809 1196 978 1241 amoris
1001 1196 1122 1254 quod
1144 1195 1401 1241 voluntates
1426 1210 1475 1242 se
1499 1197 1751 1244 amantium
1776 1194 2161 1245 sintsconformes,

202 1264 471 1309 Voluntates
496 1264 633 1321 igitur
662 1263 902 1307 beatorum
927 1274 1032 1307 sunt
1057 1262 1256 1308 maxime
1283 1262 1544 1308 conformes
1570 1264 1688 1317 Deo,
1700 1262 1782 1322 qui
1806 1261 2163 1313 faeitxeetimdi-

202 1346 310 1377 nem
340 1331 599 1384 voluntatis,
627 1344 729 1374 cum
758 1329 910 1373 divina
935 1328 1145 1374 voluntas
1170 1330 1229 1374 sit
1253 1330 1399 1389 prima
1423 1328 1582 1388 regula
1613 1330 1823 1375 omnium
1839 1327 2156 1378 voluntatum

202 1397 471 1443 Voluntates
497 1397 634 1455 igitur
658 1397 811 1439 Deum
839 1395 1090 1440 videntium
1115 1410 1211 1440 non
1236 1406 1427 1455 possunt
1457 1395 1556 1440 fieri
1580 1409 1849 1455 perversae.
2101 1418 2105 1420 ·
2143 1416 2147 1420 ¹

292 1464 428 1508 Item·
456 1464 670 1522 quamdiu
704 1461 872 1521 aliquid
900 1472 967 1506 est
992 1472 1151 1506 natum
1183 1462 1359 1507 moveri
1385 1462 1442 1506 ad
1468 1461 1675 1519 alterum,
1700 1429 2081 1511 nondumfhabet
2092 1426 2158 1512 ull·

204 1533 366 1576 timum
393 1530 544 1574 finem
574 1530 621 1574 Si
653 1530 789 1587 igitur
825 1529 978 1576 anima
1003 1528 1136 1573 beata
1175 1539 1330 1588 posset
1365 1530 1513 1574 adhuc
1550 1528 1845 1583 transmutari
1874 1527 1944 1576 de
1955 1527 2081 1578 bono
2111 1526 2160 1572 in

206 1597 395 1651 malum,
420 1597 626 1641 nondum
653 1607 770 1641 esset
791 1596 838 1639 in
864 1595 1028 1639 ultimo
1045 1595 1149 1650 fine,
1167 1596 1291 1655 quod
1318 1606 1385 1640 est
1411 1606 1570 1641 contra
1600 1595 1888 1645 beatitudinis
1921 1594 2165 1645 rationem»-
2196 1603 2206 1611 ’

206 1663 500 1710 Manifestum
532 1672 599 1708 est
627 1664 764 1720 igitur
788 1662 918 1721 quod
951 1663 1132 1707 animae
1163 1677 1279 1721 quae
1309 1662 1464 1708 statim
1494 1673 1598 1721 post
1629 1673 1828 1709 mortem
1858 1660 1977 1754 fiunt
1997 1660 2164 1765 beate}
2228 1724 2231 1726 ‚

206 1731 452 1775 redduntur
471 1729 785 1793 immutabiles
811 1729 1068 1774 secundum
1097 1729 1400 1776 voluntatem.
2025 1749 2033 1755 ·

922 1883 1175 1939 CAPUT
1215 1883 1424 1940 XCIII.

469 2013 626 2059 QUOD
667 2012 874 2051 AmMAE
913 2012 1182 2051 MALORUM
1224 2012 1442 2051 HABENT
1483 2012 1623 2050 PosT
1658 2012 1964 2068 MORTEM-*j
2087 2019 2095 2044 i

633 2086 1015 2125 VOLUNTATEM
1053 2086 1437 2125 IMMUTABILEM
1469 2085 1525 2125 IN
1557 2085 1727 2124 MALo
1751 2084 1754 2086 ·
1852 2085 1854 2089 ’
1964 2086 1968 2089 ’

299 2197 516 2243 Similiter
542 2197 679 2241 etiam
706 2207 751 2241 et
777 2197 956 2241 animae
983 2211 1099 2256 quae
1121 2197 1274 2243 statim
1295 2208 1400 2257 post
1424 2208 1622 2243 mortem
1650 2195 1940 2242 efficiunturt’
1924 2209 1990 2245 sa
1994 2207 2167 2254 ιβοβωδ

209 2267 415 2321 miserae,
448 2263 692 2308 redduntur
715 2263 1023 2309 immutabiles
1049 2264 1300 2308 secundum
1331 2264 1630 2309 voluntatem.
1694 2306 1700 2310 Χ
1990 2285 2028 2312 »»
2036 2288 2074 2312 v

302 2332 550 2377 Ostensum
574 2341 642 2377 est
658 2331 780 2375 enirn
801 2331 849 2374 in
874 2331 1008 2375 tertio
1026 2331 1087 2389 (c.
1109 2343 1204 2387 145
1208 2331 1242 2387 ),
1259 2331 1381 2389 quod
1399 2338 1590 2389 peccato
1609 2329 1793 2375 mortali
1808 2294 2010 2378 debetur
2006 2295 2166 2388 poena

209 2409 426 2460 perpetua
448 2398 715 2442 animarum.
742 2397 850 2441 Non
876 2407 1030 2441 autem
1053 2407 1175 2444 esset
1195 2407 1412 2456 perpetua
1437 2411 1586 2456 poena
1613 2397 1870 2443 animarum
1894 2408 2020 2457 quae
2037 2395 2162 2444 dama*

211 2477 389 2519 nantur,
421 2466 458 2510 si
490 2475 675 2524 possent
699 2464 983 2509 voluntatem
1016 2474 1192 2510 mutare
1222 2464 1270 2508 in
1296 2463 1479 2509 melius:
1513 2463 1619 2522 quia
1649 2463 1872 2522 iniquum
1886 2470 2021 2511 esset.
2034 2461 2164 2522 quod

212 2548 266 2578 ex
292 2547 384 2592 quo
419 2533 589 2577 bonam
625 2531 909 2576 voluntatem
939 2531 1172 2585 haberent,
1205 2541 1424 2589 perpetuo
1456 2531 1735 2590 punirentur.
1766 2527 2005 2578 Voluntas
2026 2528 2168 2588 igitur

211 2600 390 2645 animae
422 2599 663 2643 damnatae
689 2612 783 2642 non
809 2608 959 2656 potest
984 2597 1149 2643 mutari
1181 2598 1227 2642 in
1257 2598 1445 2657 bonum.
1890 2625 1894 2636 A
2030 2629 2048 2639 Χ
2065 2627 2098 2645 Χ,
2150 2626 2153 2629 -

300 2667 559 2710 Praeterea:
589 2666 693 2742 'ipsa
732 2665 1007 2709 inordinatio
1039 2664 1287 2711 voluntatis
1320 2666 1544 2723 quaedam
1577 2677 1730 2724 poena
1773 2671 1877 2718 est,
1887 2638 1934 2707 et
1966 2661 2171 2739 maxime

213 2733 438 2785 afflictiva,
456 2733 561 2791 quia
587 2733 632 2776 in
651 2742 870 2790 quantum
889 2731 1024 2776 habet
1050 2731 1356 2776 inordinatam
1373 2732 1656 2777 voluntatem
1675 2731 1853 2789 aliquis,
1865 2723 2113 2787 displicent
2111 2727 2169 2777 ei

213 2814 327 2876 quae
338 2810 458 2844 recte
470 2799 607 2852 fiunt3
621 2808 666 2843 et
682 2798 905 2842 damnatis
920 2798 1169 2857 displicebit
1187 2800 1309 2857 quod
1325 2799 1538 2844 voluntas
1548 2799 1637 2843 Dei
1652 2792 1921 2856 impleturin
1939 2794 2166 2848 omnibus,

224 2867 298 2911 cui
322 2867 556 2925 peccando
574 2867 843 2910 restiterunt.
869 2865 1010 2923 Igitur
1034 2866 1289 2910 inordinata
1313 2865 1525 2910 voluntas
1551 2878 1786 2924 nunquam
1809 2859 2167 2925 abscisionem-

301 2934 492 2979 Adhuc:
519 2933 803 2977 voluntatem
836 2948 862 2976 a
896 2943 1084 2990 peccato
1117 2933 1284 2978 mutari
1314 2934 1362 2977 in
1392 2933 1566 2977 bonum
1597 2945 1692 2976 non
1718 2927 2170 2989 contingitonisiper

215 3000 407 3059 gratiam
427 3001 528 3054 Dei,
555 3011 604 3044 ut
628 3010 752 3058 patet
777 3014 832 3044 ex
857 3000 927 3044 his
952 3014 1071 3059 quae
1096 3000 1145 3044 in
1170 3000 1303 3044 tertio
1330 3001 1391 3058 (c.
1424 3013 1518 3058 157.
1547 3011 1590 3044 et
1620 2999 1738 3056 158.)
1755 2994 2175 3055 &atzmu-Sicut.

216 3078 367 3112 autem
392 3067 620 3112 bonorum
654 3067 835 3111 animae
867 3067 1164 3112 admittuntur
1196 3067 1252 3111 ad
1284 3067 1532 3126 perfectam
1562 3065 1977 3126 participationem
1985 3061 2173 3111 divana&

212 3134 440 3187 bonitatis,
466 3135 528 3178 ita
555 3134 873 3178 damnatorum
904 3135 1083 3178 animae
1106 3148 1132 3178 a
1159 3136 1302 3193 gratia
1327 3133 1528 3178 totaliter
1555 3132 1868 3178 excluduntur.
1883 3129 2018 3177 Non
2023 3128 2174 3226 igitur

214 3211 425 3259 poterunt
459 3202 637 3245 animae
669 3201 910 3245 damnatae
936 3202 983 3244 in
1010 3200 1172 3246 melius
1205 3211 1382 3246 mutare
1409 3200 1708 3245 voluntatem.

305 3267 566 3312 Praeterea:
594 3268 710 3311 sicut
734 3268 843 3312 boni
876 3268 921 3311 in
955 3281 1090 3312 carne
1114 3268 1318 3312 viventes
1344 3269 1552 3312 omnium
1585 3280 1774 3312 suorum
1796 3277 2012 3325 opmum
2015 3272 2069 3310 ,et
2093 3237 2169 3308 de·

217 3335 484 3379 sideriorum
517 3334 654 3379 finem
687 3335 967 3380 constituunt
996 3335 1043 3379 in
1068 3336 1186 3389 Deo,
1211 3335 1275 3380 ita
1305 3335 1452 3379 mali
1440 3349 1487 3378 m
1515 3334 1668 3393 aliquo
1699 3322 1906 3378 indebito
1921 3330 2038 3376 fine
2046 3343 2173 3376 aven-

218 3410 338 3445 tente
365 3415 444 3445 eos
471 3416 495 3444 a
527 3402 644 3446 Deo.
683 3402 771 3445 Sed
810 3401 989 3445 animae
1026 3412 1259 3461 separatae
1290 3402 1520 3446 bonorum
1549 3399 1847 3444 immobiliter
1862 3397 2176 3445 'mhaetebunt

219 3467 312 3520 fmi,
337 3482 472 3526 quem
504 3469 550 3512 in
575 3469 662 3512 hac
689 3469 779 3513 vita
808 3469 890 3513 sibi
916 3469 1279 3528 praestituerunt,
1301 3468 1477 3513 scilicet
1504 3468 1621 3513 Dec.
1649 3466 1772 3526 Ergo
1799 3475 1851 3513 et
1870 3465 2174 3511 animatam&

219 3533 367 3578 lorum
387 3534 679 3579 immobiliter
702 3535 999 3580 inhaerebunt
1014 3535 1247 3596 finiquem
1269 3536 1351 3581 sibi
1372 3535 1620 3595 elegerunt.
1640 3534 1770 3579 Sicut
1788 3532 2169 3593 igiturbonorum

221 3600 430 3646 voluntas
462 3616 555 3645 non
582 3603 748 3661 poterit
772 3602 871 3647 fleri
897 3601 1033 3657 mala,
1058 3602 1121 3647 ita
1145 3617 1231 3648 nec
1257 3601 1486 3648 malorum
1511 3603 1676 3660 poterit
1700 3600 1797 3646 fieri
1819 3601 2034 3645 boum-2¹2.
2158 3614 2161 3619 ⁴
