2332 3854
887 183 1042 223 LIBER
1080 183 1157 223 111.
1199 184 1318 222 CAP.
1361 183 1447 222 CL.
1827 152 1832 156 1
2031 183 2136 237 519

115 275 119 279 “
183 285 294 330 illud
325 299 404 344 per
434 285 554 329 bona
575 298 715 343 opera
740 297 1082 343 promovemur,
1104 284 1182 329 sed
1209 284 1360 344 potius
1381 298 1467 328 nos
1494 283 1596 328 ideo
1619 296 1700 341 per
1722 282 1844 326 bona
1866 296 2010 341 opera
2032 297 2133 342 pro-

184 351 376 406 ficimus,
402 351 506 411 quia
538 350 692 395 divino
721 351 888 395 auxilio
915 351 1246 410 praevenimur.

273 418 461 462 Adhuc:
489 432 629 477 agens
659 417 1003 462 instrumentale
1034 432 1128 462 non
1155 418 1354 476 disponit
1380 416 1435 461 ad
1468 415 1795 476 perfectionem
1828 415 2135 459 inducendam

154 543 157 547 V
182 499 208 528 a
234 484 468 544 principali
502 494 678 544 agente,
709 484 796 528 nisi
828 485 1078 528 secundum
1111 486 1231 543 quod
1259 485 1352 543 agit
1384 498 1437 528 ex
1459 485 1623 527 virtute
1649 482 1909 541 principalis
1933 482 2134 540 agentis;

179 551 298 595 sicut
319 551 444 595 calor
469 551 587 611 ignis
619 564 713 595 non
735 551 882 609 magis
908 561 1146 614 praeparat
1167 551 1406 596 materiam
1435 550 1491 594 ad
1515 549 1715 595 formam
1744 550 1890 594 carnis
1915 563 2053 608 quam
2078 549 2133 591 ad

180 616 318 661 aliam
344 615 557 672 formam,
583 617 670 662 nisi
699 618 746 661 in
778 627 1000 676 quantum
1033 619 1126 676 agit
1159 619 1204 661 in
1242 620 1405 662 virtute
1438 617 1633 661 animae.
1670 616 1760 661 Sed
1794 616 1947 659 anima
1978 625 2134 659 nostra

180 695 393 744 operatur
439 684 519 729 sub
561 685 664 728 Deo
697 685 812 729 sicut
855 698 994 742 agens
1037 683 1382 728 instrumentale
1423 685 1503 728 sub
1546 682 1784 742 principali
1817 693 1995 741 agente.
2028 681 2136 726 Non
2187 676 2189 678 ¹

175 751 312 809 igitur
335 760 485 810 potest
515 764 563 795 se
597 751 749 794 anima
781 764 1049 810 praeparare
1083 751 1137 794 ad
1171 751 1512 809 suscipiendum
1539 749 1752 794 effectum
1786 749 1927 794 divini
1960 747 2130 802 auxilii,

175 816 264 860 nisi
295 817 545 861 secundum
580 817 700 876 quod
725 818 819 876 agit
844 831 898 861 ex
924 818 1087 861 virtute
1113 817 1279 862 divina.
1308 817 1601 861 Praevenitur
1626 817 1763 876 igitur
1784 815 1939 860 divino
1966 815 2136 859 auxilio

177 882 234 927 ad
259 883 375 928 bene
405 883 689 943 operandum
722 884 868 943 magis
914 898 1053 942 quam
1094 883 1296 927 divinum
1332 883 1549 928 auxilium
1577 883 1853 942 praeveniat,
1878 882 2009 941 quasi
2040 896 2134 926 me-

179 949 322 994 rendo
353 948 480 1003 illud,
506 949 580 993 vel
612 964 660 994 se
693 950 1003 1009 praeparando
1036 950 1093 994 ad
1119 950 1244 994 illud.

266 1015 500 1075 Amplius:
534 1016 711 1060 nullum
739 1030 879 1074 agens
906 1016 1177 1075 particulare
1200 1027 1349 1076 potest
1377 1016 1688 1061 universaliter
1714 1015 1979 1074 praevenire
1998 1014 2135 1058 actio·

176 1097 286 1128 nem
312 1084 445 1142 primi
471 1083 737 1127 universalis
766 1084 956 1142 agentis,
981 1097 1035 1127 eo
1070 1083 1191 1142 quod
1219 1085 1369 1127 omnis
1396 1084 1515 1127 actio
1542 1082 1824 1141 particularis
1852 1081 2027 1140 agentis
2050 1081 2134 1124 ori-

176 1150 332 1208 ginem
358 1149 526 1194 habeat
551 1150 605 1194 ab
633 1149 876 1194 universali
910 1160 1088 1208 agente,
1121 1152 1237 1194 sicut
1268 1150 1314 1194 in
1346 1150 1442 1194 istis
1474 1149 1776 1207 inferioribus>
1797 1149 1947 1193 omnis
1979 1157 2132 1192 motus

174 1216 460 1276 praevenitur
492 1231 517 1260 a
549 1227 678 1260 motu
712 1216 913 1260 coelesti.
948 1216 1038 1260 Sed
1073 1217 1226 1260 anima
1261 1217 1465 1260 humana
1503 1217 1736 1260 ordinatur
1767 1215 1848 1260 sub
1882 1216 1984 1259 Deo
2018 1214 2135 1258 sicut

174 1281 442 1341 particulare
476 1297 617 1341 agens
649 1284 730 1327 sub
765 1283 1023 1327 universali.
1054 1283 1344 1341 Impossibile
1378 1293 1445 1327 est
1470 1296 1580 1341 ergo
1609 1297 1706 1327 esse
1733 1282 1932 1341 aliquem
1956 1290 2131 1325 rectum

173 1358 354 1394 motum
386 1350 433 1393 in
454 1350 551 1409 ipsa
577 1364 713 1409 quern
747 1364 841 1394 non
876 1350 1137 1409 praeveniat
1163 1349 1284 1394 actio
1311 1350 1484 1404 divina;
1521 1349 1640 1393 unde
1668 1359 1712 1393 et
1738 1349 1916 1406 (Joann.
1944 1346 2045 1391 XV.
2074 1347 2133 1405 5.)

167 1416 404 1461 Dominus
431 1417 562 1462 dicit:
591 1417 688 1462 Sine
713 1433 776 1461 me
807 1418 913 1461 nihil
935 1419 1100 1476 potestis
1122 1418 1280 1475 facere.

263 1482 405 1527 Item:
438 1497 615 1527 merces
642 1484 1012 1543 proportionatur
1043 1484 1222 1537 merito,
1256 1497 1397 1542 quum
1426 1483 1474 1528 in
1500 1483 1794 1527 retributione
1821 1482 2043 1528 mercedis
2065 1495 2135 1526 ae-

173 1548 366 1608 qualitas
396 1549 592 1608 justitiae
635 1550 912 1595 observetur.
954 1549 1152 1594 Effectus
1194 1561 1346 1594 autern
1384 1550 1525 1594 divini
1566 1550 1735 1604 auxilii,
1757 1550 1836 1608 qui
1866 1548 2131 1594 facultatem

174 1625 362 1660 naturae
389 1616 578 1670 excedit,
605 1630 699 1660 non
732 1627 800 1661 est
830 1616 1200 1675 proportionatus
1235 1617 1407 1660 actibus
1440 1630 1555 1675 quos
1588 1616 1733 1660 homo
1767 1631 1822 1661 ex
1853 1615 2048 1660 naturali
2072 1614 2132 1658 fa-

176 1681 343 1727 cultate
375 1682 598 1742 producit.
631 1683 738 1727 Non
769 1683 906 1742 igitur
937 1696 1016 1742 per
1046 1682 1314 1742 hujusmodi
1345 1693 1472 1727 actus
1505 1692 1655 1742 potest
1675 1683 1820 1727 homo
1846 1682 2130 1742 praedictum

175 1748 394 1793 auxilium
425 1750 604 1794 mereri.

258 1816 522 1862 Praeterea:
550 1817 753 1876 cognitio
780 1816 1012 1876 praecedit
1035 1816 1283 1861 voluntatis
1315 1826 1509 1861 motum.
1539 1816 1758 1876 Cognitio
1793 1826 1945 1861 autem
1979 1830 2131 1875 super-

167 1882 384 1927 naturalis
413 1882 518 1928 finis
551 1894 619 1928 est
649 1883 829 1928 homini
856 1897 881 1927 a
906 1884 1024 1938 Dec,
1062 1898 1203 1942 quum
1235 1898 1316 1943 per
1356 1884 1582 1929 rationem
1622 1882 1878 1928 naturalem
1904 1883 1951 1926 in
1977 1883 2128 1942 ipsum

168 1949 390 2008 attingere
420 1948 565 1995 homo
597 1964 691 1995 non
713 1949 870 2008 possit,
897 1964 952 1994 eo
980 1950 1102 2009 quod
1128 1949 1392 1995 facultatem
1417 1950 1672 1994 naturalem
1702 1950 1903 1995 excedat.
1932 1949 2131 2009 Oportet

168 2029 279 2074 ergo
305 2016 428 2075 quod
454 2025 605 2061 motus
632 2016 879 2061 voluntatis
920 2026 1102 2060 nostrae
1143 2016 1190 2060 in
1232 2016 1446 2062 ultimum
1489 2016 1628 2061 finem
1662 2016 1882 2061 auxilium
1923 2016 2127 2060 divinum

167 2082 445 2140 praeveniat.

260 2149 379 2193 Hinc
413 2158 480 2193 est
520 2149 643 2208 quod
676 2150 840 2194 dicitur
871 2148 984 2208 (Tit.
1023 2150 1102 2194 111.
1139 2151 1223 2208 5.):
1255 2151 1355 2196 Non
1379 2166 1429 2195 ex
1461 2152 1648 2210 operibus
1667 2152 1854 2209 justitiae
1885 2164 1989 2209 quae
2012 2150 2127 2209 feci-

165 2229 259 2261 mus
286 2230 374 2270 nos,
406 2215 472 2261 sed
491 2216 710 2261 secundum
741 2231 858 2261 suam
888 2217 1220 2262 misericordiam
1250 2218 1384 2262 salvos
1405 2233 1478 2263 nos
1490 2219 1618 2277 feeit;
1643 2228 1690 2262 et
1715 2217 1873 2276 (Rom.
1900 2217 1981 2261 IX.
2014 2214 2130 2274 16.):

164 2282 263 2327 Non
282 2289 340 2328 est
363 2283 548 2337 volentis,
572 2282 747 2328 scilicet
771 2283 905 2338 velle,
931 2299 1003 2328 nec
1025 2286 1244 2339 currentis,
1273 2284 1447 2330 scilicet
1469 2299 1664 2339 currere,
1687 2284 1755 2330 sed
1774 2285 2002 2329 miserentis
2024 2284 2125 2338 Dei,

164 2349 270 2408 quia
300 2348 474 2394 scilicet
505 2359 686 2409 oportet
720 2350 843 2409 quod
876 2350 933 2394 ad
974 2350 1089 2395 bene
1130 2350 1380 2395 volendum
1408 2362 1453 2396 et
1478 2352 1763 2410 operandum
1794 2351 1939 2395 homo
1972 2350 2126 2394 divino

162 2416 479 2475 praeveniatur
511 2417 693 2471 auxilio,
730 2417 847 2461 sicut
887 2427 1159 2461 consuetum
1194 2427 1261 2462 est
1303 2418 1426 2476 quod
1460 2417 1648 2462 effectus
1688 2418 1851 2477 aliquis
1884 2432 1977 2462 non
2011 2417 2130 2462 attri-

161 2482 313 2527 buitur
336 2483 547 2541 proximo
569 2484 791 2542 operanti,
817 2484 896 2528 sed
922 2484 1071 2542 primo
1098 2485 1326 2539 moventi3
1354 2485 1608 2529 attribuitur
1635 2485 1757 2530 enim
1789 2485 1982 2533 victoria
2009 2484 2127 2538 duci,

163 2561 280 2607 quae
303 2548 460 2594 labore
479 2550 687 2594 militum
719 2560 1023 2609 perpetratur;
1050 2564 1143 2594 non
1178 2565 1288 2610 ergo
1315 2565 1395 2608 per
1419 2551 1687 2610 huJusmodi
1712 2551 1849 2612 verba
1876 2550 2128 2595 excluditur

162 2614 356 2660 liberum
387 2615 635 2661 voluntatis
662 2617 911 2671 arbitrium,
938 2617 1056 2661 sicut
1087 2617 1272 2676 quidam
1304 2617 1425 2662 male
1452 2618 1783 2671 intellexerunt,
1820 2618 1949 2677 quasi
1980 2617 2126 2660 homo

163 2695 258 2725 non
283 2681 340 2726 sit
363 2682 579 2726 dominus
619 2696 809 2727 suorum
842 2693 1027 2727 actuum
1063 2683 1332 2728 interiorum
1360 2694 1405 2728 et
1431 2685 1720 2738 exteriorum,
1754 2684 1833 2728 sed
1875 2683 2127 2728 ostenditur
2169 2731 2172 2734 ,

153 2748 266 2792 Deo
308 2762 406 2792 esse
439 2749 705 2807 subjectum.
733 2749 790 2794 Et
815 2748 1011 2807 (Thren.
1039 2745 1095 2793 V.
1123 2751 1216 2807 21.)
1251 2750 1435 2795 dicitur:
1482 2751 1688 2796 Converte
1718 2766 1805 2804 nos,
1839 2751 2038 2807 Domine,
2071 2749 2125 2794 ad

163 2819 212 2869 te,
240 2821 278 2860 et
301 2822 590 2860 convertemur
600 2831 616 2868 ;
651 2830 730 2874 per
756 2817 878 2875 quod
905 2826 1028 2875 patet
1053 2816 1176 2875 quod
1210 2818 1451 2861 conversio
1483 2827 1639 2862 nostra
1667 2817 1722 2861 ad
1759 2818 1911 2862 Deum
1944 2830 2125 2876 praeve-

161 2881 283 2926 nitur
308 2882 474 2926 auxilio
506 2882 595 2926 Dei
619 2896 704 2926 nos
732 2883 1051 2931 convertentis.
1094 2883 1280 2942 Legitur
1320 2894 1474 2928 tamen
1507 2884 1665 2942 (Zach.
1692 2884 1726 2927 Ι.
1763 2883 1823 2941 3.)
1850 2898 1903 2928 ex
1929 2897 2125 2942 persona

161 2947 249 2992 Dei
275 2948 472 2994 dictum:
508 2948 818 2993 Convern'mini
850 2949 903 2993 ad
928 2964 1008 3004 me,
1036 2956 1074 2994 et
1099 2957 1324 2994 convertar
1355 2950 1410 2994 ad
1434 2965 1535 3003 vos;
1559 2964 1653 2994 non
1677 2950 1785 3009 quin
1806 2950 1897 2994 Dei
1917 2949 2124 3009 operatio

159 3024 365 3059 nostram
398 3016 747 3060 conversionem
780 3016 1056 3075 praeveniat,
1099 3026 1147 3060 ut
1179 3016 1352 3060 dictum
1387 3027 1469 3070 est,
1512 3017 1590 3061 sed
1632 3018 1738 3076 quia
1771 3017 2122 3062 conversionem

160 3090 366 3126 nostram
395 3096 485 3141 qua
518 3082 574 3125 ad
605 3082 755 3140 ipsum
788 3083 1099 3127 convertimur
1126 3083 1308 3141 adjuvat
1333 3084 1675 3142 subsequenter,
1717 3098 1820 3128 earn
1861 3083 2122 3127 roborando

160 3157 210 3192 ut
235 3147 290 3191 ad
316 3147 528 3192 effectum
562 3149 796 3207 perveniat
826 3160 869 3193 et
901 3149 1171 3193 stabiliendo
1199 3160 1248 3193 ut
1279 3149 1419 3194 finem
1452 3150 1655 3194 debitum
1683 3159 2000 3210 consequatur.

249 3214 336 3259 Per
364 3214 455 3260 hoc
484 3226 636 3259 autem
663 3215 915 3260 excluditur
940 3231 1065 3262 error
1091 3216 1462 3276 Pelagianorum,
1495 3218 1573 3277 qui
1607 3218 1818 3262 dicebant
1857 3216 2123 3274 hujusmodi

161 3280 379 3325 auxilium
405 3292 590 3341 propter
615 3284 775 3327 merita
800 3283 931 3327 nobis
957 3283 1069 3337 dari,
1092 3293 1135 3328 et
1158 3285 1280 3343 quod
1303 3284 1635 3343 justificationis
1659 3295 1841 3329 nostrae
1864 3283 2045 3329 initium
2068 3297 2122 3327 ex

159 3348 292 3393 nobis
324 3348 395 3403 sit,
422 3349 762 3394 consummatio
789 3350 942 3395 autem
977 3363 1002 3394 a
1027 3350 1146 3396 Deo.
