2332 3854
286 218 354 271 92
954 217 1109 257 LIBER
1150 217 1186 256 1.
1229 215 1349 256 CAP.
1390 217 1574 256 LXXVI.

282 321 330 364 in
357 321 582 365 rationem
614 320 858 366 formalem
886 320 1065 380 objecti,
1092 321 1210 365 sicut
1235 319 1397 365 eadem
1417 321 1594 379 visione
1618 320 1827 366 videmus
1858 320 2015 365 lumen
2042 330 2087 366 et
2118 320 2247 366 colo-

284 401 380 431 rem
399 388 476 446 qui
498 387 547 432 fit
566 388 753 432 visibilis
776 398 879 432 actu
903 402 982 447 per
1003 387 1174 431 lumen.
1197 387 1319 432 Cum
1341 397 1494 432 autem
1511 387 1681 448 aliquid
1698 388 1892 432 velimus
1908 397 2092 447 propter
2106 387 2246 433 finem

284 464 475 508 tantum,
497 454 608 499 illud
636 455 758 514 quod
775 465 958 514 propter
982 454 1122 498 finem
1149 454 1443 510 desideratur,
1470 455 1632 513 accipit
1658 455 1885 499 rationem
1911 454 2042 499 voliti
2066 468 2122 499 ex
2142 454 2246 509 fine,

285 530 330 564 et
355 522 419 565 sic
447 521 548 565 finis
576 532 866 580 comparatur
889 521 943 564 ad
973 522 1133 579 ipsum,
1160 523 1277 566 sicut
1300 521 1418 565 ratio
1442 521 1648 567 formalis
1672 522 1727 565 ad
1751 522 1997 580 objectum,
2014 530 2065 566 ut
2089 520 2247 566 lumen

284 587 339 630 ad
367 588 588 632 colorem.
619 589 739 633 Cum
756 588 893 646 igitur
913 588 1039 631 Deus
1057 588 1214 632 omnia
1236 587 1324 631 alia
1340 588 1450 632 velit
1465 598 1648 647 propter
1669 602 1731 642 se,
1754 589 1871 632 sicut
1892 597 2076 647 propter
2091 587 2246 642 finem,

279 664 329 697 ut
354 663 587 698 ostensum
615 665 681 698 est
708 656 768 711 (c.
798 656 903 711 75.),
931 668 1023 698 uno
1052 664 1154 699 actu
1187 654 1434 700 voluntatis
1459 655 1555 700 vult
1580 669 1628 700 se
1655 665 1699 699 et
1727 654 1828 698 alia.

369 721 605 779 Amplius:
632 721 754 779 quod
774 720 971 779 perfecte
991 722 1285 780 cognoscitur
1303 732 1348 767 et
1364 722 1657 776 desideratur,
1679 721 1933 766 secundum
1953 729 2100 767 totam
2111 734 2246 771 ,suam

282 789 497 832 virtutem
522 788 815 845 cognoscitur
840 797 884 831 et
906 788 1196 832 desideratur.
1215 788 1337 833 Finis
1361 799 1515 833 autem
1535 789 1676 834 virtus
1695 798 1776 843 est,
1797 802 1893 832 non
1914 787 2069 832 solum
2084 801 2243 833 secun-

283 855 391 898 dum
416 855 537 913 quod
563 855 610 897 in
633 868 680 898 se
705 854 996 910 desideratur,
1017 855 1097 899 sed
1120 856 1258 900 etiam
1291 856 1543 900 secundum
1576 855 1697 915 quod
1723 854 1812 899 alia
1844 854 1957 899 fiunt
1982 853 2243 914 appetibilia

284 931 469 980 propter
500 921 673 979 ipsum3
698 923 774 979 qui
800 921 938 980 igitur
962 921 1160 981 perfecte
1183 923 1407 967 desiderat
1429 923 1582 978 finem,
1605 933 1798 982 utroque
1825 922 1968 967 modo
1994 923 2146 982 ipsum
2172 923 2245 967 de-

285 988 464 1032 siderat.
505 988 595 1031 Sed
631 1001 725 1031 non
759 997 826 1032 est
857 1003 1027 1047 ponere
1062 989 1261 1049 aliquem
1295 1000 1448 1034 actum
1473 990 1563 1034 Dei
1595 990 1806 1045 volentis,
1841 1003 1933 1048 quo
1959 989 2070 1034 velit
2102 1003 2166 1044 se,
2199 998 2244 1033 et

282 1069 376 1098 non
401 1053 510 1098 velit
535 1068 583 1098 se
609 1053 823 1113 perfecte,
851 1069 956 1100 cum
982 1057 1028 1100 in
1056 1070 1112 1101 eo
1139 1056 1255 1100 nihil
1280 1057 1337 1101 sit
1361 1056 1696 1116 imperfectum.
1727 1055 1950 1109 Quolibet
1969 1056 2111 1115 igitur
2143 1065 2247 1100 actu

284 1135 374 1180 quo
402 1122 527 1165 Deus
553 1120 650 1165 vult
675 1135 739 1175 se,
765 1121 860 1166 vult
887 1137 935 1166 se
962 1132 1006 1167 et
1032 1122 1120 1167 alia
1146 1133 1330 1183 propter
1355 1138 1404 1168 se
1423 1124 1652 1168 absolute:
1681 1122 1770 1167 alia
1786 1136 1896 1167 vero
1920 1137 1946 1167 a
1967 1137 2016 1167 se
2038 1136 2132 1167 non
2149 1121 2248 1167 vult

281 1188 368 1232 nisi
393 1188 439 1231 in
467 1198 688 1246 quantum
714 1188 812 1233 vult
836 1203 899 1243 se,
926 1199 975 1233 ut
1000 1190 1243 1248 probatum
1266 1199 1333 1234 est
1359 1191 1419 1247 (c.
1446 1189 1634 1249 praec.).
1657 1189 1944 1248 Relinquitur
1962 1189 2102 1248 igitur
2119 1189 2243 1248 quod

286 1269 333 1299 se
367 1264 411 1299 et
437 1254 539 1309 alia,
566 1269 661 1299 non
688 1254 779 1300 alio
806 1265 851 1300 et
877 1255 968 1300 alio
996 1266 1099 1300 actu
1124 1257 1371 1301 voluntatis
1396 1256 1507 1311 vult,
1533 1257 1612 1300 sed
1639 1270 1731 1300 uno
1759 1266 1805 1300 et
1829 1255 2009 1301 eodem.

372 1322 561 1366 Adhuc:
590 1323 707 1367 sicut
733 1337 787 1367 ex
812 1324 1084 1383 supradictis
1112 1325 1171 1382 (c.
1209 1325 1299 1382 57.)
1327 1334 1464 1383 patet,
1489 1324 1536 1368 in
1564 1333 1667 1368 actu
1694 1323 2036 1382 cognoscitivae
2066 1322 2244 1369 virtutis

280 1390 509 1434 discursus
536 1390 793 1445 attenditur,
820 1390 1071 1435 secundum
1099 1392 1222 1451 quod
1249 1392 1465 1436 semotim
1492 1390 1818 1450 cognoscimus
1844 1389 2080 1450 principia,
2113 1399 2159 1435 et
2190 1403 2245 1437 ex

284 1457 347 1501 eis
373 1457 420 1500 in
447 1457 768 1502 conclusiones
794 1458 1026 1513 venimus3
1053 1459 1089 1502 si
1123 1460 1246 1503 enim
1277 1459 1325 1502 in
1350 1458 1458 1518 ipsis
1489 1458 1721 1518 principiis
1753 1458 2035 1502 intueremur
2060 1455 2247 1503 conclu·

284 1524 452 1578 siones,
478 1524 575 1584 ipsa
607 1525 828 1584 principia
870 1525 1212 1584 cognoscendo,
1239 1539 1334 1570 non
1375 1535 1494 1570 esset
1530 1525 1775 1579 discursus,
1801 1523 1919 1569 sicut
1948 1537 2034 1568 nec
2061 1523 2244 1583 quando

283 1591 452 1650 aliquid
478 1591 688 1636 videmus
714 1594 760 1636 in
786 1592 988 1651 speculo.
1016 1593 1146 1637 Sicut
1171 1603 1324 1637 autem
1341 1593 1563 1652 principia
1581 1606 1628 1637 se
1646 1592 1818 1636 habent
1842 1591 1898 1635 ad
1923 1590 2247 1636 conclusiones

281 1658 328 1701 in
355 1658 658 1717 speculativis,
684 1659 747 1703 ita
773 1658 875 1703 finis
902 1659 958 1703 ad
986 1673 1039 1703 ea
1065 1674 1182 1718 quae
1200 1669 1304 1704 sunt
1331 1660 1386 1704 ad
1403 1659 1541 1703 finem
1564 1660 1610 1703 in
1629 1658 1875 1718 operativis
1900 1667 1945 1702 et
1966 1658 2247 1717 appetitivis;

217 1735 228 1744 ”
283 1739 392 1769 nam
418 1726 535 1770 sicut
560 1726 881 1771 conclusiones
909 1727 1234 1785 cognoscimus
1260 1741 1339 1786 per
1361 1726 1595 1785 principia,
1618 1727 1680 1770 ita
1699 1739 1753 1769 ex
1779 1725 1867 1769 fine
1884 1724 2092 1785 procedit
2107 1734 2153 1769 et
2173 1738 2248 1784 ap-

283 1793 448 1851 petitus
476 1803 520 1838 et
545 1794 751 1852 operatio
778 1808 939 1838 eorum
965 1808 1082 1853 quae
1107 1804 1213 1838 sunt
1245 1793 1301 1837 ad
1326 1793 1482 1838 finem.
1507 1793 1554 1837 Si
1571 1793 1710 1852 igitur
1726 1791 1888 1851 aliquis
1904 1791 2122 1836 semotim
2137 1791 2248 1836 velit

280 1859 436 1914 finem,
462 1870 507 1904 et
533 1875 587 1904 ea
613 1875 729 1919 quae
756 1870 860 1905 sunt
896 1861 952 1904 ad
984 1861 1138 1916 finem,
1165 1861 1249 1905 erit
1281 1860 1467 1919 quidam
1508 1860 1737 1904 discursus
1776 1860 1824 1903 in
1865 1860 1961 1918 eius
1991 1857 2246 1905 voluntate.

281 1927 383 1971 Hoc
413 1937 568 1971 autem
592 1927 640 1971 in
666 1928 769 1971 Deo
797 1941 896 1972 esse
924 1937 992 1971 est
1022 1927 1320 1986 impossibile,
1347 1942 1454 1971 cum
1487 1927 1545 1971 sit
1570 1937 1694 1971 extra
1720 1940 1910 1971 omnem
1941 1935 2134 1971 motum.
2162 1926 2248 1971 Re·

278 1992 495 2053 linquitur
520 1994 657 2052 igitur
689 1994 812 2053 quod
838 1993 975 2038 simul
1002 2004 1046 2039 et
1072 1994 1236 2038 eodem
1264 2004 1368 2038 actu
1393 1994 1640 2038 voluntatis
1666 1994 1793 2038 Deus
1818 1992 1916 2037 vult
1936 2006 1984 2038 se
2011 1991 2184 2038 etalia.

370 2062 510 2105 Item:
539 2075 645 2104 cum
671 2061 798 2105 Deus
821 2075 1003 2120 semper
1018 2061 1128 2106 velit
1144 2076 1207 2116 se,
1226 2061 1265 2106 si
1291 2061 1380 2105 alio
1400 2071 1502 2105 actu
1519 2060 1617 2105 vult
1638 2074 1701 2115 se,
1728 2070 1773 2105 et
1795 2060 1886 2104 alio
1905 2059 2009 2115 alia,
2030 2069 2245 2119 sequetur

282 2129 405 2187 quod
428 2127 565 2172 simul
591 2128 680 2173 sint
700 2128 748 2172 in
770 2142 827 2173 eo
851 2128 942 2172 duo
970 2137 1096 2173 actus
1121 2128 1383 2183 voluntatis,
1406 2128 1528 2188 quod
1556 2139 1623 2173 est
1647 2126 1956 2186 impossibile3
1976 2140 2087 2172 nam
2113 2126 2246 2171 unius

280 2197 501 2256 simplicis
527 2196 758 2255 potentiae
779 2210 873 2240 non
895 2206 1002 2240 sunt
1026 2196 1165 2241 simul
1190 2197 1305 2241 duae
1333 2196 1636 2255 operationes.

371 2266 636 2308 Praeterea:
662 2263 709 2307 in
736 2264 866 2307 omni
887 2273 991 2309 actu
1016 2263 1264 2308 voluntatis
1290 2263 1486 2307 volitum
1513 2272 1805 2322 comparatur
1831 2261 1888 2306 ad
1913 2260 2164 2316 volentem,
2195 2269 2246 2305 ut
2320 2255 2332 2302 ἑῖ

284 2345 476 2375 movens
503 2331 559 2375 ad
586 2340 789 2384 motum3
817 2331 855 2375 si
879 2331 1016 2389 igitur
1041 2331 1098 2375 sit
1124 2331 1275 2389 aliqua
1298 2330 1418 2374 actio
1436 2329 1683 2374 voluntatis
1707 2343 1761 2373 ex
1787 2343 1876 2388 qua
1898 2327 1997 2374 vult
2021 2327 2110 2374 alia
2132 2342 2159 2372 a
2180 2341 2245 2382 se,
2323 2362 2332 2370 <⁷

285 2398 462 2442 diversa
489 2412 514 2441 a
538 2397 774 2442 voluntate
800 2411 889 2456 qua
914 2397 1011 2441 vult
1037 2411 1099 2452 se,
1125 2398 1172 2441 in
1193 2397 1272 2441 illa
1299 2398 1382 2441 erit
1408 2397 1577 2456 aliquid
1596 2396 1718 2441 aliud
1741 2410 1934 2442 movens
1951 2395 2154 2441 divinam
2169 2408 2246 2440 vo-

287 2464 525 2519 luntatem,
549 2479 637 2524 qua
653 2464 751 2509 vult
771 2478 833 2518 se,
858 2465 981 2523 quod
1004 2475 1072 2509 est
1095 2465 1392 2524 impossibile.

370 2531 606 2591 Amplius:
633 2531 752 2576 velle
784 2532 874 2575 Dei
905 2541 972 2575 est
1003 2546 1136 2576 suum
1164 2546 1276 2587 esse,
1302 2541 1352 2576 ut
1377 2531 1618 2591 probatum
1645 2540 1712 2575 est
1734 2541 1795 2589 (c.
1824 2531 1942 2590 73.);
1968 2530 2118 2576 sedin
2138 2530 2243 2576 Deo

281 2613 376 2643 non
402 2609 471 2644 est
495 2599 583 2643 nisi
608 2613 751 2642 unum
774 2613 897 2653 esse3
925 2613 1035 2658 ergo
1062 2613 1156 2643 non
1184 2609 1251 2643 est
1275 2599 1363 2643 nisi
1390 2613 1532 2642 unum
1553 2598 1686 2642 velle.

369 2666 510 2710 Item:
536 2665 655 2711 velle
682 2666 904 2724 competit
934 2666 1053 2721 Deo,
1085 2666 1338 2710 secundum
1374 2667 1497 2725 quod
1531 2676 1597 2710 est
1627 2665 1901 2724 intelligens,
1944 2665 2074 2710 Sicut
2106 2665 2246 2725 igitur

281 2747 372 2777 uno
401 2742 502 2778 actu
528 2732 741 2792 intelligit
769 2747 817 2777 se
841 2743 885 2777 et
911 2733 1013 2787 alia,
1040 2734 1086 2776 in
1113 2728 1346 2792 quantun?
1361 2733 1556 2777 essentia
1573 2747 1654 2777 sua
1672 2742 1740 2777 est
1762 2731 1995 2792 exemplar
2017 2732 2243 2788 omnium,

279 2802 342 2845 ita
367 2814 460 2845 uno
488 2810 592 2846 actu
617 2800 715 2845 vult
739 2814 789 2845 se
817 2810 861 2845 et
887 2799 976 2844 alia
1000 2800 1048 2844 in
1074 2810 1296 2860 quantum
1319 2814 1399 2845 sua
1424 2800 1604 2845 bonitas
1631 2809 1699 2845 est
1714 2799 1828 2844 ratio
1847 2799 1998 2844 omnis
2014 2798 2242 2845 bonitatis.

975 3009 1230 3065 CAPUT
1272 3010 1556 3066 LXXVII.

559 3153 718 3200 QUOD
759 3135 1094 3191 MULTITUDO
1135 3153 1469 3192 VOLITORUM
1508 3151 1625 3192 NON
1665 3150 1958 3193 REPUGNAT

728 3228 1099 3267 s1MPL1c1TAT1
1139 3228 1366 3268 DIVINAE
1405 3227 1796 3279 SUBSTANTIAE.

850 3337 913 3395 (Ι.
930 3344 1042 3398 part.
1059 3343 1211 3397 quaest.
1229 3338 1345 3382 XIX.
1364 3343 1444 3382 art.
1463 3351 1503 3383 2.
1522 3336 1576 3382 ad
1596 3337 1674 3396 2.).

370 3463 435 3508 Ex
455 3464 546 3509 hoc
575 3475 728 3511 autem
756 3467 957 3526 sequitur
983 3464 1105 3525 quod
1130 3464 1381 3509 volitorum
1419 3463 1662 3508 multitudo
1695 3476 1789 3507 non
1822 3471 2045 3523 repugnat
2079 3459 2242 3507 unitati
2316 3496 2319 3500 ι

281 3541 326 3576 et
350 3532 629 3591 simplicitati
654 3533 834 3578 divinae
860 3532 1160 3588 substantiae3
1186 3546 1296 3577 nam
1323 3541 1448 3577 actus
1475 3531 1730 3575 secundum
1762 3530 1941 3589 objecta
1966 3528 2244 3591 distinguun-

280 3608 366 3644 tur.
395 3598 444 3643 Si
469 3598 606 3658 igitur
631 3599 774 3645 volita
799 3599 928 3660 plura
954 3614 1070 3660 quae
1096 3600 1223 3645 Deus
1249 3598 1346 3645 vult
1371 3599 1638 3644 inducerent
1672 3598 1719 3642 in
1740 3597 1841 3658 ipso
1864 3595 2064 3657 aliquam
2090 3595 2244 3642 multi-
