2332 3854
835 211 1064 252 LIBERI.
1107 210 1362 251 CAP.xl1.
1777 213 1781 220 ·
1999 214 2064 267 ,13

110 317 248 362 tionis
284 315 508 375 perveniri
548 328 643 361 non
684 323 849 374 potest,
881 324 930 360 ut
960 315 1127 359 sciatur
1159 314 1215 359 de
1246 314 1349 359 Deo
1381 313 1482 373 quid
1513 320 1580 359 est.
1614 314 1748 358 Unde
1779 328 1864 360 nec
1897 316 2072 359 ratione

110 383 287 428 videtur
311 396 447 441 posse
474 381 775 427 demonstrari
801 394 858 425 an
885 382 1011 427 Deus
1036 382 1107 427 sit.

202 463 242 495 2.
268 450 408 494 Item:
435 450 475 493 si
495 448 766 508 principium
784 448 840 492 ad
863 447 1270 493 demonstrandum
1287 462 1343 492 an
1369 453 1440 501 est,
1468 447 1720 492 secundum
1754 457 1897 492 artem
1920 448 2075 493 Philo-

110 516 259 575 sophi,
286 525 467 575 oportet
493 515 700 574 accipere
726 514 834 574 quid
860 514 1085 573 significet
1111 528 1284 559 nomen
1310 514 1449 572 (ratio
1471 528 1582 558 vero
1610 513 1861 571 significata
1895 529 1975 572 per
1996 529 2076 559 no-

109 597 218 628 men
243 593 311 627 est
336 582 554 637 definitio,
577 583 828 627 secundum
854 581 1207 639 Philosophum,
1234 583 1279 625 in
1305 591 1467 640 quarto
1494 580 1750 639 Metaphys.
1775 596 1813 625 c.
1842 582 1921 638 7.),
1947 581 2073 625 nulla

107 649 245 708 igitur
277 649 531 694 remanebit
564 650 638 692 via
665 649 720 692 ad
753 648 1162 692 demonstrandum
1187 648 1341 691 Deum
1369 661 1482 701 esse,
1509 657 1687 692 remota
1713 647 1891 692 divinae
1925 662 2075 692 essen-

109 715 200 761 tiae
226 716 299 761 vel
321 716 580 775 quidditatis
603 715 881 774 cognitione.

202 796 240 840 3.
255 783 394 827 Item:
413 783 452 826 si
473 782 877 827 demonstrationis
894 781 1113 840 principia
1133 795 1158 824 a
1175 795 1308 825 sensu
1334 782 1611 840 cognitionis
1627 781 1855 840 originem
1873 792 2073 836 sumunt,

108 850 219 895 utin
236 850 568 895 Posterioribus
587 850 706 907 (Lib.
724 850 757 894 1.
785 864 822 894 c.
844 850 910 894 18.
928 858 959 893 t.
987 863 1026 894 c.
1050 850 1139 906 35.)
1168 849 1433 903 ostenditur,
1457 862 1509 893 ea
1536 855 1858 907 quaesomnem
1886 862 2073 892 sensum

109 924 154 962 et
173 917 405 962 sensibilia
432 917 669 970 excedunt,
691 916 900 960 videntur
926 914 1350 960 indemonstrabilia
1384 929 1497 960 esse.
1526 915 1803 973 Hujusmodi
1830 925 1984 959 autem
2007 925 2075 960 est

108 985 250 1030 Deum
270 999 348 1029 esse
359 999 376 1036 ;
405 995 473 1028 est
496 984 635 1042 igitur
652 983 1069 1028 indemonstrabile.

199 1051 473 1108 Huiusmodi
496 1061 650 1094 autem
672 1050 923 1094 sententiae
949 1049 1121 1094 falsitas
1144 1049 1276 1093 nobis
1295 1050 1570 1094 ostenditur:
1590 1059 1688 1094 tum
1714 1063 1768 1094 ex
1794 1049 2076 1094 demonstra-

32 1145 38 1152 ·
109 1117 248 1162 tionis
280 1127 389 1172 arte,
423 1131 539 1176 quae
573 1132 625 1162 ex
652 1116 886 1161 effectibus
921 1131 1080 1161 causas
1109 1117 1384 1161 concludere
1416 1117 1575 1170 docet3
1603 1127 1699 1162 tum
1728 1131 1783 1161 ex
1807 1117 1907 1176 ipso
1934 1117 2078 1162 scien-

108 1184 275 1229 tiarum
301 1184 485 1238 ordine3
510 1198 619 1228 nam
657 1185 692 1228 si
719 1199 812 1228 non
838 1184 894 1228 sit
932 1183 1083 1243 aliqua
1123 1183 1293 1228 scibilis
1330 1183 1580 1228 substantia
1616 1198 1750 1242 supra
1776 1184 2074 1228 substantiam

108 1250 387 1306 sensibilem,
422 1265 515 1295 non
549 1251 634 1295 erit
666 1250 815 1310 aliqua
857 1251 1047 1295 scientia
1073 1265 1206 1309 supra
1247 1250 1518 1304 naturalem,
1559 1260 1607 1294 ut
1635 1251 1798 1296 dicitur
1823 1251 1869 1295 in
1911 1259 2073 1310 quarto

106 1317 364 1377 Metaphys.
391 1318 443 1375 (t.
472 1332 509 1362 c.
538 1317 626 1375 7.);
651 1327 750 1361 tum
778 1332 831 1361 ex
857 1317 1241 1376 philosophorum
1267 1317 1433 1371 studio,
1467 1317 1544 1376 qui
1566 1317 1717 1361 Deum
1753 1332 1850 1362 esse
1883 1318 2075 1362 demon-

110 1394 251 1429 strare
288 1385 440 1429 conati
465 1395 598 1438 sunt;
624 1394 721 1428 tum
764 1385 903 1428 etiam
941 1384 1197 1442 apostolica
1231 1385 1420 1428 veritate
1459 1394 1687 1428 asserente
1723 1384 1883 1443 (Rom.
1909 1385 1943 1429 I.
1971 1385 2072 1443 20):

111 1451 352 1496 Invisibilia
376 1452 462 1496 Dei
479 1459 558 1510 per
583 1465 630 1495 ea
662 1465 765 1509 quae
786 1452 905 1509 facta
929 1457 1024 1495 sunt
1048 1451 1251 1495 intellecta
1273 1452 1598 1509 conspiciuntur.

199 1518 299 1563 Nec
324 1518 415 1562 hoc
443 1518 577 1562 debet
601 1531 806 1571 movere,
833 1517 955 1575 quod
982 1517 1027 1560 in
1050 1518 1152 1561 Deo
1183 1517 1304 1560 idem
1331 1527 1399 1561 est
1421 1518 1614 1561 essentia
1646 1527 1691 1562 et
1717 1532 1829 1572 esse,
1856 1527 1904 1562 ut
1929 1519 2073 1578 prima

113 1584 228 1630 ratio
255 1585 550 1642 proponebat.
574 1584 695 1627 Nam
718 1584 809 1627 hoc
836 1582 1105 1640 intelligitur
1131 1583 1185 1627 de
1213 1597 1325 1636 esse,
1353 1597 1444 1642 quo
1462 1584 1588 1628 Deus
1614 1584 1661 1627 in
1683 1585 1837 1642 seipso
1861 1585 2075 1639 subsistit,

113 1650 236 1711 quod
261 1651 393 1695 nobis
418 1650 551 1709 quale
579 1651 636 1694 sit
656 1651 867 1709 ignotum
894 1660 975 1705 est,
1002 1650 1119 1694 sicut
1146 1651 1241 1707 ejus
1260 1651 1477 1705 essentia;
1504 1664 1598 1695 non
1625 1662 1781 1696 autem
1806 1652 2074 1712 intelligitur

111 1717 168 1762 de
194 1731 308 1772 esse,
338 1718 462 1776 quod
494 1717 722 1776 significat
748 1717 1135 1776 compositionem
1161 1717 1432 1762 intellectus.
1467 1718 1544 1762 Sic
1568 1719 1691 1762 enim
1714 1733 1790 1763 esse
1822 1720 1963 1764 Deum
1989 1720 2070 1764 sub

112 1784 503 1829 demonstratione
531 1784 664 1838 cadit,
697 1784 806 1828 dum
833 1798 889 1828 ex
918 1784 1170 1828 rationibus
1204 1784 1576 1829 demonstrativis
1608 1800 1738 1830 mens
1770 1796 1924 1830 nostra
1950 1787 2078 1831 indu-

114 1851 228 1897 citur
251 1851 516 1910 hujusmodi
541 1852 905 1910 propositionem
923 1851 978 1896 de
999 1852 1103 1895 Deo
1129 1850 1345 1906 formare,
1373 1867 1462 1910 qua
1486 1853 1710 1910 exprimat
1733 1853 1887 1897 Deum
1915 1868 2028 1899 esse.

197 1918 250 1962 In
275 1919 527 1964 rationibus
554 1927 706 1962 autem
732 1918 779 1962 in
805 1918 966 1977 quibus
995 1918 1333 1963 demonstratur
1354 1919 1507 1962 Deum
1540 1933 1653 1974 esse,
1680 1934 1774 1964 non
1801 1930 1981 1979 oportet
2007 1936 2075 1966 as-

110 1986 228 2030 sumi
255 1999 338 2045 pro
365 1986 518 2030 medio
546 1985 747 2029 divinam
774 1985 1018 2030 essentiam
1051 1987 1145 2029 sive
1177 1985 1491 2044 quidditatem‚
1518 1996 1567 2031 ut
1598 1987 1798 2031 secunda
1830 1989 1944 2032 ratio
1976 2003 2077 2046 pro-

109 2053 330 2111 ponebat;
359 2052 439 2097 sed
465 2051 572 2096 loco
615 2052 874 2111 quidditatis
917 2052 1135 2110 accipitur
1161 2067 1242 2110 pro
1270 2053 1426 2096 medio
1453 2052 1654 2107 effectus,
1691 2055 1807 2098 sicut
1834 2055 1999 2099 accidit
2029 2057 2075 2100 in

9 2107 11 2109 ’
32 2118 35 2120 ’
109 2118 575 2177 demonstrationibus
596 2121 713 2178 quia,
732 2129 776 2163 et
802 2133 856 2163 ex
880 2119 1147 2177 hujusmodi
1174 2118 1336 2163 effectu
1354 2120 1548 2164 sumitur
1573 2121 1689 2164 ratio
1706 2121 1840 2179 hujus
1857 2122 2074 2177 nominis,

108 2186 239 2231 Deus.
265 2186 387 2230 Nam
413 2186 570 2230 omnia
597 2186 750 2230 divina
785 2188 974 2230 nomina
1010 2186 1310 2245 imponuntur
1344 2187 1418 2231 vel
1445 2202 1499 2231 ex
1534 2189 1794 2233 remotione
1829 2189 2073 2235 effectuum

111 2253 370 2298 divinorum
395 2253 451 2297 ab
478 2255 594 2311 ipso,
615 2252 690 2297 vel
716 2267 770 2298 ex
797 2252 948 2312 aliqua
974 2253 1239 2298 habitudine
1267 2254 1355 2298 Dei
1382 2254 1438 2298 ad
1465 2269 1573 2299 suos
1602 2255 1804 2300 effectus.

199 2319 331 2364 Patet
356 2322 496 2364 etiam
523 2334 578 2364 ex
602 2320 694 2364 hoc
721 2320 859 2379 quod,
887 2320 970 2364 etsi
994 2321 1120 2364 Deus
1148 2320 1378 2365 sensibilia
1398 2322 1563 2365 'omnia
1591 2332 1635 2366 et
1660 2336 1845 2367 sensum
1872 2323 2074 2378 excedat,

111 2386 208 2446 eius
231 2396 388 2431 tamen
415 2385 620 2442 effectus,
646 2401 701 2430 ex
727 2387 889 2446 quibus
922 2387 1254 2438 demonstratio
1289 2388 1483 2432 sumitur
1516 2388 1570 2432 ad
1604 2390 1890 2448 probandum
1922 2391 2076 2435 Deum

13 2447 70 2506 'ff-⁷
111 2466 225 2507 esse,
250 2453 485 2499 sensibiles
512 2464 639 2508 sunt;
659 2463 704 2498 et
728 2454 792 2498 sic
819 2462 1003 2498 nostrae
1026 2454 1305 2512 cognitionis
1343 2455 1476 2513 origo
1503 2455 1550 2499 in
1576 2470 1711 2501 sensu
1739 2467 1820 2511 est,
1848 2458 1985 2502 etiam
2019 2457 2075 2502 de

15 2519 46 2579 έᾈίζ
109 2520 183 2567 his
207 2534 324 2580 quae
350 2534 535 2566 sensum
562 2520 799 2565 excedunt.

863 2675 1118 2733 CAPUT
1160 2677 1317 2732 XIII.

511 2811 783 2852 RATIONES
824 2812 900 2850 AD
939 2812 1282 2853 PROBANDUM
1322 2814 1479 2851 DEUM
1517 2814 1662 2852 ESSE.

19 2958 55 2968 ,.
200 2922 402 2968 Ostenso
425 2921 561 2981 igitur
587 2922 710 2981 quod
736 2935 830 2966 non
853 2932 922 2967 est
945 2936 1118 2966 vanum
1143 2923 1225 2967 niti
1251 2923 1308 2967 ad
1335 2922 1744 2968 demonstrandum
1776 2924 1929 2968 Deum
1956 2937 2073 2978 esse,

20 2993 50 3054 ἶ]
110 2989 414 3048 procedamus
441 2989 495 3033 ad
528 2988 792 3047 ponendum
826 2989 1039 3043 rationes,
1073 2989 1233 3049 quibus
1265 3000 1361 3035 tam
1391 2980 1656 3050 philosophi
1689 3004 1827 3050 quam
1860 2990 2072 3035 doctores

32 3079 39 3088 ,
113 3055 328 3101 catholici
352 3056 505 3101 Deum
533 3069 631 3100 esse
658 3055 977 3114 probaverunt.

201 3122 359 3167 Primo
385 3133 540 3167 autern
565 3136 792 3182 ponemus
825 3123 1024 3168 rationes
1061 3124 1223 3183 quibus
1255 3124 1529 3170 Aristoteles
1561 3124 1768 3184 procedit
1794 3124 1849 3168 ad
1883 3124 2074 3184 proban·

112 3188 222 3233 dum
247 3189 400 3234 Deum
427 3202 544 3244 esse,
568 3189 646 3248 qui
671 3189 762 3233 hoc
788 3190 980 3249 probare
1005 3191 1196 3235 intendit
1218 3205 1273 3235 ex
1299 3200 1424 3250 parte
1451 3202 1618 3245 motus,
1644 3191 1816 3235 duabus
1842 3191 1941 3236 viis.

203 3255 415 3308 Quarum
450 3256 598 3315 prima
631 3254 734 3300 talis
762 3267 853 3301 est:
894 3257 1049 3302 Omne
1076 3258 1198 3317 quod
1226 3268 1438 3302 movetur
1477 3260 1531 3302 ab
1567 3258 1658 3302 alio
1685 3268 1910 3303 movetur.
1943 3259 2073 3303 Patet

113 3332 267 3369 autem
301 3336 438 3368 sensu
474 3322 643 3382 aliquid
676 3324 870 3379 moveri,
893 3334 942 3368 ut
967 3334 1074 3384 puta
1101 3324 1273 3378 solem3
1301 3339 1428 3383 ergo,
1464 3324 1553 3368 alio
1580 3334 1810 3380 movente,
1849 3335 2072 3371 movetur.

113 3389 207 3435 Aut
232 3403 343 3448 ergo
375 3388 485 3433 illud
512 3403 704 3434 movens
738 3401 964 3444 movetur,
998 3402 1075 3435 aut
1100 3406 1207 3437 non.
1243 3392 1291 3435 Si
1322 3405 1417 3435 non
1450 3401 1675 3445 movetur,
1708 3406 1818 3451 ergo
1850 3392 2072 3437 habemus

113 3456 415 3516 propositum,
440 3455 563 3514 quod
588 3469 776 3502 necesse
802 3467 870 3501 est
895 3471 1066 3517 ponere
1099 3457 1283 3517 aliquod
1316 3471 1507 3502 movens
1541 3457 1794 3513 immobile,
1827 3468 1872 3503 et
1895 3459 1986 3503 hoc
2013 3459 2075 3503 di-

115 3522 263 3567 cimus
287 3524 442 3568 Deum.
471 3522 522 3567 Si
547 3532 700 3567 autem
741 3534 967 3578 movetur,
994 3538 1104 3584 ergo
1139 3525 1192 3568 ab
1221 3524 1311 3569 alio
1339 3534 1552 3569 movente
1578 3535 1803 3569 movetur.
1835 3526 1930 3570 Aut
1961 3539 2070 3584 ergo

115 3592 183 3634 est
206 3584 454 3650 procedere
479 3588 527 3633 in
553 3587 794 3645 infinitum,
821 3600 899 3635 aut
938 3600 1006 3636 est
1031 3591 1245 3635 devenire
1278 3590 1334 3634 ad
1367 3590 1552 3650 aliquod
1584 3605 1777 3637 movens
1807 3591 2070 3647 immobile;
