2274 3886
0 2484 4 2497 ν
15 2456 18 2458 Ι
0 2185 20 2383 κ-..ι-πήηιιιῖἶξψ
0 2125 6 2140 *⁴
0 2068 18 2107 2⁴„-
0 2050 2 2053 ·

795 250 1017 290 CONTRA
1058 249 1345 288 GENTILES.
1796 303 1800 305 ι
1974 250 2050 289 v11

214 353 599 415 commentarii
621 369 798 409 autem
824 353 877 407 in
901 350 1094 407 librum
1119 350 1323 406 Boethii
1352 349 1417 406 de
1439 350 1723 418 Trinitate,
1753 371 1844 406 seu
1872 353 2049 423 potius

104 441 157 494 in
192 441 419 513 priorem
450 449 657 490 tantum
691 433 970 490 Boethiani
1011 433 1182 505 operis
1207 447 1431 506 partem,
1465 451 1682 487 summo
1724 433 1779 487 in
1810 434 1979 505 pretio
2022 453 2049 488 a

38 565 42 570 ,
103 522 225 576 viris
266 518 431 576 doctis
464 515 642 571 haberi
679 515 868 583 solent,
903 534 1070 589 quum
1110 515 1176 568 sit
1217 532 1351 587 opus
1384 514 1640 569 acerrimo
1682 515 1898 588 ingenio
1930 535 2043 588 per-

103 601 321 668 fectum,
371 597 623 672 singulari
672 595 926 654 industria
969 595 1317 663 elaboratum,
1368 612 1420 651 et
1460 596 1514 650 in
1562 615 1653 651 sex
1695 597 2050 669 quaestioneS,

103 699 375 758 tamquam
406 679 627 736 totidem
663 698 999 752 gemmarum
1025 693 1176 745 serta,
1212 677 1566 745 distributum,
1593 678 1646 732 in
1673 677 1861 751 quibus
1896 678 2049 733 Tho-

104 785 249 821 mam
268 759 618 837 deprehendis
640 762 849 817 divinae
868 760 1239 832 humanaeque
1261 759 1629 834 philosophiae
1654 760 2048 834 peritissimum.

215 844 382 912 Quod
413 860 613 918 spectat
645 843 1014 899 adnotationes
1047 842 1103 896 in
1132 842 1343 909 Isaiam,
1378 862 1543 897 unum
1573 841 1699 898 illud
1732 844 1856 898 satis
1887 843 1952 898 sit
1985 842 2049 899 ad

0 948 30 974 ¹-
102 947 288 985 eorum
330 925 875 992 commendationem,
918 923 1061 997 quod
1102 940 1276 979 narrat
1309 924 1625 980 Guillelmus
1666 925 1730 980 de
1765 926 1953 981 Tocco
1995 927 2048 982 in

101 1013 212 1084 ejus
246 1012 353 1067 vita
393 1009 530 1084 apud
572 1007 963 1075 BollandianOS,
1006 1007 1203 1063 scilicet
1242 1009 1541 1063 Doctorem
1581 1025 1842 1078 nostrum,
1882 1029 2046 1083 quum

49 1127 55 1136 ·
102 1095 153 1149 in
198 1092 474 1149 difficiliori
513 1091 634 1146 loco
676 1089 988 1163 explicando
1029 1090 1266 1145 haereret
1308 1092 1553 1158 incertus,
1596 1090 1724 1147 fusis
1765 1091 1831 1147 ad
1871 1093 2049 1148 Deum

98 1175 340 1248 precibus
373 1173 720 1246 lacrimisque,
756 1187 807 1227 et
840 1192 869 1227 a
900 1172 1137 1228 sensibus
1160 1172 1462 1240 alienatum,
1486 1193 1729 1228 summos
1750 1174 1894 1247 ipsos
1923 1193 2048 1248 apo-

99 1256 266 1312 stolos
301 1257 520 1311 Petrum
552 1271 603 1310 et
635 1254 860 1310 Paulum
894 1255 947 1309 in
982 1254 1237 1310 altissimo
1265 1254 1353 1309 illo
1377 1274 1595 1310 excessu
1619 1254 1864 1311 habuisse
1890 1257 2048 1312 inter-

100 1354 272 1413 pretes
305 1353 358 1393 et
384 1339 685 1411 magistros.

213 1419 370 1485 Quae
388 1438 555 1493 quum
572 1420 644 1473 ita
666 1420 789 1485 sint,
810 1437 918 1474 non
942 1437 1103 1491 parva
1123 1418 1208 1473 vel
1230 1438 1295 1473 ex
1310 1420 1656 1492 impressione
1681 1420 1836 1475 unius
1854 1419 2049 1493 Operis

98 1500 244 1574 quod
276 1500 572 1556 inscribitur
603 1501 808 1555 Smnma
841 1510 1010 1555 contra
1054 1500 1285 1566 Gentilem,
1322 1516 1436 1556 tum
1470 1493 1739 1569 scientiae,
1777 1517 1892 1557 tum
1933 1503 2047 1558 reli-

97 1582 246 1656 gioni
286 1582 519 1638 utilitatis
553 1582 784 1636 accessio
818 1580 924 1635 fiet.
957 1581 1010 1635 Si
1044 1582 1188 1636 enim
1216 1582 1446 1654 cujusvis
1480 1583 1653 1655 operis
1693 1582 1855 1638 editio
1888 1584 2047 1657 pluri-

98 1683 250 1720 mum
284 1662 768 1719 commendationis
801 1662 993 1718 habere
1026 1662 1179 1731 solet,
1203 1683 1336 1736 quae
1359 1663 1422 1718 ad
1450 1666 1808 1738 autographos
1838 1665 2046 1722 codices

98 1762 279 1802 exacta
303 1747 369 1802 sit
390 1762 546 1820 atque
569 1747 860 1818 recognita,
885 1761 1084 1819 quanto
1105 1745 1157 1800 id
1184 1747 1354 1818 magis
1378 1747 1705 1803 censendum
1732 1749 1844 1816 erit,
1878 1769 2045 1822 quum

98 1829 269 1902 agitur
300 1827 365 1884 de
396 1829 527 1883 Viro
560 1828 647 1901 qui
678 1827 746 1882 ob
780 1828 1064 1900 sapientiae
1090 1826 1402 1900 dignitatem
1433 1844 1483 1884 et
1516 1829 1849 1886 altitudinem
1877 1830 2045 1887 dictus

98 1926 177 1966 est
206 1911 545 1977 Auossrrcus,
578 1925 631 1965 et
661 1928 829 1983 quum
860 1910 1030 1983 agitur
1051 1909 1114 1965 de
1138 1908 1320 1982 Opere
1348 1910 1401 1965 in
1435 1930 1543 1984 quo
1576 1913 1847 1984 penitioris
1873 1912 2044 1986 philo-

97 1992 317 2066 sophiae
348 1992 578 2048 thesauri
610 1990 1001 2048 reconduntur!

209 2075 331 2130 Hoc
347 2093 476 2148 ergo
504 2073 757 2129 volumen
784 2072 1024 2129 faventes
1050 2074 1271 2147 excipite
1304 2091 1567 2149 quotquot
1600 2077 1722 2131 estis
1755 2077 2041 2150 sapientiae

96 2155 338 2224 studiosi,
372 2155 602 2230 illudque
637 2155 843 2212 assidua
871 2171 1073 2211 versate
1106 2175 1287 2212 manu,
