2332 3854
774 229 928 273 mann
967 228 1391 268 1.eA1›.1„xxix.
1994 229 2059 283 95

106 330 302 388 aliorum
328 329 569 376 mobilium
598 339 849 391 sequuntur
884 330 1170 377 conditiones
1204 330 1446 385 moventiS,
1478 329 1600 389 quod
1634 339 1702 375 est
1733 343 1870 375 causa
1896 340 2062 375 motus.

28 401 44 424 ’·
103 389 285 443 Relatio
304 406 458 442 autern
491 395 870 473 apprehendentis
892 397 947 441 ad
976 398 1308 457 apprehensum
1332 406 1400 442 est
1426 410 1711 455 consequens
1739 395 1795 440 ad
1818 397 2066 455 apprehen·

105 462 287 513 sionem
316 465 488 523 ipsam;
513 476 594 523 per
618 462 708 508 hoc
736 464 859 508 enim
885 463 1074 509 refertur
1100 463 1446 525 apprehendens
1477 463 1533 507 ad
1566 462 1917 522 apprehensum,
1940 464 2062 522 quod

37 531 59 586 fi.
105 529 425 594 apprehendit
413 543 577 589 ipsum
590 529 697 574 Non
711 539 863 574 autem
875 529 1027 575 solum
1042 530 1384 591 apprehendens
1394 529 1692 590 apprehendit
1703 543 1801 574 rem
1812 529 2064 574 secundum

67 596 72 597 ⁷
105 595 229 663 quod
247 597 376 642 estin
393 595 558 655 seipso,
576 596 654 640 sed
680 596 932 640 secundum
955 598 1078 656 quod
1104 607 1173 643 est
1197 598 1244 643 in
1269 598 1452 657 propria
1477 607 1663 651 natura;
1680 596 1786 656 quia
1801 610 1897 642 non
1913 596 2063 642 solum

32 674 50 723 Δ4ζ
105 663 433 723 cognoscimus
447 676 544 707 rem
570 660 764 722 intelligi
789 677 815 706 a
840 662 973 707 nobis
1000 664 1144 740 (quod
1171 674 1239 709 est
1264 679 1368 709 eam
1395 678 1492 710 esse
1510 664 1555 709 in
1573 663 1844 720 intellectu),
1863 663 1942 708 sed
1960 678 2064 708 eam

35 726 50 747 ⁵
102 743 201 775 esse
218 727 293 775 vel
308 729 445 774 fuisse
462 728 535 774 vel
554 729 751 773 futuram
779 743 877 774 esse
894 729 939 773 in
957 731 1140 790 propria
1166 741 1338 775 natura.
1368 731 1522 776 Licet
1510 731 1647 790 igitur
1663 740 1771 775 tunc
1788 744 1859 775 res
1876 730 1954 774 illa
1971 745 2064 775 non

102 795 162 841 sit
174 795 263 841 nisi
279 796 325 840 in
349 805 672 855 cognoscente,
691 794 851 840 relatio
874 805 1028 840 tamen
1048 811 1332 856 consequens
1351 797 1762 857 apprehensionem
1780 806 1849 841 est
1869 797 1925 840 ad
1945 811 2064 851 eam,

28 862 45 923 .-
102 876 199 908 non
224 873 359 922 prout
385 873 452 908 est
476 863 522 906 in
550 874 877 922 cognoscente,
909 863 989 907 sed
1025 873 1160 922 prout
1201 875 1268 909 est
1302 864 1555 908 secundum
1590 863 1822 923 propriam
1854 873 2065 908 naturam

103 943 243 990 quam
270 929 567 990 apprehendit
594 928 951 988 apprehendens.
979 928 1240 975 Voluntatis
1267 931 1403 989 igitur
1422 931 1599 975 divinae
1625 930 1786 975 relatio
1806 938 1872 975 est
1895 929 1950 974 ad
1967 945 2065 975 rem

24 1006 34 1055 ἢῆ
103 1010 199 1043 non
231 998 535 1051 exsistentem,
568 996 817 1041 secundum
858 997 978 1056 quod
1011 1007 1078 1042 est
1109 997 1155 1040 in
1191 998 1373 1058 propria
1408 1007 1568 1042 natura
1604 997 1854 1046 secundum
1881 996 2065 1057 aliquod

21 1084 42 1128 s
103 1073 299 1124 tempus,
325 1074 370 1109 et
394 1077 487 1108 non
515 1064 665 1109 solum
692 1064 945 1108 secundum
972 1064 1094 1124 quod
1127 1075 1195 1109 est
1226 1065 1272 1108 in
1308 1065 1410 1109 Deo
1445 1075 1778 1125 cognoscente3
1813 1063 1911 1109 vult
1942 1065 2065 1109 enim

77 1131 230 1177 -Deus
254 1145 368 1186 rem,
394 1145 510 1190 quae
536 1145 630 1175 non
658 1141 724 1175 est
748 1145 885 1185 nunc,
909 1145 1007 1176 esse
1034 1131 1287 1176 secundum
1312 1131 1497 1191 aliquod
1523 1143 1725 1192 tempus;
1743 1141 1788 1177 et
1803 1146 1897 1176 non
1914 1131 2065 1176 solum

26 1187 37 1259 J
105 1196 203 1243 vult
227 1198 479 1243 secundum
507 1198 629 1257 quod
655 1198 751 1257 ipse
778 1212 881 1242 eam
907 1197 1132 1257 intelligit.

28 1261 38 1271 “
125 1307 136 1312 „
194 1264 294 1321 Nec
319 1273 389 1310 est
407 1264 556 1309 simile
582 1265 638 1310 de
664 1263 887 1309 relatione
912 1264 1108 1311 volentis
1132 1265 1187 1309 ad
1209 1264 1407 1312 volitum-
1427 1275 1472 1310 et
1498 1265 1691 1310 creantis
1714 1266 1770 1310 ad
1797 1274 2000 1312 creatum
2022 1275 2068 1310 et

23 1382 28 1386 ¹
104 1329 313 1386 facientis
338 1331 396 1376 ad
420 1330 591 1376 factum
619 1341 697 1376 aut
721 1331 897 1376 domini
924 1331 981 1376 ad
1001 1331 1253 1390 subjectam
1279 1342 1548 1377 creaturam.
1574 1333 1698 1377 Nam
1717 1332 1835 1378 velle
1858 1342 1926 1379 est
1946 1332 2067 1378 actio

24 1394 49 1449 ἶ,
102 1396 152 1445 in
174 1396 359 1444 volente
384 1411 600 1453 manens;
627 1397 747 1443 unde
769 1412 864 1442 non
891 1398 1114 1458 contingit
1138 1398 1333 1458 intelligi
1365 1398 1534 1458 aliquid
1557 1409 1682 1444 extra
1708 1399 1926 1446 exsistens
1949 1408 2066 1445 actu.

31 1465 43 1511 ζ,
103 1462 196 1509 Sed
219 1462 371 1510 facere
397 1474 440 1509 et
473 1479 627 1510 creare
655 1474 700 1510 et
730 1465 983 1524 gubernare
1009 1464 1270 1524 significant
1295 1465 1527 1511 actionem
1552 1467 1845 1511 terminatam
1872 1466 1928 1511 ad
1951 1476 2069 1513 exte·

31 1553 49 1599 3
101 1530 274 1586 riorem
300 1529 530 1586 effectum,
555 1531 652 1577 sine
679 1533 808 1591 quus
834 1531 1094 1576 exsistentia
1118 1531 1383 1590 hujusmodi
1409 1533 1528 1583 actio
1560 1547 1655 1578 non
1681 1542 1831 1593 potest
1859 1532 2065 1593 intelligi.

816 1744 1072 1801 CAPUT
1108 1745 1337 1801 LXXX.
1366 1750 1371 1755 ”

34 1874 49 1935 χι
105 1888 267 1936 QUOD
285 1888 429 1928 DEUS
451 1889 527 1927 DE
546 1888 920 1929 NECESSITATE
946 1889 1095 1928 VULT
1122 1889 1271 1928 SUUM
1289 1889 1416 1927 ESSE
1443 1889 1514 1928 ET
1549 1889 1696 1928 SUAM
1720 1889 2063 1930 BONITATEM.

702 1999 756 2057 (I.
784 2005 900 2059 part.
934 2005 1086 2058 quaest.
1121 1999 1237 2044 XIX.
1271 2006 1352 2044 art.
1379 2000 1453 2059 3.).

9 2166 12 2174 2
48 2175 49 2179 ,
193 2125 260 2172 Ex
283 2126 356 2172 his
382 2136 536 2174 autem
572 2140 688 2186 quae
719 2140 854 2186 supra
880 2127 942 2185 (c.
970 2125 1065 2184 74.)
1093 2135 1277 2170 ostensa
1309 2136 1427 2180 sunt,
1455 2126 1656 2185 sequitur
1693 2126 1816 2185 quod
1851 2126 1979 2171 Deus
2011 2126 2067 2172 de

41 2213 62 2246 J?
102 2193 374 2243 necessitate
399 2192 510 2238 velit
533 2208 667 2238 suum
695 2207 793 2238 esse
820 2203 864 2238 et
889 2207 1019 2237 suam
1044 2193 1312 2248 bonitatem,
1338 2208 1423 2238 nec
1457 2195 1599 2253 possit
1632 2193 1910 2238 contrarium
1935 2192 2068 2238 velle.

41 2266 63 2319 sp
192 2259 446 2309 Ostensum
473 2270 540 2305 est
566 2260 690 2304 enim
715 2275 850 2318 supra
876 2261 997 2320 quod
1023 2260 1151 2304 Deus
1177 2261 1274 2305 vult
1299 2275 1434 2305 suum
1460 2275 1559 2305 esse
1587 2270 1632 2304 et
1658 2259 1788 2304 suam
1813 2260 2068 2305 bonitatem

102 2336 157 2381 ut
172 2326 427 2391 principale
454 2327 698 2387 obiectum,
726 2327 848 2387 quod
875 2337 943 2372 est
973 2327 1058 2371 sibi
1080 2328 1194 2371 ratio
1213 2327 1399 2372 volendi
1416 2326 1518 2372 alia.
1546 2328 1598 2371 In
1617 2328 1746 2371 omni
1766 2327 1902 2387 igitur
1923 2327 2067 2372 volito

46 2397 61 2457 J
101 2406 236 2450 suum
263 2408 362 2442 esse
388 2404 433 2440 et
463 2408 594 2440 suam
618 2394 870 2439 bonitatem
896 2394 1007 2448 vult,
1037 2394 1154 2439 sicut
1178 2395 1300 2439 visus
1326 2395 1373 2438 in
1400 2395 1528 2439 omni
1554 2394 1710 2439 colore
1742 2395 1866 2439 videt
1897 2393 2067 2439 lumen.

42 2453 391 2524 ,321-1‘mpossibi1e
418 2471 486 2507 est
510 2471 667 2507 autem
698 2462 848 2506 Deum
881 2475 977 2506 non
1009 2461 1127 2506 velle
1162 2461 1331 2521 aliquid
1366 2473 1492 2517 actu3
1527 2472 1645 2507 esset
1676 2462 1799 2506 enim
1830 2461 1990 2506 volens
2020 2461 2068 2505 in

52 2538 77 2559 ³
100 2528 305 2587 potentia
325 2538 524 2584 tantum3
548 2529 669 2588 quod
698 2538 766 2574 est
790 2527 1088 2588 impossibile,
1115 2543 1255 2588 quum
1283 2543 1418 2573 suum
1444 2528 1561 2574 velle
1589 2529 1646 2573 sit
1677 2543 1810 2573 suurn
1843 2543 1955 2573 esse.
1982 2528 2070 2573 Ne·

46 2589 65 2653 J
103 2593 236 2645 cesse
254 2595 393 2655 igitur
418 2606 487 2641 est
518 2596 640 2656 quod
666 2596 775 2641 velit
800 2610 935 2641 suum
962 2610 1060 2641 esse
1088 2606 1132 2640 et
1157 2610 1289 2641 suam
1321 2596 1588 2640 bonitatem.

54 2666 71 2682 ⁹*
190 2660 330 2709 Item:
357 2661 546 2722 quilibet
561 2662 737 2720 volens,
755 2663 810 2708 de
827 2664 1096 2708 necessitate
1113 2662 1210 2707 vult
1227 2677 1361 2707 suum
1380 2662 1593 2707 ultimum
1611 2662 1747 2707 finem
1762 2679 1773 2716 ;
1792 2664 1909 2708 sicut
1924 2663 2067 2708 homo

2 2760 6 2765 f
102 2726 160 2779 de
180 2730 451 2776 necessitate
476 2729 573 2774 vult
598 2744 727 2775 suam
755 2730 1098 2784 beatitudinem,
1123 2745 1206 2774 nec
1235 2740 1387 2790 potest
1406 2730 1524 2774 velle
1550 2730 1798 2775 miseriam.
1828 2730 1919 2774 Sed
1940 2730 2068 2775 Deus

3 2799 5 2801 ’
42 2809 54 2811 ”
90 2793 199 2844 ssvult
223 2809 273 2840 se
299 2810 398 2840 esse
424 2798 541 2841 sicut
566 2796 779 2841 ultimum
804 2797 958 2851 finem,
985 2807 1034 2841 ut
1060 2811 1111 2841 ex
1139 2797 1379 2855 praedictis
1412 2797 1594 2855 (c.·75,)
1626 2807 1761 2856 patet.
1794 2797 2066 2842 Necessario

7 2875 8 2878 ’
98 2859 239 2922 igitur
263 2862 360 2908 vult
385 2877 434 2909 se
461 2877 576 2917 esse,
602 2877 686 2908 nec
713 2874 864 2923 potest
889 2863 1007 2908 velle
1034 2878 1082 2908 se
1108 2878 1202 2907 non
1229 2878 1342 2908 esse.

56 2926 100 2935 ”“
191 2928 429 2990 Amplius.
458 2931 504 2975 in
531 2931 785 2991 appetitivis
812 2941 857 2975 et
880 2931 927 2974 in
960 2931 1218 2990 operativis‚
1255 2930 1355 2975 finis
1392 2930 1482 2975 hoc
1521 2931 1661 2974 modo
1696 2945 1744 2976 se
1780 2930 1918 2976 habet
1952 2930 2069 2976 sicut

2 2993 7 3026 ῗ
62 2985 376 3061 {principium
401 2997 806 3043 indemonstrabile
838 2998 886 3042 in
911 2997 1228 3056 speculativis;
1254 2998 1371 3042 sicut
1397 2997 1519 3041 enim
1547 3012 1600 3041 ex
1626 2997 1859 3057 principiis
1886 2996 2068 3042 conclu·

9 3108 11 3111 ,
71 3075 90 3120 ·
102 3056 305 3109 duntur
292 3079 338 3109 m
366 3064 656 3125 speculativis
684 3065 1018 3123 conclusiones,
1040 3065 1102 3109 ita
1127 3065 1174 3108 in
1199 3065 1356 3110 activis
1378 3074 1423 3109 et
1443 3065 1696 3122 appetitivis
1719 3065 1834 3109 ratio
1859 3065 2067 3109 omnium

7 3125 8 3138 ³
74 3130 387 3191 μμαςεῑιάοιύῐη
415 3142 459 3177 et
486 3132 846 3208 appetendorum
874 3146 928 3176 ex
959 3131 1048 3176 fine
1075 3131 1282 3175 sumitur.
1311 3131 1402 3175 Sed
1429 3133 1474 3176 in
1497 3131 1784 3190 speculativis
1811 3130 2068 3180 intellectus

67 3203 81 3238 f
103 3196 160 3250 de
184 3198 662 3251 necess1tate,assent1t
679 3198 837 3256 primis
856 3198 1086 3257 principiis
1104 3198 1596 3251 indemonstrabilibus,
1615 3212 1811 3257 quorum
1833 3198 2069 3244 contrariis

45 3258 230 3310 nullo
256 3264 398 3308 modo
426 3274 576 3323 potest
602 3265 831 3311 assentire.
866 3265 989 3324 Ergo
1015 3265 1227 3310 voluntas
1253 3265 1513 3310 necessario
1540 3265 1746 3309 inhaeret
1777 3265 1856 3309 fini
1888 3264 2069 3320 ultimo,

79 3325 272 3382 utnon
297 3331 439 3391 possit
466 3332 744 3376 contrarium
772 3331 904 3377 velle.
927 3332 983 3376 Et
1008 3332 1088 3386 sic,
1111 3332 1149 3376 si
1176 3331 1354 3376 divinae
1380 3331 1604 3376 voluntati
1626 3345 1720 3376 non
1744 3342 1812 3376 est
1832 3331 1947 3377 alius
1968 3331 2069 3377 finis

54 3409 242 3528 Quam
267 3397 378 3456 ipse,
411 3398 466 3442 de
491 3397 759 3443 necessitate
791 3398 888 3443 vult
918 3412 966 3444 se
1001 3413 1112 3444 esse

59 3460 78 3475 ‘³
188 3462 379 3511 Adhuc:
422 3464 594 3519 omnia,
635 3465 683 3510 in
714 3475 933 3524 quantum
976 3475 1093 3519 sunt,
1137 3464 1442 3510 assimilantur
1480 3465 1598 3519 Deo,
1625 3466 1701 3526 qui
1744 3475 1813 3511 est
1848 3466 1998 3525 primo
2026 3477 2070 3511 et

66 3518 301 3592 ῗξωαύωε
327 3545 421 3576 ens.
451 3530 625 3576 Omnia
647 3541 814 3595 autem,
840 3533 887 3576 in
909 3543 1130 3592 quantum
1157 3542 1275 3586 sunt,
1302 3546 1385 3576 suo
1413 3531 1554 3575 modo
1582 3531 1848 3578 naturaliter
1875 3532 2070 3594 diligunt

59 3607 241 3651 snum
270 3611 383 3644 esse.
416 3597 565 3644 Multo
596 3597 735 3659 igitur
775 3599 925 3660 magis
957 3600 1084 3645 Deus
1111 3613 1246 3644 suum
1273 3612 1371 3644 esse
1409 3598 1559 3660 diligit
1593 3600 1869 3647 naturaliter.
1895 3601 2069 3646 Natura
