2332 3854
244 194 347 264 328
909 210 1063 247 LIBER
1104 209 1180 247 111.
1223 209 1347 247 CAP..
1386 208 1513 248 xxx.

989 442 1243 497 CAPUT
1277 442 1458 498 XXX.

403 580 561 624 QUOD
594 577 878 616 FELICITAS
920 577 1152 618 HOMINIS
1192 579 1309 619 NON
1350 578 1643 618 CONSISTIT
1684 578 1740 617 IN
1779 577 2024 618 DIVITIIS.

897 694 1024 751 (Ι-ΙῙ.
1058 702 1208 754 quaest.
1242 696 1317 740 XI.
1351 702 1431 741 art.
1470 697 1542 754 1.).

327 817 393 860 Ex
419 816 509 859 hoc
539 825 692 858 autern
725 825 910 874 apparet
935 815 1058 873 quod
1074 828 1159 858 nec
1183 813 1365 858 divitiae
1392 823 1496 858 sunt
1517 827 1751 857 summum
1775 810 1979 856 hominis
2005 800 2194 856 bomi'm.

325 883 431 926 Non
460 882 582 926 enim
617 891 885 940 appetuntur
913 881 1092 925 divitiae
1118 881 1207 925 nisi
1227 891 1412 940 propter
1439 880 1584 934 aliud3
1607 894 1688 939 per
1720 893 1768 923 se
1790 878 1914 923 enim
1943 877 2062 922 nihil
2084 878 2195 922 boni

237 949 448 1002 inferunt,
468 948 544 992 sed
565 947 716 991 solum
749 949 918 991 utimur
941 947 1005 992 eis
1030 946 1104 991 vel
1131 948 1186 991 ad
1214 948 1419 1006 corporis
1442 947 1835 1000 sustentationem,
1856 944 1930 989 vel
1954 945 2008 989 ad
2026 943 2195 1004 aliquid

239 1016 518 1075 hujusmodi.
549 1015 690 1067 Quod
734 1026 885 1059 autem
913 1025 981 1058 est
1017 1028 1251 1058 summum
1294 1024 1360 1058 est
1385 1024 1569 1073 propter
1595 1028 1642 1058 se
1675 1012 1996 1067 desideratum,
2028 1021 2072 1056 et
2101 1011 2196 1055 non'

238 1095 422 1144 propter
450 1083 584 1127 aliud
612 1083 720 1127 Non
743 1092 847 1127 sunt
872 1082 1007 1140 igitur
1035 1082 1218 1126 divitiae
1244 1095 1477 1126 summum
1510 1081 1712 1124 hominis
1736 1081 1924 1123 bonum.

326 1150 516 1194 Adhuc:
546 1164 705 1193 eorum
732 1150 963 1207 possessio
989 1147 1063 1192 vel
1099 1149 1385 1192 conservatio
1412 1161 1506 1191 non
1540 1156 1690 1205 potest
1722 1159 1820 1190 esse
1851 1156 2086 1189 summum
2108 1143 2197 1188 ho·
2250 1155 2255 1159 ·

239 1218 374 1261 minis
400 1218 589 1270 bonum,
617 1230 732 1275 quae
760 1216 958 1260 maxime
992 1214 1231 1259 conferunt
1256 1214 1437 1258 homini
1467 1214 1526 1257 in
1540 1214 1630 1257 hoc
1658 1214 1781 1271 quod
1814 1212 2094 1256 emittuntur.
2121 1211 2198 1255 Di-

235 1285 371 1327 vitiae
401 1294 552 1327 autem
579 1284 625 1326 in
647 1283 738 1327 hoc
773 1283 971 1326 maxime
995 1281 1236 1326 conferunt
1261 1281 1384 1340 quod
1411 1281 1747 1339 expenduntur3
1774 1279 1864 1322 hoc
1892 1278 2013 1322 enim
2041 1291 2198 1322 earum

235 1365 342 1395 usus
376 1360 456 1394 est.
491 1351 599 1394 Non
642 1360 791 1409 potest
830 1350 967 1408 igitur
1000 1349 1259 1405 divitiarum
1299 1348 1530 1406 possessio
1575 1361 1674 1391 esse
1714 1359 1950 1390 summum
1990 1343 2194 1398 hominis

235 1419 423 1462 bonurn.
1889 1427 1894 1433 ’
1925 1439 1929 1442 ·
2064 1426 2067 1429 ¹

324 1485 560 1544 Amplius·
590 1494 716 1528 actus
743 1483 919 1527 virtutis
936 1482 1176 1526 laudabilis
1193 1491 1261 1526 est
1277 1481 1527 1526 secundum
1558 1479 1680 1539 quod
1699 1479 1756 1522 ad
1781 1457 2046 1527 felicitatem
2073 1460 2201 1521 acce-

237 1553 314 1597 dit.
342 1553 490 1610 Magis
513 1561 666 1595 autem
694 1561 761 1594 est
786 1549 1026 1593 laudabilis
1054 1559 1180 1593 actus
1206 1547 1490 1593 liberalitatis
1517 1557 1562 1591 et
1577 1546 1932 1599 munificentiae,
1956 1557 2073 1604 quae
2095 1554 2200 1589 sunt

235 1620 355 1663 circa
387 1619 619 1678 pecunias,
653 1632 707 1661 ex
732 1618 822 1661 hoc
851 1617 973 1675 quod
1015 1617 1234 1674 pecuniae
1269 1616 1536 1659 emittuntur
1562 1616 1701 1673 quam
1734 1627 1788 1657 ex
1819 1613 1910 1656 hoc
1943 1611 2066 1671 quod
2093 1624 2199 1657 con·

236 1696 493 1739 servantur3
516 1685 636 1728 unde
664 1695 708 1728 et
734 1684 787 1727 ab
811 1684 902 1727 hoc
930 1683 1120 1726 nomina
1143 1683 1306 1726 harum
1332 1683 1551 1725 virtutum
1577 1690 1830 1724 sumuntur.
1856 1677 1965 1723 Non
1991 1677 2199 1748 consistit

234 1753 370 1811 igitur
395 1752 597 1795 hominis
623 1750 816 1795 felicitas
848 1751 894 1793 in
927 1750 1217 1808 possessione
1245 1749 1519 1792 divitiarum.

319 1819 458 1862 Item:
486 1817 596 1861 illud
628 1817 674 1860 in
702 1818 829 1875 cujus
857 1817 1181 1860 consecutione
1209 1829 1443 1859 summum
1469 1814 1670 1857 hominis
1696 1813 1871 1857 bonum
1897 1821 1980 1866 est,
2006 1821 2190 1871 oportet

232 1900 329 1929 esse
356 1885 546 1928 homine
573 1883 750 1927 melius.
777 1883 960 1927 Divitiis
988 1891 1139 1926 autem
1172 1882 1316 1925 homo
1351 1891 1419 1925 est
1450 1881 1627 1935 melior,
1661 1895 1802 1939 quum
1835 1879 1924 1924 sint
1955 1891 2027 1923 res
2065 1883 2200 1937 quae-

231 1953 338 1996 dam
365 1952 420 1995 ad
448 1966 580 1996 usum
607 1950 809 1994 hominis
837 1950 1087 1993 ordinatae.
1113 1949 1221 1992 Non
1249 1959 1316 1992 est
1332 1948 1468 2006 igitur
1485 1948 1532 1990 in
1552 1947 1716 1991 divitiis
1740 1959 1974 1991 summum
1991 1943 2194 2008 hominis

229 2021 417 2063 bonum.

318 2086 581 2129 Praeterea.
610 2098 843 2128 summum
869 2083 1070 2127 hominis
1096 2082 1269 2126 bonum
1295 2081 1503 2126 fortunae
1521 2096 1615 2126 non
1633 2082 1850 2140 subjacet.
1872 2078 1994 2126 Nam
2011 2068 2196 2139 fortuita

231 2153 399 2211 absque
427 2152 576 2196 studio
604 2151 790 2194 rationis
824 2150 1051 2204 eveniunt.
1089 2149 1287 2208 Oportet
1324 2159 1477 2193 autem
1514 2149 1636 2208 quod
1673 2163 1753 2206 per
1787 2147 2015 2193 rationem
2050 2146 2196 2198 homo

228 2221 462 2278 proprium
489 2218 628 2262 finem
655 2227 974 2275 consequatur.
1006 2217 1056 2259 In
1097 2216 1422 2260 consecutione
1459 2226 1611 2259 autem
1646 2215 1907 2270 divitiarum
1943 2213 2196 2261 maximum

227 2286 383 2330 locum
410 2285 549 2329 habet
573 2284 766 2328 fortuna.
793 2284 901 2328 Non
930 2295 997 2327 est
1018 2283 1154 2341 igitur
1180 2284 1226 2326 in
1254 2283 1419 2326 divitiis
1448 2283 1652 2326 humana
1678 2281 1870 2325 felicitas
1905 2279 2165 2329 constituta.

317 2351 554 2411 Amplius.
581 2352 671 2395 hoc
701 2350 884 2395 evidens
907 2349 956 2393 fit
981 2364 1060 2409 per
1086 2350 1176 2393 hoc
1205 2350 1326 2408 quod
1350 2349 1531 2392 divitiae
1573 2348 1877 2392 involuntarie
1909 2346 2190 2401 amittuntur,

229 2430 273 2463 et
299 2420 420 2478 quod
439 2418 572 2462 malis
595 2417 776 2462 evenire
794 2426 984 2476 possunt
1010 2431 1125 2475 quos
1153 2430 1341 2460 necesse
1360 2425 1428 2460 est
1450 2429 1633 2459 summo
1655 2415 1780 2458 bono
1810 2415 1978 2468 carere,
2004 2424 2049 2458 et
2070 2413 2193 2477 quod

225 2486 458 2530 instabiles
490 2495 608 2539 sunt,
635 2494 679 2528 et
713 2483 800 2528 alia
835 2483 1115 2542 hujusmodi,
1154 2497 1269 2542 quae
1307 2498 1360 2527 ex
1398 2482 1707 2541 superioribus
1750 2481 2003 2526 rationibus
2038 2474 2195 2540 colligi

230 2563 435 2613 possunt.

959 2743 1213 2800 CAPUT
1256 2743 1464 2798 XXXI.

341 2891 500 2938 QUOD
543 2889 827 2928 FELICITAS
868 2885 985 2928 NON
1027 2889 1319 2928 CONSISTIT
1359 2888 1415 2926 IN
1455 2886 1739 2924 POTENTIA
1779 2882 2065 2926 MUNDANA.

901 2999 1022 3055 (I-II.
1057 3004 1207 3057 quaest.
1236 2998 1310 3042 XI.
1338 3003 1419 3042 art.
1446 2998 1524 3055 4.).

314 3120 533 3165 Similiter
562 3129 715 3164 autem
742 3133 826 3162 nec
854 3119 899 3162 in
928 3118 1159 3162 mundana
1184 3119 1389 3176 potentia
1411 3130 1645 3160 summum
1672 3114 1874 3160 hominis
1900 3115 2076 3161 bonum
2093 3127 2193 3161 esse

227 3198 391 3246 potest.
2014 3215 2015 3218 η

320 3255 479 3306 Quum
507 3254 552 3297 in
579 3268 632 3297 ea
659 3253 905 3297 obtinenda
931 3251 1180 3311 plurimum
1207 3250 1387 3295 fortuna
1414 3251 1572 3308 possit,
1600 3259 1645 3295 et
1676 3247 1896 3294 instabilis
1921 3249 1995 3303 sit,
2022 3258 2067 3294 et
2096 3259 2192 3296 non

225 3323 457 3380 subjaceat
473 3320 674 3365 hominis
693 3320 929 3375 voluntati,
954 3330 998 3363 et
1015 3318 1283 3378 plerumque
1307 3317 1438 3361 malis
1460 3318 1692 3371 adveniat;
1723 3330 1839 3376 quae
1860 3328 2046 3362 summo
2065 3315 2191 3360 bono

224 3398 491 3448 repugnant,
519 3398 569 3432 ut
594 3402 647 3431 ex
674 3388 934 3463 praemissis
962 3388 1023 3445 (c.
1051 3399 1121 3445 29.
1149 3394 1193 3429 et
1223 3385 1312 3443 30.)
1340 3394 1476 3443 patet.
1801 3405 1806 3410 ·

315 3457 454 3500 Item:
481 3455 626 3499 homo
654 3455 854 3498 maxime
881 3454 1043 3498 dicitur
1068 3453 1215 3496 bonus
1242 3451 1494 3496 secundum
1525 3451 1646 3510 quod
1676 3450 1732 3495 ad
1755 3463 1992 3496 summum
2015 3450 2192 3498 bonum

228 3522 418 3580 attingit
454 3522 718 3565 Secundum
745 3532 897 3565 autem
935 3520 1058 3579 quod
1090 3520 1229 3563 habet
1253 3518 1528 3577 potentiam,
1557 3532 1652 3562 non
1679 3517 1842 3563 dicitur
1864 3517 2025 3563 bon'us
2036 3528 2192 3575 neque

227 3588 398 3642 malus;
424 3603 516 3632 non
545 3589 667 3632 enim
697 3598 761 3633 est
788 3577 935 3632 bonus
964 3586 1114 3631 omnis
1135 3585 1217 3645 qui
1251 3595 1399 3644 potest
1426 3585 1548 3628 bona
1575 3584 1740 3638 facere,
1767 3597 1917 3643 neque
1942 3581 2092 3631 malus
2123 3590 2192 3628 &et
