2332 3854
278 234 382 301 166
933 262 1089 302 LIBER
1127 262 1183 300 11.
1226 262 1346 301 CAP.
1387 261 1575 302 xxx1x.

271 374 340 409 est
365 379 391 409 a
418 378 554 410 causa
586 379 665 424 per
697 380 759 420 se,
792 375 836 410 et
861 365 1174 422 determinata,
1199 379 1294 411 non
1326 378 1353 410 a
1379 378 1502 421 casu,
1528 365 1604 426 qui
1618 358 1697 412 *est
1734 360 1870 411 causa
1902 362 1984 426 per
2015 360 2227 414 35ὢᾶὲίὶὲ

270 432 632 477 indeterminata.

359 499 590 557 Amplius:
619 499 856 558 cujuslibet
882 499 946 543 rei
972 499 1259 575 procedentis
1287 498 1341 544 ab
1376 509 1538 560 agente
1569 514 1648 561 per
1688 498 1972 545 intellectum
2000 511 2049 546 et
2072 494 2231 547 ’111111111-

270 576 426 621 tatem,
452 566 600 611 forma
627 577 693 611 est
711 567 763 610 ab
794 571 956 624 agente
974 566 1159 611 intenta.
1177 567 1280 626 Ipsa
1299 575 1451 612 autem
1468 567 1734 612 universitas
1753 568 2062 612 creaturarum
2074 560 2230 613 D'euffl

270 633 408 677 habet
435 643 684 686 auctorem,
718 633 794 691 qui
821 642 889 676 est
916 647 1057 709 agens
1081 648 1161 693 per
1191 633 1492 688 voluntatem,
1529 644 1572 679 et
1596 633 1896 688 intellectum,
1933 630 1983 679 ut
2019 634 2073 679 ek
2102 630 2231 712 prae-

272 700 421 745 missis
449 702 507 758 (c.
537 713 587 758 23
597 699 629 755 .)
656 710 790 758 patet.
819 699 916 743 Nec
943 700 989 743 in
1016 700 1180 744 virtute
1207 715 1288 744 sua
1305 700 1506 744 defectus
1528 700 1688 760 aliquis
1717 714 1814 745 esse
1833 709 1996 760 potest,
2012 697 2151 757 utsijc
2159 697 2232 746 de-

271 767 393 811 ficiat
410 781 434 810 a
452 781 532 810 sua
549 767 814 819 intentione,
834 780 940 809 cum
958 780 1039 810 sua
1054 767 1196 812 virtus
1214 768 1271 812 sit
1286 763 1474 824 infinita,
1493 778 1542 812 ut
1557 776 1691 827 supra
1709 778 1942 812 ostensum
1961 765 2106 827 est(c.
2107 747 2175 828 {13
2182 768 2230 827 ..)

275 834 472 892 Oportet
497 833 634 891 igitur
660 832 782 891 quod
800 831 949 877 forma
966 833 1164 878 universi
1190 832 1247 879 sit
1264 848 1289 878 a
1314 834 1418 879 Deo
1440 835 1628 888 intenta,
1646 844 1690 879 et
1704 834 1861 880 volita.
1882 835 1991 879 Non
2013 831 2083 887 est
2094 831 2232 894 igitur

272 915 298 944 a
326 915 455 944 casu:
482 914 589 943 casu
609 899 731 943 enim
750 913 847 944 esse
874 900 1068 944 dicimus
1094 915 1211 960 quae
1227 906 1403 960 praeter
1418 901 1721 946 intentionem
1740 901 1914 961 agentis
1931 897 2046 946 sunt.
2065 900 2232 946 Forma

272 977 425 1012 autem
458 966 658 1011 universi
684 967 891 1012 consistit
914 968 960 1011 in
988 967 1278 1013 distinctione
1297 978 1342 1013 et
1367 968 1525 1013 ordine
1543 969 1739 1028 partium
1757 970 1866 1028 ejus.
1883 968 1992 1014 Non
2015 978 2082 1014 est
2097 968 2232 1028 igitur

272 1034 500 1079 distinctio
528 1048 680 1077 rerum
708 1048 733 1077 a
761 1048 881 1078 casu.

361 1101 550 1145 Adhuc:
575 1101 620 1144 id
648 1101 770 1160 quod
797 1111 864 1146 est
888 1102 1063 1146 bonum
1096 1112 1140 1146 et
1166 1102 1393 1162 optimum
1424 1102 1471 1146 in
1497 1101 1676 1157 effectu,
1703 1112 1771 1147 est
1793 1102 1896 1147 finis
1921 1100 2233 1163 productionis

269 1168 405 1214 illius.
440 1168 529 1212 Sed
554 1168 729 1212 bonum
752 1178 796 1213 et
822 1170 1048 1228 optimum
1074 1170 1274 1213 universi
1301 1169 1506 1213 consistit
1530 1169 1577 1212 in
1604 1168 1762 1213 ordine
1789 1169 1987 1228 partium
2011 1169 2150 1228 ipsius
2176 1168 2233 1213 ad

269 1237 483 1289 invicem,
517 1236 594 1294 qui
620 1236 716 1280 sine
743 1235 1032 1280 distinctione
1059 1250 1160 1281 esse
1186 1250 1281 1280 non
1307 1246 1469 1294 potest.
1496 1235 1584 1279 Per
1608 1235 1731 1279 hunc
1759 1236 1883 1279 enim
1910 1235 2118 1280 ordinem
2139 1235 2233 1279 uni-

270 1318 451 1348 versum
485 1303 532 1346 in
565 1317 646 1347 sua
676 1302 901 1347 totalitate
929 1303 1229 1358 constituitur,
1269 1317 1384 1362 quae
1411 1304 1479 1347 ‘e'st
1515 1302 1741 1361 optimum
1777 1303 1931 1362 ipsius.
1964 1303 2067 1363 Ipse
2097 1303 2234 1363 igitur

271 1371 384 1415 ordo
411 1370 620 1428 partium,
635 1370 848 1424 universi,
867 1381 911 1414 et
928 1370 1158 1415 distinctio
1182 1384 1354 1425 earum,
1374 1382 1440 1415 est
1456 1369 1557 1414 finis
1574 1369 1886 1429 productionis
1903 1370 2123 1416 universi:
2137 1384 2233 1415 non

271 1447 339 1482 est
364 1437 501 1495 igitur
527 1437 757 1481 distinctio
785 1451 938 1481 rerum
972 1452 996 1481 a
1024 1452 1146 1482 casu.

359 1505 491 1547 Hanc
519 1514 672 1548 autem
698 1504 938 1549 veritatem
964 1519 1093 1549 sacra
1120 1504 1353 1563 Scriptura
1378 1504 1627 1563 profitetur,
1656 1514 1705 1548 ut
1734 1513 1858 1563 patet
1890 1503 2058 1550 Genes.
2091 1504 2126 1549 Ι.
2158 1503 2236 1548 ubi

271 1586 378 1616 cum
404 1572 552 1631 primo
588 1572 771 1629 dicitur:
799 1573 851 1616 In
874 1574 1089 1632 principio
1117 1574 1280 1617 creavit
1304 1573 1422 1616 Deus
1448 1573 1604 1617 coelum
1626 1578 1664 1617 et
1686 1577 1856 1626 terram,
1880 1571 2134 1632 subjungit:
2155 1571 2236 1616 Di-

269 1641 416 1684 stinxit
446 1640 562 1684 Deus
594 1639 725 1684 lucem
751 1654 776 1684 α
809 1641 978 1684 tenebris
1007 1638 1108 1698 (4.),
1136 1649 1180 1683 et
1206 1639 1269 1683 sic
1298 1639 1352 1683 de
1380 1638 1494 1693 aliis,
1512 1648 1561 1682 ut
1591 1652 1686 1683 non
1704 1637 1856 1683 solum
1877 1637 2032 1683 'rerum
2050 1634 2235 1693 creatio,

272 1706 350 1751 sed
383 1706 523 1750 etiam
555 1721 708 1751 rerum
740 1706 969 1751 distinctio
1003 1721 1028 1750 a
1059 1706 1164 1750 Deo
1197 1720 1294 1750 esse
1329 1706 1606 1760 ostendatur,
1638 1720 1744 1763 non*
1769 1720 1795 1750 a
1834 1704 1957 1761 casu,
1990 1700 2074 1753 ‘sed
2105 1700 2234 1767 quasi

270 1774 446 1818 bonum
474 1785 518 1819 et
544 1774 769 1833 optimum
792 1774 1014 1830 universi3
1041 1773 1160 1818 unde
1187 1773 1390 1818 subditur
1416 1772 1553 1833 (31.):
1595 1773 1708 1819 Vidit
1727 1774 1843 1819 Deus
1868 1768 2017 1821 cuncta
2046 1772 2152 1833 'quite
2181 1770 2236 1834 Ῑεῂ

270 1848 397 1896 cerat,
421 1848 457 1886 et
477 1848 596 1886 erant
616 1841 736 1886 valde
770 1843 891 1886 bona.
1345 1866 1347 1868 ·

361 1909 449 1953 Per
474 1909 566 1953 hoc
594 1918 747 1953 autem
774 1907 1025 1953 excluditur
1051 1908 1207 1967 opinio
1232 1907 1523 1966 antiquorum
1539 1906 1830 1961 naturalium,
1847 1904 2118 1967 ponentium
2135 1918 2237 1951 cau-

269 1991 370 2021 sam
393 1975 680 2021 materialem
712 1975 861 2021 solam
885 1986 929 2020 et
954 1990 1108 2030 unam,
1137 1990 1191 2019 ex
1218 1989 1306 2034 qua
1329 1975 1485 2018 omnia
1510 1974 1679 2019 fiebant
1703 1974 1886 2019 raritate
1917 1977 1963 2018 'et
1988 1968 2234 2019 densitate·

270 2042 357 2087 hos
384 2043 509 2088 enim
529 2057 716 2088 necesse
746 2053 813 2088 est
838 2043 988 2087 dicere
1015 2042 1356 2086 distinctionem
1382 2056 1535 2086 rerum
1562 2055 1673 2101 quas
1699 2041 1747 2085 in
1773 2038 1985 2086 universo
2011 2032 2235 2094 videtum,

270 2124 364 2154 non
382 2124 436 2154 ex
453 2109 644 2169 alicujus
663 2110 901 2154 ordinante
918 2110 1171 2154 intentione
1189 2109 1466 2168 provenisse,
1483 2109 1562 2152 sed
1582 2122 1636 2152 ex
1653 2109 1871 2153 materiae
1886 2101 2090 2153 fortuito
2091 2103 2233 2153 motu.

273 2177 491 2221 Similiter
518 2178 655 2222 etiam
689 2176 940 2222 excluditur
973 2191 1098 2221 error
1129 2177 1400 2230 Democriti,
1433 2186 1478 2220 et
1509 2175 1744 2235 Leucippi,
1767 2172 2037 2234 ponentium
2062 2167 2236 2231 infinita

271 2244 492 2304 principia
518 2244 786 2299 materialia,
813 2244 986 2289 scilicet
1010 2243 1299 2288 indivisibilia
1327 2257 1518 2302 corpore
1546 2244 1750 2301 ejusdem
1782 2250 1985 2297 naturae,
2012 2240 2090 2287 sed
2116 2235 2238 2287 diffe-

271 2313 415 2356 rentia
441 2311 612 2371 figuris,
640 2311 813 2366 ordine,
832 2321 875 2356 et
900 2311 1142 2371 positione,
1170 2325 1223 2355 ex
1250 2325 1447 2369 quorum
1470 2324 1710 2364 concursu,
1729 2320 1866 2369 quem
1883 2303 2122 2386 oportebat
2138 2321 2238 2353 esse

270 2379 523 2433 fortuitum,
543 2394 650 2423 cum
668 2393 854 2423 causam
874 2391 1087 2437 agentern
1103 2387 1338 2437 negarent,
1351 2377 1580 2437 ponebant
1593 2391 1690 2422 esse
1706 2375 2037 2421 diversitatem'
2025 2384 2072 2420 1'n
2088 2374 2237 2430 rebus,

272 2456 457 2506 propter
482 2457 572 2491 tres
609 2446 862 2506 praedictas
889 2446 1186 2490 athomorum
1222 2444 1512 2499 differentiaS,
1550 2444 1725 2489 scilicet
1757 2443 1943 2504 figurae,
1980 2442 2169 2505 ordinis,
2193 2452 2238 2487 et

272 2513 534 2573 positionis:
563 2512 682 2558 unde
705 2513 975 2572 sequebatur
993 2513 1332 2558 distinctionem
1349 2526 1501 2557 rerum
1518 2525 1615 2556 esse
1632 2510 1882 2566 fortuitam,
1900 2510 2023 2571 quod
2042 2509 2097 2556 ex
2112 2519 2238 2571 prae·

273 2581 422 2626 missis
449 2591 573 2642 patet
604 2595 702 2626 esse
727 2580 909 2626 falsum.

1045 2796 1299 2854 CAPUT
1342 2797 1460 2852 XL.

324 2942 483 2988 QUOD
527 2941 770 2981 MATERIA
808 2935 926 2981 NON
965 2941 1064 2979 EST
1107 2941 1272 2979 PRIMA
1306 2939 1484 2979 CAUSA
1523 2937 1948 2979 DISTINCTIONIS·
1981 2920 2183 2978 RERUM.

883 3051 973 3109 (De
988 3058 1079 3111 pot.
1107 3058 1260 3110 quaest.
1287 3050 1370 3095 III.
1399 3056 1478 3095 art.
1506 3047 1611 3107 16).

362 3180 427 3224 Ex
452 3180 523 3224 his
552 3188 704 3224 autem
730 3178 918 3223 ulterius
943 3188 1142 3238 apparet,
1167 3178 1289 3237 quod
1306 3191 1457 3221 rerum
1481 3175 1710 3221 distinctio
1737 3188 1832 3220 non
1858 3184 1926 3220 est
1945 3183 2134 3235 propter
2145 3187 2239 3219 ma·

272 3248 411 3292 teriae
439 3248 746 3292 diversitatem
772 3248 888 3291 sicut
913 3256 1097 3306 propter
1123 3245 1318 3321 primam
1344 3257 1542 3289 causam.
1570 3243 1637 3287 Ex
1663 3242 1854 3288 materia
1879 3239 2003 3287 enim
2027 3238 2145 3286 'nihii
2166 3241 2239 3286 de-

271 3316 567 3359 terminatum
593 3313 833 3374 provenire
860 3322 1024 3372 potest,
1050 3312 1137 3356 nisi
1165 3310 1418 3365 casualiter,
1446 3324 1501 3355 eo
1529 3309 1652 3370 quod
1678 3309 1869 3355 materia
1895 3308 1951 3353 ad
1978 3303 2147 3353 multa
2137 3305 2240 3370 pos·

194 3432 206 3445 ·
274 3381 414 3426 sibilis
428 3392 522 3436 est3
537 3396 589 3426 ex
607 3382 767 3441 quibus
779 3381 817 3425 si
830 3395 970 3424 unum
984 3390 1161 3424 tantum
1174 3378 1425 3438 proveniat,
1438 3377 1528 3422 hoc
1543 3386 1590 3421 ut
1602 3377 1648 3421 in
1665 3370 1953 3436 paucioribus
1967 3372 2238 3436 conti'n'ge'ns

271 3462 457 3493 necesse
485 3459 551 3493 est
577 3463 689 3494 esse.
716 3447 994 3525 Hujusmodi
1020 3456 1173 3491 autem
1201 3455 1268 3490 est
1293 3445 1415 3504 quod
1449 3444 1691 3489 casualiter
1723 3443 1890 3499 evenit,
1920 3451 1967 3489 et
1988 3438 2237 3511 ‘praecipue
2300 3502 2302 3504 v

273 3515 450 3559 sublata
476 3516 727 3560 intentione
756 3515 945 3574 agentis.
981 3514 1233 3559 Ostensum
1266 3521 1333 3557 est
1366 3521 1518 3556 autem
1550 3512 1610 3569 (c.
1642 3510 1732 3572 39.)
1757 3509 1881 3572 quod
1907 3504 2061 3555 16111111
2086 3502 2238 3555 distin·

273 3582 363 3626 ctio
390 3596 482 3626 non
507 3593 574 3627 est
600 3598 625 3627 a
654 3597 774 3627 casu.
804 3581 1088 3641 Relinquitur
1114 3580 1250 3640 igitur
1276 3579 1398 3640 quod
1425 3592 1519 3623 non
1545 3579 1603 3624 sit
1628 3585 1811 3639 propter
1844 3571 2063 3627 materiae
2096 3572 2239 3622 diver-

273 3650 453 3694 sitatem
480 3650 596 3695 sicut
622 3660 805 3709 propter
831 3650 1027 3709 primam
1055 3662 1254 3693 causam.
