2332 3854
842 235 996 275 mnan
1035 234 1070 273 1.
1112 234 1234 274 CAP.
1274 233 1367 271 xx.
2007 234 2076 288 27

212 339 269 384 Et
294 338 349 383 ad
374 339 465 383 hoc
491 336 759 382 dicendum:
792 337 926 396 quod·
941 337 1118 382 finitum
1141 346 1187 381 et
1210 335 1453 389 infinitum,
1483 334 1530 378 in
1557 333 1869 393 magnitudine
1901 344 1945 379 et
1969 345 2081 379 tem-

122 420 233 467 pore
264 415 310 451 et
334 415 464 451 motu
495 404 784 449 inveniuntur
809 405 1062 448 secundum
1087 417 1227 448 unam
1252 402 1492 456 rationem,
1510 401 1628 445 sicut
1642 401 1858 460 probatur
1883 401 1929 444 in
1945 402 2079 446 tertio

123 482 170 519 et
192 473 239 518 in
265 475 424 533 quinto
448 471 631 532 Physic.
658 471 715 515 Et
737 471 843 516 ideo
869 471 1095 515 infinitum
1121 471 1168 515 in
1190 483 1284 515 uno
1310 482 1471 515 eorum
1499 470 1643 512 auffert
1659 468 2004 527 proportionem
2035 468 2081 512 fi-

121 539 266 586 nitam
290 541 338 584 in
360 539 472 584 aliis.
499 539 551 583 In
577 539 648 583 his
673 547 839 593 autem,
865 552 982 597 quae
1005 548 1160 582 carent
1179 536 1510 597 magnitudine,
1535 550 1629 580 non
1657 545 1725 579 est
1744 534 1922 579 finitum
1950 544 1994 579 et
2019 535 2082 578 in-

121 605 316 661 finitum,
341 606 429 651 nisi
455 605 719 665 aequivoce.
752 605 886 649 Unde
912 605 1169 664 praedictus
1196 604 1362 649 modus
1386 601 1728 648 demonstrandi
1753 602 1798 645 in
1820 601 1984 646 talibus
2007 615 2083 661 po-

123 673 276 718 tentiis
301 672 458 717 locum
483 686 576 716 non
603 672 753 716 habet.

163 753 165 755 ·
211 739 359 784 Aliter
380 748 533 783 autem
557 738 855 797 respondetur
880 737 1043 782 melius
1061 738 1183 796 quod
1206 737 1389 782 coelum
1415 737 1553 781 habet
1569 736 1684 780 duos
1705 744 1922 789 motores,
1940 749 2081 779 unum

121 807 396 866 proximum,
430 805 507 865 qui
538 815 606 851 est
630 804 783 849 finitae
816 805 1006 858 virtutis,
1034 814 1078 849 et
1111 805 1163 849 ab
1192 805 1282 848 hoc
1314 804 1451 848 habet
1483 803 1606 862 quod
1638 811 1790 847 motus
1823 803 1918 861 ejus
1951 802 2008 846 sit
2038 801 2083 845 fi-

120 873 243 917 nitae
268 872 537 926 velocitatis,
563 882 609 916 et
636 870 777 916 alium
809 881 1054 925 remotum,
1087 871 1164 930 qui
1196 881 1263 915 est
1294 870 1496 914 infinitae
1530 870 1721 923 virtutis,
1758 883 1784 913 a
1819 882 1910 928 quo
1945 868 2083 912 habet

111 940 246 1001 -quod
273 949 426 984 motus
453 941 551 998 ejus
578 939 720 998 possit
745 953 844 983 esse
870 938 1073 982 infinitae
1101 937 1366 982 durationis.
1393 938 1450 981 Et
1475 937 1539 981 sic
1566 947 1691 996 patet
1723 936 1845 995 quod
1878 935 2082 994 potentia

121 1005 310 1060 infinita,
336 1020 453 1066 quae
478 1019 572 1050 non
590 1015 658 1050 est
678 1006 724 1050 in
751 1006 1083 1064 magnitudine,
1109 1014 1259 1064 potest
1285 1019 1474 1049 movere
1503 1018 1668 1063 corpus
1690 1017 1785 1048 non
1818 1003 2082 1047 immediate

121 1073 408 1132 intempore;
423 1072 500 1118 sed
518 1073 734 1132 potentia,
753 1086 867 1132 quae
887 1082 954 1117 est
969 1073 1014 1116 in
1032 1072 1360 1130 magnitudine,
1378 1081 1558 1131 oportet
1575 1070 1696 1130 quod
1714 1080 1899 1115 moveat
1917 1083 2082 1129 corpus

45 1126 51 1134 ⁸
82 1196 92 1204 ἦ
121 1139 401 1194 immediate,
430 1154 534 1185 curn
560 1139 739 1184 nullum
770 1154 937 1199 corpus
963 1149 1149 1184 moveat
1179 1140 1265 1184 nisi
1298 1149 1492 1192 motum,
1526 1139 1660 1192 unde,
1693 1137 1731 1183 si
1762 1147 1986 1191 moveret,
2017 1150 2085 1181 se-

106 1217 341 1268 *queretur
358 1207 480 1267 quod
506 1217 716 1251 moveret
739 1218 834 1252 non
862 1208 908 1251 in
934 1217 1158 1266 tempore.

210 1274 370 1320 Potest
395 1275 543 1319 adhuc
571 1274 733 1320 melius
756 1274 843 1318 dici
870 1274 992 1333 quod
1019 1273 1237 1333 potentia,
1264 1287 1380 1332 quae
1406 1287 1500 1317 non
1518 1273 1646 1317 estin
1665 1272 1992 1331 magnitudine,
2015 1282 2084 1317 est

121 1340 393 1396 intellectus,
419 1339 645 1386 et'movet
669 1355 749 1401 per
773 1341 1080 1396 voluntatem3
1104 1341 1223 1384 unde
1246 1350 1402 1384 movet
1423 1340 1674 1385 secundum
1696 1339 1971 1399 exigentiam
1988 1352 2085 1383 mo-

120 1406 238 1462 bilis,
264 1417 309 1453 et
332 1421 426 1453 non
453 1407 704 1452 secundum
731 1408 1077 1467 proportionem
1098 1421 1206 1452 suae
1228 1407 1418 1451 virtutis.
1445 1407 1658 1451 Potentia
1686 1416 1838 1451 autem
1868 1419 1984 1465 quae
2017 1416 2085 1450 est

121 1474 170 1519 in
189 1475 516 1535 magnitudine,
538 1489 632 1519 non
658 1485 808 1534 potest
832 1489 1019 1519 movere
1044 1475 1131 1519 nisi
1162 1488 1242 1532 per
1268 1474 1590 1519 necessitatem
1611 1484 1814 1528 naturae,
1849 1474 1954 1533 quia
1984 1487 2084 1533 pro-

120 1540 278 1586 batum
303 1550 371 1587 est
395 1541 517 1601 quod
543 1541 797 1586 intellectus
824 1555 919 1585 non
939 1550 1008 1586 est
1032 1541 1173 1585 virtus
1198 1541 1244 1584 in
1273 1554 1492 1600 corpore;
1520 1550 1567 1585 etv
1591 1541 1655 1585 sic
1678 1550 1835 1585 movet
1860 1541 1916 1585 de
1931 1553 2085 1585 neces·

120 1608 251 1653 sitate
277 1609 528 1653 secundum
554 1610 900 1667 proportionem
918 1622 1026 1653 suae
1044 1607 1329 1667 quantitatis;
1348 1607 1468 1651 unde
1485 1607 1701 1666 sequitur,
1718 1607 1756 1651 si
1773 1616 1943 1661 movet,
1960 1607 2083 1666 quod

121 1684 307 1720 moveat
328 1675 377 1719 in
401 1675 599 1719 instanti.
624 1674 888 1719 Secundum
924 1675 1030 1733 hoc,
1070 1689 1197 1734 ergo,
1236 1674 1425 1719 remotis
1458 1674 1700 1732 praedictis
1735 1674 2083 1734 objectionibus,

121 1741 328 1801 procedit
352 1740 680 1786 demonstratio
707 1741 980 1786 Aristotelis.

209 1807 446 1868 Ampliusz
471 1807 623 1853 nullus
649 1817 800 1853 motus
818 1808 895 1868 qui
921 1818 988 1852 est
1006 1822 1030 1852 a
1052 1818 1267 1853 movente
1288 1821 1512 1867 corporeo
1540 1817 1691 1866 potest
1715 1822 1814 1853 esse
1841 1807 2083 1852 continuus

121 1885 167 1921 et
190 1874 425 1934 regularis,
452 1889 508 1920 eo
545 1875 668 1934 quod
702 1889 896 1920 movens
929 1874 1245 1934 corporalein
1278 1884 1408 1920 motu
1439 1874 1578 1919 locali
1611 1883 1781 1930 movet,
1809 1875 2079 1919 attrahendo

121 1941 197 1987 vel
222 1941 507 2001 expellendo.
534 1942 584 1986 Id
608 1952 761 1986 autern
793 1942 917 2002 quod
944 1942 1182 1987 attrahitur
1206 1941 1283 1986 vel
1308 1940 1545 2000 expellitur
1566 1956 1660 1986 non
1685 1942 1732 1986 in
1751 1942 1912 1986 eadem
1938 1942 2083 2001 dispo-

121 2009 287 2054 sitione
318 2022 368 2055 se
403 2009 542 2054 habet
579 2009 634 2053 ad
667 2019 948 2065 moventem,
985 2024 1011 2053 a
1041 2009 1266 2068 principio
1303 2017 1455 2053 motus
1482 2022 1626 2068 usque
1653 2009 1710 2052 ad
1746 2009 1908 2063 finem3
1941 2023 2081 2068 quum

121 2076 397 2136 quandoque
423 2076 481 2121 sit
494 2077 805 2136 propinquius,
825 2077 1098 2136 quandoque
1115 2076 1351 2120 remotius.
1379 2076 1436 2120 Et
1457 2076 1521 2120 sic
1547 2075 1726 2120 nullum
1744 2090 1908 2134 corpus
1933 2084 2083 2135 potest

121 2157 308 2189 movere
333 2153 465 2188 motu
491 2144 711 2188 continuo
738 2153 783 2188 et
807 2143 1018 2203 regulari.
1045 2144 1200 2187 Motus
1227 2153 1381 2187 autem
1406 2143 1580 2202 primus
1607 2152 1674 2187 est
1695 2142 1939 2187 continuus
1955 2152 1999 2186 et
2019 2156 2085 2187 re-

121 2209 304 2270 gularis,
331 2220 381 2255 ut
405 2211 622 2270 probatur
647 2211 694 2254 in
721 2220 886 2255 octavo
920 2210 1103 2270 Physic.
1132 2211 1183 2268 (t.
1212 2223 1250 2255 c.
1279 2210 1461 2269 7v3·77.).
1487 2210 1629 2268 Igitur
1660 2223 1853 2262 mouens
1882 2210 2083 2268 primum

120 2285 300 2323 motum
325 2291 420 2322 non
438 2287 507 2322 est
533 2291 709 2337 corpus.

208 2344 345 2389 Item:
372 2343 524 2389 nullus
541 2355 709 2399 motus,
727 2344 805 2404 qui
823 2354 891 2389 est
907 2344 962 2389 ad
980 2343 1121 2394 finem
1148 2346 1224 2403 qui
1251 2345 1341 2388 exit
1362 2343 1418 2387 de
1441 2343 1645 2403 potentia
1672 2344 1728 2388 ad
1748 2352 1915 2398 actum,
1932 2353 2083 2403 potest

121 2425 220 2457 esse
245 2420 512 2472 perpetuus3
539 2412 660 2471 quia,
687 2425 830 2471 quum
854 2421 1122 2471 perventum
1158 2410 1294 2455 fuerit
1320 2411 1375 2455 ad
1409 2419 1578 2464 actum,
1612 2419 1763 2455 motus
1796 2411 1999 2470 quiescit.
2033 2411 2082 2454 Si

123 2493 239 2538 ergo
260 2488 414 2523 motus
440 2479 613 2538 primus
640 2487 708 2524 est
732 2488 990 2538 perpetuus,
1018 2487 1200 2538 oportet
1225 2478 1348 2537 quod
1377 2478 1434 2522 sit
1465 2478 1521 2522 ad
1547 2478 1687 2522 finem
1715 2478 1792 2537 qui
1814 2478 1870 2523 sit
1901 2491 2081 2536 semper

121 2555 167 2590 et
190 2545 404 2590 omnibus
430 2544 580 2590 modis
597 2545 644 2589 in
671 2555 787 2590 actu.
817 2544 933 2590 Tale
961 2555 1115 2590 autem
1139 2559 1235 2589 non
1262 2555 1330 2589 est
1348 2544 1533 2603 aliquod
1561 2559 1739 2604 corpus,
1758 2559 1906 2604 neque
1930 2544 2081 2603 aliqua

120 2612 262 2658 virtus
292 2612 339 2656 in
365 2626 574 2672 corpore,
602 2627 743 2672 quum
770 2613 926 2657 omnia
950 2612 1216 2671 hujusmodi
1247 2612 1336 2656 sint
1362 2611 1552 2655 mobilia
1584 2626 1665 2671 per
1690 2626 1737 2656 se
1764 2612 1836 2656 vel
1856 2625 1937 2670 per
1969 2611 2083 2655 acci-

121 2679 246 2724 dens.
272 2678 415 2738 Igitur
439 2678 541 2723 finis
566 2679 702 2739 primi
727 2689 881 2724 motus
912 2693 1008 2723 non
1035 2689 1103 2724 est
1125 2693 1289 2738 corpus
1312 2692 1460 2737 neque
1487 2679 1628 2723 virtus
1654 2679 1700 2722 in
1734 2693 1940 2737 corpore.
1958 2678 2081 2722 Finis

121 2755 276 2791 autem
300 2745 436 2806 primi
449 2755 602 2791 motus
629 2756 698 2791 est
713 2747 911 2805 primum
929 2760 1138 2800 movens,
1160 2746 1286 2805 quod
1313 2756 1471 2790 movet
1496 2746 1619 2790 sicut.
1634 2746 1962 2801 desideratum3
1988 2745 2080 2790 hoc

122 2822 275 2859 autem
300 2821 369 2857 est
391 2812 532 2857 Deus.
547 2812 675 2857 Deus
695 2812 832 2872 igitur
846 2827 995 2872 neque
1014 2823 1081 2857 est
1098 2826 1278 2872 corpus,
1296 2826 1444 2872 neque
1461 2815 1601 2857 virtus
1619 2813 1666 2856 in
1684 2827 1891 2871 corpore.
1907 2812 2082 2865 Quam-

120 2879 190 2924 vis
215 2888 368 2924 autern
392 2877 559 2923 falsum
586 2878 656 2933 sit,
682 2879 934 2923 secundum
959 2879 1097 2923 fidem
1123 2889 1344 2934 nostram,
1370 2878 1493 2938 quod
1520 2888 1673 2923 motus
1702 2878 1820 2923 coeli
1845 2879 1902 2923 sit
1926 2892 2081 2938 perpe-

119 2954 238 3000 tuus,
263 2955 314 2990 ut
337 2945 452 2990 infra
467 2946 637 3006 patebit
658 2946 778 3003 (Lib.
805 2947 860 2991 ΙΙ.
880 2960 918 2990 c.
941 2946 1007 3005 36.
1036 2957 1078 2991 et
1097 2946 1194 2990 Lib.
1216 2946 1296 2992 IV.
1323 2960 1360 2990 c.
1393 2947 1498 3005 37.),
1520 2957 1675 2991 tamen
1694 2960 1851 2991 verum
1873 2955 1941 2990 est
1957 2946 2080 3004 quod

121 3021 274 3057 motus
303 3012 382 3057 ille
407 3027 501 3057 non
526 3012 691 3067 deficit,
724 3027 872 3072 neque
908 3023 1092 3072 propter
1124 3013 1445 3073 impotentiam
1479 3015 1685 3067 motoris,
1723 3027 1870 3072 neque
1897 3022 2082 3072 propter

97 3078 462 3142 vcorruptionem
488 3079 764 3126 substantiae
789 3079 989 3133 mobilis,
1022 3094 1163 3139 quum
1194 3094 1289 3124 non
1314 3080 1521 3124 videatur
1546 3090 1699 3124 motus
1727 3079 1844 3124 coeli
1877 3093 1957 3138 per
1988 3079 2083 3122 diu·

121 3146 385 3191 turnitatem
410 3146 630 3207 temporis
656 3146 919 3192 lentescere.
948 3147 1083 3192 Unde
1115 3147 1529 3193 demonstrationes
1555 3148 1813 3207 praedictae
1834 3160 1965 3191 suam
1991 3144 2082 3191 effi-

125 3212 303 3257 caciam
333 3225 427 3257 non
454 3213 658 3272 perdunt.

211 3279 330 3323 Huic
357 3289 510 3325 autem
545 3281 723 3326 veritati
759 3282 1097 3326 demonstratae
1135 3282 1387 3326 concordat
1422 3282 1575 3326 divina
1610 3280 1868 3325 auctoritas.
1902 3281 2082 3326 Dicitur

122 3345 245 3390 enim
272 3345 422 3404 (Joan.
449 3345 527 3390 IV.
555 3348 672 3404 24.):
705 3349 889 3408 Spiritus
924 3356 980 3394 est
1011 3350 1142 3404 Deus,
1173 3356 1210 3394 et
1240 3364 1304 3394 eos
1339 3350 1411 3407 qui
1437 3364 1531 3393 eum
1570 3348 1764 3401 adorant,
1796 3350 1841 3392 in
1866 3349 2014 3407 spiritu
2046 3354 2082 3392 et

121 3413 296 3458 veritate
321 3418 480 3472 oportet
495 3412 686 3459 adorare.
713 3415 892 3459 Dicitur
908 3415 1046 3460 etiam
1074 3416 1129 3473 (I.
1159 3414 1280 3460 Tim.
1308 3415 1342 3459 Ι.
1375 3414 1485 3473 17.):
1513 3416 1620 3474 Regi
1634 3415 1891 3460 saeculorum
1913 3416 2083 3459 immor-

105 3478 212 3538 tali,
232 3479 454 3534 invisibili,
475 3480 552 3524 soli
568 3480 674 3525 Deo.
701 3480 759 3526 Et
784 3482 940 3539 (Rom.
964 3482 997 3526 Ι.
1026 3482 1142 3541 29.):
1171 3482 1412 3527 Invisibilia
1435 3483 1534 3536 Dei,
1546 3488 1625 3541 per
1641 3495 1689 3526 ea
1714 3482 1953 3541 quaefacta
1972 3488 2080 3536 sunt,

122 3545 329 3591 intellecta
353 3546 676 3606 conspiciuntur.
704 3546 838 3600 Quae
870 3550 995 3594 enim
1019 3562 1114 3593 non
1131 3548 1244 3604 visu,
1271 3547 1349 3593 sed
1375 3547 1608 3594 intellectu
1635 3548 1992 3608 conspiciuntur,
2018 3548 2082 3592 in·

126 3623 346 3671 corporea
377 3619 494 3657 sunt.
