2294 3854
238 168 345 219 680
883 178 1036 216 LIBER
1076 178 1146 215 ιν.
1189 177 1308 215 CAP.
1350 177 1533 233 Lxxrv.

235 282 310 326 Sic
337 282 470 339 igitur
496 281 600 324 data
625 279 709 324 fuit
734 279 962 337 discipulis
987 278 1159 322 Christi
1183 277 1427 341 spiritualis
1450 287 1666 336 potestas,
1692 287 1741 322 ut
1763 291 1842 336 per
1858 291 1938 322 eos
1956 277 2187 327 deveniret
2251 298 2275 323 a

234 348 288 391 ad
316 348 455 391 alios:
483 346 602 390 unde
635 357 679 390 et
703 345 932 390 Dominus
965 343 1211 402 discipulos
1243 344 1290 387 in
1316 357 1513 403 persona
1539 343 1737 388 aliorum
1762 342 1965 388 fidelium
1988 334 2187 403 alloque-

231 414 374 467 batur,
402 423 450 456 ut
475 423 596 472 patet
628 427 706 470 per
737 412 779 454 id
809 411 929 468 quod
956 410 1147 453 habetur
1174 411 1335 467 (Marc.
1370 410 1492 454 XIII.
1530 409 1645 468 37.:)
1675 409 1800 467 Quod
1830 410 1947 454 vobis
1978 406 2118 474 dico,
2103 423 2188 454 om·

230 482 348 524 nibus
379 480 492 531 dico;
528 489 571 522 et
598 478 777 534 (Matth.
805 477 1015 519 XXVIII.
1045 477 1135 532 20.)
1178 475 1408 519 Dominus
1456 475 1685 535 discipulis
1719 476 1848 519 dixit:
1881 476 1988 529 Ecce
2019 490 2107 534 ego
2099 489 2187 519 vo-

231 548 385 590 biscum
417 561 505 589 sum
531 560 652 601 usque.
685 543 738 586 ad
770 543 1160 586 consummationem
1184 542 1350 586 saeculi.

322 611 442 663 Quia
468 611 602 668 igitur
627 610 740 652 haec
767 607 1008 666 spiritualis
1034 617 1236 665 potestas
1263 621 1288 651 a
1311 607 1537 652 Christo
1525 623 1572 652 111
1598 607 1831 652 ministros
1856 606 2090 655 Ecclesiae
2112 606 2186 652 de-

229 678 420 730 rivatur;
453 675 703 733 spirituales
732 684 884 718 autem
912 672 1097 718 effectus
1123 674 1170 717 in
1196 688 1281 718 nos
1304 689 1329 718 a
1357 674 1543 718 Christo
1570 675 1774 729 derivati,
1806 674 1887 718 sub
1915 674 2183 734 quibusdam

229 743 509 788 sensibilibus
536 742 674 799 signis
702 741 948 798 explentur,
981 749 1031 784 ut
1055 755 1110 784 ex
1144 740 1412 799 supradictis
1435 741 1495 798 (c.
1527 739 1616 798 56.)
1650 751 1796 800 patet:
1822 734 2025 800 oportuit
2045 740 2184 785 etiam

229 810 348 867 quod
381 809 494 852 haec
527 806 769 865 spiritualis
796 816 995 865 potestas
1021 807 1103 850 sub
1131 807 1405 871 quibusdam
1431 806 1716 851 sensibilibus
1749 807 1890 866 signis
1919 806 2183 850 hominibus

226 876 487 918 traderetur.
521 874 665 931 Hujus
699 883 850 916 autem
883 881 986 916 sunt
1019 882 1168 917 certae
1201 872 1377 917 formae
1417 873 1678 928 verborum,
1712 872 1999 917 determinati
2040 881 2182 926 actus,

227 952 332 999 puta
358 941 588 999 impositio
616 954 850 993 manuum,
876 939 1096 993 inunctio,
1125 949 1170 983 et
1195 940 1422 997 porrectio
1449 939 1565 994 libri,
1590 939 1664 984 vel
1692 939 1861 993 calicis,
1874 949 1963 987 aut
1986 937 2179 999 alicujus

226 1007 502 1064 huiusmodi,
524 1006 645 1064 quod
669 1006 724 1048 ad
748 1006 1087 1049 exsecutionem
1113 1004 1356 1063 spiritualis
1378 1006 1572 1065 pertinet
1588 1005 1843 1071 potestatis,
1857 985 2184 1059 Quandocum-

226 1088 311 1132 que
339 1083 489 1117 autem
519 1072 685 1130 aliquid
713 1071 943 1147 spirituale
975 1072 1055 1115 sub
1083 1072 1214 1148 signo
1243 1071 1470 1131 corporali
1495 1073 1700 1127 traditur,
1723 1072 1829 1116 hoc·
1838 1061 2014 1118 dicitur
2039 1083 2183 1130 33313-

225 1150 444 1183 mentum.
469 1138 762 1183 Manifestum
796 1148 862 1182 est
886 1138 1023 1196 igitur
1040 1139 1199 1197 quod
1189 1153 1235 1182 111
1263 1138 1510 1184 collatione
1528 1139 1770 1199 spiritualis
1787 1137 2022 1202 potestatis
2045 1138 2184 1207 quod-

226 1207 330 1249 dam
353 1215 689 1250 sacramentum
716 1205 961 1263 peragitur,
983 1205 1103 1263 quod
1129 1205 1290 1248 dicitur
1312 1205 1484 1249 ordinis
1505 1215 1858 1252 sacramentum.
1885 1205 1959 1250 Ad
1978 1200 2182 1265 divinam

225 1283 377 1316 autem
398 1271 715 1315 liberalitatem
742 1273 934 1329 pertinet
960 1281 1009 1314 ut
1026 1271 1099 1314 cui
1126 1270 1356 1316 confertur
1381 1282 1582 1330 potestas
1610 1271 1666 1316 ad
1693 1271 1862 1334 aliquid
1885 1267 2183 1335 operandum,

224 1338 511 1383 conferantur
537 1338 674 1382 etiam
708 1351 761 1382 ea
787 1338 884 1381 sine
910 1337 1072 1396 quibus
1098 1337 1365 1396 hujusmodi
1390 1338 1598 1397 operatio
1631 1339 1955 1385 convenienter
1976 1337 2182 1414 exerceri

222 1420 315 1449 non
342 1415 503 1464 potest.
530 1404 877 1448 Administratio
913 1415 1066 1448 autem
1107 1414 1519 1458 sacramentorum,
1547 1404 1603 1448 ad
1629 1418 1774 1465 quae
1786 1393 2019 1468 ordinatur
2047 1389 2183 1470 spiri-

222 1472 353 1515 tualis
386 1480 599 1529 potestas,
627 1471 951 1515 convenienter
972 1485 1067 1514 non
1092 1469 1142 1514 fit
1162 1471 1248 1515 nisi
1272 1471 1434 1530 aliquis
1460 1471 1516 1515 ad
1543 1471 1634 1515 hoc
1658 1485 1685 1515 a
1711 1471 1864 1533 divina
1871 1471 2034 1547 gratia
2049 1457 2180 1528 311111-

220 1548 372 1582 vetur:
405 1548 449 1581 et
480 1537 622 1581 ideo
610 1552 658 1581 111
689 1538 781 1587 hoc
813 1546 1102 1582 sacramento
1145 1537 1374 1583 confertur
1407 1537 1566 1596 gratia,
1592 1538 1717 1582 sicut
1742 1547 1788 1582 et
1817 1538 1866 1596 in-
1900 1532 2022 1603 31113
2035 1550 2182 1605 33313

222 1605 400 1648 mentis

220 1738 338 1782 inter
364 1747 651 1781 sacramenta
678 1747 831 1780 autem
861 1736 1201 1781 nobilissimum
1229 1747 1273 1781 et
1305 1737 1726 1783 consummativum
1765 1725 1975 1794 aliorum
1994 1746 2064 1794 est
2086 1727 2176 1794 Eu-

219 1804 458 1848 charistiae
484 1813 837 1858 sacramentum,
869 1814 919 1848 ut
950 1818 1005 1847 ex
1031 1803 1160 1847 dictis
1193 1804 1253 1861 (c.
1281 1802 1374 1860 61.)
1407 1814 1550 1861 patet:
1591 1813 1772 1865 oportet
1797 1803 1935 1867 quod
1973 1811 2176 1867 potestas

218 1871 387 1915 ordinis
416 1871 726 1915 consideretur
751 1871 994 1930 praecipue
1028 1871 1280 1915 secundum
1303 1871 1697 1930 comparationem
1725 1870 1797 1915 ad
1806 1870 1897 1916 hoc
1920 1881 2179 1947 3331311131)-

218 1949 336 1991 tum;
363 1952 470 1981 nam
497 1937 854 1996 unumquodque
882 1937 1143 1981 dominatur
1169 1953 1195 1981 a
1228 1938 1330 1984 fine.
1365 1938 1580 1996 Ejusdem
1609 1948 1762 1982 autem
1781 1937 1963 1982 virtutis
1995 1932 2094 1984 esse
2113 1936 2181 1999 ,vi-

218 2005 343 2047 detur
385 2004 585 2080 aliquam
626 2002 955 2061 perfectionem
994 2004 1204 2058 tribuere,
1246 2015 1288 2048 et
1322 2005 1376 2047 ad
1414 2005 1752 2064 susceptionem
1783 1992 1905 2049 illius
1934 1993 2178 2066 materiam

217 2085 507 2129 praeparare;
535 2071 650 2114 sicut
674 2070 792 2127 ignis
817 2070 1030 2113 virtutem
1057 2070 1193 2114 habet
1219 2081 1268 2114 ut
1298 2069 1497 2115 formam
1524 2085 1656 2115 suam
1687 2060 2006 2123 transfundat
1994 2085 2042 2116 m
2067 2060 2180 2135 313-

216 2151 331 2188 rum,
359 2147 402 2180 et
434 2147 481 2180 ut
506 2138 746 2181 materiam
763 2137 974 2195 disponat
992 2137 1047 2180 ad
1066 2136 1243 2181 formae
1262 2139 1617 2197 susceptionem.
1639 2138 1799 2191 Quum
1816 2137 1954 2197 igitur
1973 2128 2177 2197 potestas

217 2205 387 2248 ordinis
414 2205 470 2248 ad
495 2204 586 2248 hoc
619 2219 668 2248 se
702 2203 913 2248 extendat
939 2214 987 2247 ut
1013 2215 1351 2248 sacramentum
1379 2207 1584 2264 corporis
1613 2204 1785 2250 Christi
1811 2202 2044 2265 conficiat,
2064 2212 2111 2248 et
2134 2201 2180 2249 fi·
2196 2245 2206 2252 ,

216 2270 389 2315 delibus
410 2271 570 2325 tradat,
598 2281 778 2329 oportet
804 2271 926 2329 quod
954 2270 1114 2314 eadem
1141 2282 1342 2328 potestas
1369 2272 1426 2315 ad
1451 2272 1542 2314 hoc
1570 2286 1618 2315 se
1645 2271 1857 2315 extendat
1866 2264 2009 2332 quod
2017 2256 2178 2332 fideles

216 2347 344 2395 aptos
371 2338 540 2392 reddat,
567 2347 611 2380 et
639 2351 866 2395 congruos
896 2337 951 2380 ad
969 2337 1103 2394 hujus
1120 2338 1392 2381 sacramenti
1409 2338 1765 2416 perceptionem.
1783 2328 2002 2399 Redditur
2024 2345 2177 2393 autem

216 2414 343 2460 aptus
370 2414 414 2448 et
445 2417 673 2462 congruus
699 2403 844 2447 fidelis
878 2403 933 2446 ad
960 2403 1093 2461 hujus
1129 2405 1404 2448 sacramenti
1429 2405 1773 2463 perceptionem
1810 2417 1892 2463 per
1912 2393 2017 2449 hoc
2052 2402 2175 2465 quod

216 2480 281 2514 est
308 2485 332 2513 a
365 2480 554 2528 peccato
581 2470 824 2515 immunis:
851 2484 946 2513 non
977 2470 1099 2513 enim
1132 2479 1283 2528 potest
1315 2470 1443 2515 aliter
1486 2471 1672 2514 Christo
1715 2469 2006 2529 spiritualiter
2045 2469 2176 2534 uniri,

215 2538 287 2580 cui
313 2536 703 2581 sacramentaliter
732 2537 1038 2594 conjungitur,
1064 2537 1154 2580 hoc
1178 2547 1517 2581 sacramentum
1545 2537 1854 2596 percipiendo.
1878 2534 2108 2595 Oportet
2087 2534 2178 2604 igi·

214 2615 283 2648 tur
310 2604 431 2663 quod
463 2614 663 2663 potestas
700 2604 871 2647 ordinis
904 2617 952 2647 se
989 2603 1199 2647 extendat
1232 2604 1287 2647 ad
1320 2604 1637 2648 remissionem
1672 2613 1968 2663 peccatorum
1998 2615 2080 2668 per
2115 2600 2176 2665 di-

213 2672 551 2728 spensationem
577 2670 762 2714 illorum
788 2680 1181 2714 sacramentorum
1210 2685 1325 2746 quoae
1354 2670 1618 2715 ordinantur
1655 2671 1710 2713 ad
1743 2669 1920 2733 peccati
1950 2662 2176 2735 remissio·

213 2751 340 2780 nem:
369 2737 623 2795 cujusmodi
650 2747 754 2781 sunt
777 2737 1042 2795 baptismus,
1070 2746 1113 2780 et
1140 2737 1432 2795 poenitentia,
1460 2747 1510 2781 ut
1535 2750 1589 2780 ex
1616 2737 1745 2781 dictis
1777 2746 1914 2796 patet.
1941 2735 2098 2791 Unde,
2125 2744 2174 2782 ut

214 2804 383 2847 dictum
411 2814 491 2857 est,
517 2804 744 2847 Dominus
777 2803 1021 2861 discipulis,
1049 2803 1209 2861 quibus
1253 2804 1484 2847 commisit
1516 2803 1585 2847 sui
1627 2803 1831 2862 corporis
1875 2800 2175 2858 consecratio.-

212 2884 334 2923 nem,
367 2870 488 2914 dedit
515 2871 653 2918 etiam
679 2880 950 2929 potestatem
984 2870 1243 2913 remittendi
1269 2881 1480 2929 peccata:
1513 2884 1629 2929 quae
1656 2870 1842 2928 quidem
1866 2864 2068 2928 potestas
2093 2881 2174 2928 per

213 2936 362 2980 claves
388 2936 671 2994 intelligitur,
700 2937 753 2980 de
781 2937 943 2995 quibus
976 2936 1206 2980 Dominus
1239 2936 1375 2980 Petro
1411 2937 1591 2994 (Matth.
1626 2936 1747 2980 XVI.
1786 2935 1874 2994 19.)
1904 2930 2036 2980 dixitz'
2077 2932 2175 2982 Tibi
2202 2966 2206 2970 ,

212 3002 317 3046 dabo
343 3003 477 3047 claves
502 3005 620 3061 regni
643 3003 863 3047 coelorffum
894 3002 1092 3046 Coelum
1122 3003 1244 3046 enim
1272 3003 1514 3061 unicuique
1542 3002 1778 3056 clauditur,
1805 3012 1851 3047 et
1875 3002 2073 3062 aperitur
2094 3013 2174 3063 per

212 3069 300 3113 hoc
324 3070 445 3127 quod
468 3080 658 3127 peccato
678 3070 894 3127 subjacet,
921 3069 994 3113 vel
1023 3084 1047 3112 a
1074 3080 1265 3127 peccato
1292 3080 1530 3128 purgatur:
1555 3069 1674 3113 unde
1702 3080 1746 3114 et
1770 3082 1877 3115 usus
1897 3067 2064 3122 harum
2085 3065 2174 3113 cla·

211 3135 335 3179 vium
368 3137 531 3179 dicitur
557 3150 654 3181 esse
689 3136 845 3194 ligare,
873 3146 916 3180 et
942 3135 1135 3189 solvere,
1169 3136 1342 3180 scilicet
1369 3151 1393 3180 a
1419 3136 1641 3195 peccatis:
1685 3134 1741 3180 de
1784 3133 1946 3196 quibus
1986 3125 2171 3194 quidem

213 3201 411 3245 clavibus
439 3217 572 3262 supra
600 3204 771 3247 dictum
800 3213 878 3246 est.

310 1670 456 1723 Quia
457 1685 567 1714 vero
593 1680 793 1730 potestas
821 1670 989 1714 ordinis
1016 1670 1072 1714 ad
1095 1670 1484 1729 dispensationem
1507 1649 1902 1715 sacramentorum
1922 1652 2195 1736 ordinatum-

2279 2693 2294 2807 ‹st—*aizffiw
2277 2548 2294 2688 ..aiae-'Amani
2292 2532 2294 2534 .
2283 2460 2294 2522 heo-m
2275 2363 2294 2450 “fixa-..n
2284 2335 2294 2346 ,ς
2288 2323 2294 2328 ι
2284 2258 2294 2316 tarn-22

2268 3135 2294 3222 ,iaevam
2274 2932 2294 3129 ..Q-ar‘fflss
2289 2920 2291 2924 ⁴
2287 2884 2294 2911 a..
2279 2811 2294 2871 ,1
