2332 3854
248 166 351 224 186
941 185 1096 226 LtsER
1135 187 1191 225 11.
1233 187 1354 226 cAP.
1395 187 1486 227 LII.

240 288 362 331 enim
389 288 511 347 quod
539 289 730 334 omnino
758 299 826 334 est
850 289 1091 344 infinitum,
1124 290 1667 350 omnem’perfectionem
1695 294 1873 339 essendi
1899 295 2198 354 comprehen—

239 354 321 408 dit;
350 365 394 399 et
420 356 483 400 sic
501 357 538 400 si
557 357 733 401 duobus
749 356 851 401 talis
869 357 1046 401 adesset
1061 356 1273 411 infinitas,
1294 371 1389 402 non
1410 358 1688 405 inveniretur
1705 374 1796 420 quo
1813 375 1955 406 unum
1979 362 2033 405 ab
2052 360 2194 407 altero

244 421 455 467 differret.
475 423 585 468 Esse
614 434 767 469 autem
790 424 1037 468 subsistens
1064 433 1243 483 oportet
1269 438 1368 469 esse
1393 425 1635 482 infinitum,
1661 428 1767 486 quia
1797 442 1892 472 non
1931 423 2198 473 terminatur

241 488 392 548 aliquo
420 491 677 550 recipiente.
705 490 992 550 Impossibile
1019 500 1087 534 est
1126 490 1264 549 igitur
1290 505 1388 536 esse
1416 491 1599 553 aliquod
1642 508 1741 539 esse
1767 509 1847 554 per
1872 508 1921 539 se
1948 495 2195 540 subsistens

239 567 414 614 praeter
440 558 653 616 primum.
1260 615 1262 617 ,

327 624 468 668 Item:
496 625 533 668 si
559 626 616 668 sit
639 624 822 683 aliquod
850 639 950 669 esse
977 639 1055 683 per
1070 639 1119 670 se
1138 625 1398 681 subsistens,
1424 627 1538 671 nihil
1555 629 1775 688 competit
1801 628 1856 683 ei,
1882 628 1970 673 nisi
1990 628 2115 688 quod
2130 637 2199 674 est

241 690 355 734 entis
380 691 426 734 in
454 702 674 749 quantum
703 702 769 735 est
811 705 903 736 ens.
949 691 1090 744 Quod
1117 692 1240 736 enim
1266 693 1429 738 dicitur
1470 694 1525 739 de
1563 694 1732 754 aliquo,
1767 709 1861 740 non
1893 695 1941 739 in
1976 704 2197 755 quantum

239 757 516 815 hujusmodi,
543 773 637 803 non
664 761 878 803 convenit
905 759 946 802 ei
971 759 1059 803 nisi
1080 774 1160 818 per
1186 761 1396 805 accidens
1421 761 1597 806 ratione
1624 763 1840 820 subJecti:
1869 762 1989 807 unde
2015 763 2054 806 si
2075 767 2201 822 sep-a-

240 825 373 869 ratim
402 839 426 868 a
443 826 647 884 subJecto
664 836 874 885 ponatur,
891 825 1019 870 nullo
1039 827 1180 871 modo
1208 827 1250 871 ei
1277 828 1509 886 competit.
1537 828 1647 873 Esse
1674 839 1827 873 autem
1851 829 1904 873 ab
1933 828 2024 873 alio
2046 843 2201 875 causa-

239 902 334 935 tum
363 906 456 935 non
485 893 703 951 competit
741 893 846 946 enti,
882 893 929 936 in
967 904 1188 952 quantum
1214 904 1282 938 est
1319 909 1421 950 ens;
1450 895 1561 939 alias
1599 910 1737 940 omne
1764 911 1844 941 ens
1871 906 1991 941 esset
2017 896 2071 940 ab
2105 895 2198 940 alio

241 969 491 1013 causatum,
520 969 563 1003 et
585 960 648 1003 sic
674 969 904 1017 oporteret
931 961 1176 1019 procedere
1199 962 1245 1005 in
1267 961 1494 1005 infinitum
1516 963 1562 1005 in
1590 963 1763 1017 causis3
1790 963 1913 1022 quod
1939 973 2008 1008 est
2031 964 2200 1023 impos-

239 1026 384 1079 sibile,
411 1037 460 1069 ut
485 1041 620 1085 supra
645 1026 766 1084 (Lib.
794 1027 827 1070 I.
853 1041 891 1071 c.
929 1027 1016 1085 13.)
1044 1038 1281 1072 ostensum
1315 1038 1395 1072 est.
1429 1028 1547 1072 Illud
1563 1029 1700 1087 igitur
1737 1043 1835 1073 esse
1871 1030 1994 1088 quod
2021 1039 2089 1074 est
2119 1044 2200 1075 ens

239 1093 500 1147 subsistens,
529 1103 712 1152 oportet
738 1095 860 1153 quod
893 1095 950 1139 sit
974 1109 1069 1139 non
1097 1105 1348 1139 causatum.
1375 1095 1567 1139 Nullum
1592 1096 1730 1154 igitur
1761 1110 1840 1141 ens
1867 1107 2105 1142 causatum
2131 1107 2200 1142 est

239 1174 372 1204 suum
401 1174 513 1204 esse.
1332 1168 1336 1170 ’

326 1227 560 1286 Amplius:
581 1228 831 1272 substantia
857 1228 1209 1287 uniuscujusque
1237 1239 1304 1273 est
1324 1244 1402 1274 ens
1420 1244 1498 1288 per
1524 1244 1587 1284 se,
1621 1240 1665 1275 et
1680 1245 1774 1275 non
1801 1245 1881 1290 per
1907 1230 2054 1276 aliud:
2079 1230 2199 1276 unde

240 1309 338 1340 esse
370 1295 575 1339 lucidum
613 1304 716 1339 actu
751 1309 846 1339 non
882 1303 949 1339 est
982 1295 1037 1339 de
1074 1295 1324 1340 substantia
1367 1297 1496 1351 aeris,
1535 1297 1641 1356 quia
1668 1307 1736 1342 est
1762 1298 1805 1342 ei
1837 1312 1923 1356 per>
1943 1297 2078 1342 aliud.
2106 1297 2197 1342 Sed

239 1361 478 1421 cujuslibet
512 1363 577 1406 rei
608 1372 785 1407 creatae
822 1376 955 1407 suum
993 1376 1090 1407 esse
1124 1372 1191 1407 est
1215 1363 1352 1422 eiper
1388 1363 1524 1418 aliud,
1563 1364 1672 1409 alias
1711 1379 1806 1408 non
1839 1374 1958 1410 esset
1983 1375 2200 1411 creatum.

238 1430 418 1475 Nullius
439 1430 577 1488 igitur
601 1427 878 1474 substantiae
906 1440 1083 1474 creatae
1109 1444 1244 1474 suum
1271 1445 1369 1475 esse
1404 1441 1471 1476 est
1496 1446 1577 1476 sua
1604 1431 1866 1476 substantia.
2007 1483 2013 1487 ,

327 1499 463 1542 Item:
493 1512 599 1541 cum
626 1511 765 1542 omne
788 1493 926 1556 agens
945 1508 1050 1556 agat
1074 1497 1122 1541 in
1145 1508 1367 1557 quantum
1385 1509 1454 1543 est
1470 1509 1588 1553 actu,
1626 1499 1777 1558 primo
1796 1499 1963 1559 agenti,
1985 1500 2108 1560 quod
2134 1509 2202 1545 est

238 1565 635 1625 perfectissimum,
663 1565 883 1624 competit
910 1578 1008 1609 esse
1025 1565 1072 1608 in
1091 1575 1194 1609 actu
1220 1565 1550 1622 perfectissimo
1579 1565 1735 1610 modo.
1766 1565 1919 1611 Tanto
1947 1576 2101 1611 autern
2127 1566 2204 1611 ali-

239 1633 363 1692 quod
389 1642 457 1677 est
481 1631 722 1692 perfectius
754 1632 802 1676 in
825 1641 943 1686 actu,
971 1641 1140 1691 quanto
1173 1632 1275 1676 talis
1310 1643 1436 1677 actus
1463 1643 1530 1677 est
1550 1633 1597 1677 in
1618 1633 1693 1677 via
1718 1633 2026 1695 generationis
2055 1642 2203 1693 poste-

239 1701 351 1744 rior:
380 1710 505 1744 actus
533 1700 656 1744 enim
678 1709 746 1744 est
769 1710 977 1758 tempore
1003 1699 1207 1758 potentia
1237 1701 1461 1758 posterior
1491 1700 1539 1743 in
1574 1714 1666 1744 uno
1704 1710 1748 1744 et
1783 1699 1963 1754 eodem,
1989 1701 2112 1759 quod
2144 1699 2202 1744 de
2255 1744 2259 1746 ,

239 1769 442 1827 potentia
454 1767 509 1811 ad
528 1777 680 1811 actum
697 1767 926 1826 procedit3
953 1766 1195 1824 perfectius
1215 1781 1396 1826 quoque
1425 1776 1492 1811 est
1507 1767 1554 1810 in
1581 1776 1685 1811 actu
1708 1767 1831 1826 quod
1857 1776 1925 1812 est
1943 1767 2040 1826 ipse
2058 1777 2200 1822 actus,
2223 1819 2228 1820 ⁷

241 1849 378 1895 quam
405 1835 527 1894 quod
555 1845 628 1888 est,
647 1835 819 1878 habens
857 1844 1033 1878 actum:
1067 1834 1157 1877 hoc
1185 1835 1308 1877 enim
1334 1844 1517 1892 propter
1542 1833 1654 1877 illud
1680 1843 1807 1878 actus
1834 1844 1914 1880 est.
1942 1834 2026 1878 His
2061 1834 2202 1893 igitur

240 1903 307 1947 sic
333 1903 506 1962 positis,
539 1910 719 1946 constat
745 1916 798 1946 ex
815 1915 950 1960 supra
970 1900 1088 1958 (Lib.
1115 1900 1150 1943 I.
1179 1914 1216 1944 c.
1250 1914 1315 1957 13.
1350 1911 1393 1944 et
1423 1913 1489 1958 15.
1518 1911 1562 1945 et
1589 1900 1686 1944 Lib.
1727 1901 1784 1944 II.
1818 1915 1856 1944 c.
1885 1901 1977 1958 21.)
2010 1901 2203 1946 ostensis

241 1970 363 2029 quod
394 1971 520 2013 Deus
546 1968 697 2014 solum
727 1977 794 2013 est
825 1970 1024 2027 primum
1061 1981 1215 2026 agens.
1250 1967 1346 2011 Sibi
1379 1982 1489 2026 ergo
1532 1967 1620 2011 soli
1646 1969 1865 2027 competit
1889 1981 1988 2012 esse
2018 1967 2067 2012 in
2098 1977 2204 2012 actu

240 2036 570 2097 perfectissimo
606 2035 761 2090 modo,
788 2045 837 2079 ut
862 2035 1036 2079 scilicet
1061 2035 1118 2078 sit
1150 2036 1245 2092 ipse
1269 2044 1395 2078 actus
1432 2034 1802 2094 perfectissimus.
1830 2034 1930 2079 Hoc
1957 2044 2111 2079 autem
2136 2045 2203 2080 est

241 2119 339 2149 esse
365 2104 421 2148 ad
445 2103 567 2163 quod
585 2104 833 2162 generatio,
861 2112 906 2147 et
937 2102 1088 2146 omnis
1125 2112 1277 2146 motus
1303 2102 1591 2146 terminatur:
1633 2101 1784 2145 omnis
1811 2102 1933 2146 enim
1963 2100 2127 2156 forma,
2159 2111 2205 2146 et

242 2182 367 2216 actus
386 2182 453 2216 est
477 2171 523 2215 in
540 2171 744 2230 potentia
770 2180 1015 2229 antequam
1042 2182 1141 2213 esse
1168 2169 1385 2227 acquirat.
1415 2168 1515 2213 Soli
1539 2169 1676 2228 igitur
1706 2169 1809 2213 Deo
1837 2168 2056 2229 competit
2080 2168 2203 2228 quod

241 2240 298 2284 sit
321 2240 472 2297 ipsum
499 2253 612 2292 esse,
639 2230 756 2283 sicut
781 2237 869 2282 soli
894 2236 1116 2295 competit
1147 2235 1270 2295 quod
1291 2236 1349 2280 sit
1373 2236 1574 2294 primum
1601 2249 1753 2295 agens.

330 2305 566 2365 Amplius:
584 2306 735 2363 ipsum
753 2319 852 2349 esse
879 2304 1098 2363 competit
1116 2303 1266 2361 primo
1285 2303 1439 2361 agenti
1451 2303 1701 2347 secundum
1719 2302 1952 2361 propriam
1968 2313 2203 2349 naturam:

244 2387 342 2418 esse
362 2373 484 2417 enim
509 2373 599 2417 Dei
618 2382 686 2416 est
707 2373 803 2430 ejus
830 2371 1093 2424 substantia,
1121 2380 1169 2414 ut
1187 2384 1321 2428 supra
1340 2370 1459 2427 (Lib.
1486 2371 1520 2413 Ι.
1541 2383 1580 2413 c.
1598 2370 1690 2427 22.)
1709 2379 1944 2414 ostensum
1962 2379 2043 2414 est.
2062 2368 2203 2423 Quod

244 2450 396 2484 autem
414 2440 633 2499 competit
660 2438 795 2482 alicui
813 2439 1064 2483 secundum
1083 2437 1314 2496 propriam
1341 2451 1472 2481 suam
1498 2446 1724 2490 naturam,
1750 2450 1846 2480 non
1871 2437 2087 2481 convenit
2103 2436 2202 2482 aliis

243 2508 331 2551 nisi
362 2521 441 2566 per
466 2506 657 2550 modum
684 2505 1056 2565 participationis,
1083 2504 1199 2548 sicut
1232 2503 1358 2548 calor
1384 2504 1482 2548 aliis
1511 2504 1778 2563 corporibus
1810 2503 1864 2547 ab
1890 2504 2010 2563 igne.
2046 2504 2203 2564 Ipsum

243 2575 380 2632 igitur
407 2588 504 2618 esse
532 2573 753 2632 competit
779 2572 990 2617 omnibus
1019 2571 1117 2615 aliis
1151 2585 1176 2615 a
1202 2571 1350 2629 primo
1379 2581 1541 2630 agente
1560 2585 1639 2630 per
1656 2570 2050 2630 participationem
2067 2584 2206 2630 quan-

244 2642 364 2685 dam.
382 2640 522 2693 Quod
540 2650 693 2684 autem
713 2639 933 2698 competit
954 2639 1089 2683 alicui
1106 2651 1185 2697 per
1202 2638 1615 2696 participationem,
1633 2651 1727 2681 non
1745 2646 1812 2681 est
1829 2637 2076 2682 substantia
2092 2639 2202 2697 ejus.

244 2707 530 2768 Impossibile
557 2717 624 2751 est
648 2707 784 2765 igitur
810 2706 932 2766 quod
965 2705 1214 2750 substantia
1246 2704 1435 2764 alicujus
1463 2705 1592 2759 entis,
1615 2713 1791 2764 praeter
1824 2717 1963 2763 agens
1987 2705 2203 2764 primum,

243 2776 300 2820 sit
324 2777 474 2834 ipsum
508 2789 620 2819 esse.
1193 2801 1195 2803 -

334 2843 453 2886 Hinc
487 2852 554 2886 est
581 2841 703 2901 quod
728 2840 895 2899 (Exod.
927 2841 1012 2886 III.
1054 2841 1143 2897 14.)
1180 2839 1416 2900 proprium
1441 2852 1614 2883 nomen
1649 2838 1738 2883 Dei
1764 2840 1947 2897 ponitur
1971 2851 2095 2884 esse:
2129 2839 2203 2897 qui

243 2916 314 2965 est,
350 2909 456 2969 quia
492 2910 587 2968 ejus
623 2907 764 2954 solius
801 2907 1036 2967 proprium
1078 2917 1146 2952 est
1171 2906 1294 2966 quod
1326 2921 1409 2951 sua
1440 2905 1690 2951 substantia
1714 2920 1810 2950 non
1835 2906 1893 2951 sit
1918 2905 2039 2951 aliud
2065 2919 2204 2965 quam

245 2991 377 3021 suum
400 2991 513 3022 esse.

1005 3122 1259 3180 CAPUT
1301 3122 1450 3178 LIII.

469 3261 627 3309 QUOD
670 3261 725 3302 IN
767 3260 1118 3300 SUBSTANTIIS
1160 3256 1706 3299 INTELLECTUALIBUS
1750 3257 1979 3297 CREATIS

839 3335 939 3375 EST
980 3335 1158 3374 ACTUS
1199 3335 1270 3373 ET
1309 3333 1609 3372 POTENTIA.

336 3446 401 3492 Ex
427 3448 518 3492 hoc
537 3458 690 3493 autem
708 3448 940 3493 evidenter
957 3456 1144 3507 apparet
1159 3446 1280 3506 quod
1297 3446 1343 3489 in
1361 3445 1623 3489 substantiis
1640 3441 2024 3505 intellectualibus
2041 3440 2204 3486 creatis

248 3524 315 3559 est
342 3515 615 3574 compositio
653 3525 780 3559 actus
816 3524 861 3559 et
885 3513 1127 3574 potentiae.
1162 3513 1214 3557 In
1250 3525 1541 3572 quocumque
1569 3511 1692 3556 enim
1723 3511 2014 3555 inveniuntur
2053 3507 2203 3567 aliqua

248 3582 355 3636 duo,
381 3595 575 3641 quorum
601 3595 743 3626 unum
781 3591 850 3627 est
876 3579 1266 3640 complementum
1300 3577 1497 3633 alterius,
1523 3577 1760 3638 proportio
1786 3576 1918 3622 unius
1951 3583 2114 3621 eorum
2146 3572 2204 3619 ad
