2332 3854
829 225 1057 266 masal.
1098 223 1218 274 cap.
1259 222 1408 264 xelx.
1810 230 1815 235 ·
1995 224 2091 277 115

150 330 360 389 nondum
385 339 467 384 est,
491 342 586 374 non
612 328 719 387 agit.
740 328 909 384 Divina
935 338 1087 374 autem
1112 327 1212 374 vita
1231 341 1325 373 non
1348 326 1487 372 habet
1517 324 1717 385 aliquam
1758 339 1960 382 causam,
1987 328 2105 374 sicut

75 419 78 456 ;
142 411 230 444 nec
256 397 459 442 divinum
476 409 598 449 esse3
614 408 709 440 non
730 394 867 470 igitur
888 395 1161 471 quandoque
1179 404 1247 441 est
1267 387 1438 449 vivens,
1463 402 1510 438 et
1524 393 1797 452 quandoque
1818 407 1913 438 non
1930 395 2103 450 vivens,

145 463 241 523 'fid
250 476 432 522 semper
456 461 580 506 vivit.
607 460 686 514 Est
706 460 842 519 igitur
867 462 959 506 vita
985 462 1082 520 ejus
1113 461 1403 521 sempiterna.

70 566 98 572 .
171 586 179 591 .
230 529 419 585 Adhuc:
456 528 504 572 in
536 526 736 588 qualibet
761 528 1034 604 operatione
1073 542 1269 588 operans
1295 537 1466 582 manet,
1491 526 1599 572 licet
1632 525 1861 571 interdum
1897 529 2105 587 operatio

55 596 65 626 3³
144 606 343 651 transeat
356 594 608 640 secundum
619 594 982 640 successionem:
995 596 1114 640 unde
1133 606 1176 640 et
1188 596 1235 649 in
1245 605 1382 641 motu
1398 594 1568 649 mobile
1585 604 1740 639 manet
1753 593 1877 639 idem
1900 596 2106 654 subjecto

147 663 198 713 in
221 672 320 709 toto
337 671 482 716 motu,
507 661 614 707 licet
639 675 734 711 non
747 661 1004 712 secundum
1030 664 1271 707 rationem.
1301 662 1419 707 Ubi
1407 663 1544 722 igitur
1561 662 1681 707 actio
1700 670 1768 706 est
1784 661 1934 720 ipsum
1952 677 2106 722 agens,

146 739 327 791 oportet
358 728 481 789 quod
508 727 623 772 nihil
647 727 709 772 ibi
734 741 815 787 per
840 729 1181 774 successionem
1207 739 1420 784 transeat,
1456 729 1535 774 sed
1570 739 1719 774 totum
1745 727 1883 774 simul
1907 740 2106 775 maneat.

145 795 404 856 Intelligere
433 805 585 841 autern
606 803 650 840 et
670 794 822 839 vivere
848 794 937 839 Dei
962 805 1030 840 est
1049 795 1147 854 ipse
1169 795 1310 850 Deus,
1323 806 1371 840 ut
1396 806 1632 841 ostensum
1650 805 1719 841 est
1738 795 1799 853 (c.
1825 807 1897 853 45.
1921 805 1965 840 et
1989 796 2108 856 98.);

147 876 258 923 ergo
284 864 380 922 ejus
405 862 498 907 vita
523 876 616 905 non
643 861 780 905 habet
805 861 1161 916 successionem,
1189 863 1267 906 sed
1294 872 1360 907 est
1384 873 1481 907 tota
1507 862 1654 908 simul.
1682 862 1762 908 Est
1784 861 1922 922 igitur
1946 863 2109 923 sempi-

190 1044 191 1048 ,
234 995 471 1056 Amplius:
509 996 635 1042 Deus
666 995 858 1040 omnino
884 994 1135 1040 immobilis
1161 1005 1243 1050 est,
1285 1005 1334 1040 ut
1372 1010 1506 1054 supra
1531 998 1592 1056 (c.
1630 996 1718 1055 13.)
1748 992 1993 1043 'ostensum
2025 1007 2107 1043 est.

150 1062 292 1121 Quod
317 1073 471 1113 autem
494 1063 667 1122 incipit,
694 1072 777 1114 aut,
796 1061 960 1107 desinit
983 1062 1150 1117 vivere,
1176 1062 1249 1107 vel
1271 1063 1319 1106 in
1341 1063 1538 1108 vivendo
1561 1063 1901 1108 successionem
1926 1064 2108 1123 patitur,

59 1160 86 1195 -.:³
146 1129 364 1189 mutabile
389 1140 481 1176 est:
508 1144 625 1175 nam.
642 1130 735 1175 vita
761 1128 950 1188 alicujus
976 1129 1135 1188 incipit
1166 1143 1245 1188 per
1271 1129 1634 1189 generationem,
1659 1129 1826 1175 desinit
1847 1139 2003 1176 autem
2027 1145 2109 1191 per

54 1232 73 1256 ;,
111 1210 114 1211 ’
135 1197 509 1257 -φπυρῐὶοηεω;
527 1197 757 1244 successio
770 1206 922 1241 autem
938 1206 1122 1256 propter
1138 1206 1319 1242 motum
1337 1196 1538 1256 aliquem
1565 1206 1644 1241 est.
1664 1197 1791 1241 Deus
1806 1196 1943 1256 igitur
1958 1212 2109 1259 neque

69 1274 106 1330 fl,
145 1263 317 1324 incepit
340 1264 508 1319 vivere,
533 1278 682 1324 neque
708 1263 884 1309 desinet
907 1263 1075 1318 vivere,
1092 1277 1241 1323 neque
1258 1263 1307 1308 in
1331 1263 1529 1309 vivendo
1557 1264 1900 1311 successionem
1916 1265 2108 1324 patitur:

147 1340 218 1391 est
239 1331 377 1392 igitur
407 1332 504 1391 ejus
528 1332 621 1376 vita
646 1333 935 1390 sempiterna.

73 1390 89 1402 ’
234 1398 354 1453 Hinc
379 1408 449 1445 est
473 1398 595 1459 quod
631 1398 794 1452 dicitur
820 1398 978 1456 (Deut.
1011 1395 1200 1442 XXXII.
1227 1399 1337 1456 4o):
1364 1398 1431 1443 Ex
1456 1411 1545 1453 ore
1562 1397 1776 1443 Domini:
1812 1399 1919 1444 Vivo
1954 1414 2025 1460 ego
2057 1402 2104 1445 in

68 1486 98 1533 ἒ
147 1471 376 1523 mmmm,
404 1475 449 1512 et
468 1465 626 1526 (Joan.
653 1465 833 1520 ultimo,
859 1465 977 1523 20.):
1003 1465 1091 1511 Hic
1117 1471 1172 1510 est
1195 1480 1320 1511 verus
1345 1466 1474 1520 Deus,
1501 1472 1539 1511 et
1562 1467 1656 1512 vita
1688 1471 1870 1511 aeterna.

951 1621 1208 1678 CAPUT
1250 1621 1315 1677 C.

760 1758 916 1806 QuoD
958 1758 1101 1797 Deus
1142 1758 1242 1797 EST
1284 1758 1512 1796 BEATUS.

69 1889 89 1900 ⁴
157 1901 163 1905 -
237 1869 398 1916 Restat
429 1879 584 1914 autem
626 1883 680 1914 ex
721 1869 982 1929 praemissis
1024 1869 1280 1924 ostendere,
1313 1869 1468 1914 Deum
1503 1882 1603 1914 esse
1634 1869 1834 1914 beatum.
1866 1869 2120 1928 Cujuslibet

73 1932 93 1990 ,va
150 1939 274 1983 enim
296 1935 614 1982 intellectualis
636 1946 824 1981 naturae
850 1936 1086 1996 proprium
1111 1937 1286 1981 bonum
1313 1946 1381 1980 est
1404 1935 1653 1981 beatitudo.
1684 1936 1805 1980 Cum
1826 1936 1964 1995 igitur
1989 1937 2115 1981 Deus

10 2020 14 2055 ζ
35 2033 38 2036 Δ
150 2005 209 2051 sit
237 2003 512 2063 intelligens,
538 2017 672 2048 suurn
695 2004 931 2063 proprium
948 2004 1123 2048 bonum
1147 2004 1230 2048 erit
1254 2003 1508 2048 beatitudo:
1527 2017 1622 2047 non
1642 2013 1795 2047 autem
1822 2014 2114 2063 comparatur

7 2068 14 2128 ζ
153 2071 209 2117 ad
225 2071 462 2132 proprium
482 2071 671 2125 bonum,
698 2071 815 2116 sicut
839 2071 962 2130 quod
979 2071 1028 2116 in
1054 2071 1289 2130 proprium
1306 2070 1479 2114 bonum
1502 2070 1708 2114 nondum
1725 2070 1932 2115 habitum
1949 2071 2119 2126 tendit;

60 2138 93 2198 s?
149 2139 240 2185 hoc
267 2139 391 2184 enim
417 2147 486 2184 est
510 2148 698 2182 naturae
724 2138 922 2192 mobilis,
950 2148 994 2182 et
1018 2138 1065 2182 in
1092 2138 1296 2197 potentia
1314 2138 1591 2191 exsistentis;
1598 2138 1695 2182 sed
1722 2138 1839 2182 sicut
1864 2138 1986 2197 quod
2010 2152 2115 2198 pro-

150 2207 299 2267 prium
322 2206 529 2251 bonum
519 2220 611 2264 jam
638 2204 826 2253 obtinet.
852 2205 996 2264 Igitur
1020 2204 1349 2250 beatitudinem
1374 2219 1469 2250 non
1495 2204 1648 2250 solum
1675 2205 1911 2262 desiderat,
1930 2206 2046 2250 sicut
2069 2215 2114 2250 et

150 2287 251 2331 nos,
274 2273 353 2319 sed
380 2287 435 2318 ea
459 2265 644 2317 fruitur.
668 2282 737 2318 est
756 2273 894 2332 igitur
914 2273 1087 2318 beatus.

74 2393 77 2402 ὃ
239 2339 471 2400 Amplius:
508 2339 621 2384 illud
647 2349 714 2385 est
739 2339 938 2384 maxime
971 2339 1292 2394 desideratum,
1314 2339 1388 2383 vel
1417 2338 1612 2384 v‘olitum
1635 2339 1689 2383 ab
1715 2339 2015 2384 intellectuali
2039 2354 2118 2384 na-

148 2416 264 2462 msa,-
289 2407 412 2468 quod
434 2417 502 2452 est
535 2406 956 2467 perfectissimum
944 2421 995 2451 in·
1016 2407 1139 2466 ipsa;
1173 2417 1218 2452 et
1248 2407 1339 2452 hoc
1362 2416 1430 2451 est
1461 2407 1558 2465 ejus
1587 2406 1834 2451 beatitud0.
1867 2406 2109 2451 Perfectis-

2 2495 8 2536 4
147 2475 319 2522 ubuum
351 2483 505 2520 autem
537 2476 585 2519 in
615 2488 894 2533 unoquoque
920 2483 991 2519 est
1013 2474 1220 2533 operatio
1245 2473 1577 2532 perfectissima
1608 2475 1727 2532 ejus3
1759 2488 1869 2518 nam
1902 2475 2118 2533 potentia

2 2547 6 2587 ξ
153 2542 391 2589 “thabitas
415 2555 495 2600 per
527 2541 844 2601 operationem
860 2539 1173 2599 perficiuntur:
1200 2540 1320 2586 unde
1338 2551 1383 2585 et
1397 2539 1709 2600 Philosophus
1736 2541 1846 2586 dicit
1866 2542 1945 2600 (X.
1965 2541 2118 2585 Ethic.

8 2625 12 2631 ²
43 2602 112 2669 a}
153 2621 193 2655 c.
218 2609 259 2654 8.
283 2608 332 2653 in
357 2607 616 2668 principio),
640 2607 906 2653 felicitatem
938 2622 1038 2653 esse
1063 2607 1315 2667 perfectam
1338 2610 1670 2667 operationem.
1699 2607 1926 2653 Perfectio
1961 2619 2115 2653 autem

88 2699 128 2713 ·
153 2676 431 2738 operationis
462 2675 688 2736 dependet
713 2690 768 2721 ex
799 2685 1007 2735 quatuor.
1040 2676 1198 2721 Primo
1231 2690 1285 2720 ex
1317 2689 1401 2719 suo
1443 2689 1623 2734 genere,
1651 2684 1700 2719 ut
1725 2675 1791 2720 sic
1830 2675 1888 2720 sit
1922 2690 2117 2720 manens

151 2742 322 2804 inipso
344 2753 584 2804 operante:
606 2742 712 2806 dic-0
734 2752 887 2787 autern
910 2743 1229 2802 operationem
1255 2743 1300 2786 in
1321 2742 1421 2800 ipso
1445 2751 1723 2795 manentem,
1755 2755 1834 2800 per
1859 2756 1998 2801 quam
2019 2756 2118 2786 non

152 2808 350 2858 final’md
379 2820 556 2870 praeter
580 2810 729 2868 ipsam
755 2810 1087 2869 operationem,
1113 2809 1231 2854 sicut
1254 2808 1408 2853 videre
1431 2818 1476 2854 et
1499 2808 1679 2862 audire;
1702 2809 1969 2866 hujusmodi
1986 2810 2111 2855 enim

28 2901 35 2923 1
154 2887 261 2931 aum
283 2876 587 2937 perfectiones
612 2891 774 2921 eorum
801 2891 998 2935 quorum
1023 2886 1130 2921 sunt
1155 2876 1458 2936 operationes,
1486 2886 1532 2920 et
1556 2885 1745 2934 possunt
1778 2890 1876 2920 esse
1907 2875 2111 2931 ultimae,

81 2937 118 2987 Ῐ
154 2943 269 3004 qnia.
293 2958 391 2990 non
415 2943 680 2989 ordinantur
707 2944 762 2988 ad
790 2943 975 3002 aliquod
1005 2941 1193 2997 facturn,
1226 2943 1348 3002 quod
1381 2943 1439 2987 sit
1474 2942 1601 2987 finis:
1636 2943 1841 3001 operatio
1874 2957 2000 2998 vero,
2033 2943 2107 2988 vel

158 3010 278 3057 actio
315 3025 370 3057 ex
401 3025 492 3071 quo
529 3011 731 3070 sequitur
768 3010 937 3070 aliquid
971 3019 1125 3055 actum
1166 3020 1344 3068 praeter
1379 3010 1541 3068 ipsam,
1575 3019 1643 3054 est
1673 3009 1891 3069 perfectio
1925 3010 2117 3069 operati,

1 3097 10 3134 φ·
36 3077 37 3080 ’
93 3074 102 3101 ÷
152 3089 255 3125 non
277 3080 520 3139 operantis,
541 3088 589 3123 et
605 3087 897 3137 comparatur
918 3077 973 3122 ad
998 3077 1151 3136 ipsum
1173 3077 1291 3122 sicut
1313 3077 1368 3122 ad
1389 3077 1555 3132 finem;
1583 3087 1627 3122 et
1646 3077 1752 3121 ideo
1778 3076 1880 3122 talis
1907 3078 2115 3136 operatio

3 3151 7 3203 j
34 3139 39 3148 “’
80 3140 99 3206 ’ζ
155 3144 478 3191 intellectualis
503 3154 693 3190 naturae
718 3159 813 3190 non
840 3154 908 3189 est
932 3145 1181 3198 beatitudo,
1207 3144 1301 3189 sive
1332 3143 1538 3189 felicitas.
1567 3144 1782 3189 Secundo
1805 3158 1860 3188 ex
1885 3144 2109 3204 principio

4 3216 7 3226 ²
36 3236 39 3237 ν
96 3233 108 3265 μ
157 3211 451 3271 operationis,
467 3221 517 3256 ut
541 3212 600 3257 sit
620 3211 867 3257 altissimae
884 3211 1138 3271 potentiae:
1162 3212 1282 3256 unde
1316 3212 1568 3258 secundum
1596 3211 1913 3270 operationem
1937 3225 2111 3267 sensus,

4 3278 8 3309 ἶ
156 3290 254 3325 non
278 3288 349 3324 est
365 3278 414 3324 in
438 3278 571 3324 nobis
595 3277 803 3333 felicitas,
828 3279 907 3324 sed
934 3278 1187 3324 secundum
1214 3280 1531 3337 operationem
1553 3276 1824 3332 intellectus,
1859 3288 1903 3323 et
1933 3293 2012 3337 per
2032 3278 2115 3325 ha-

41 3355 62 3402 isj‘
147 3343 303 3391 bitum
328 3344 527 3405 perfecti.
556 3343 716 3390 Tertio
734 3359 789 3391 ex
814 3346 1093 3406 operationis
1121 3346 1318 3404 objecto,
1345 3356 1390 3390 et
1412 3354 1597 3404 propter
1618 3344 1708 3389 hoc
1729 3344 1777 3388 in
1797 3345 2115 3395 nobisultima

11 3426 14 3452 Ξ
158 3410 351 3459 felicitas
377 3422 446 3458 est
472 3412 524 3456 in
547 3411 844 3472 intelligendo
866 3412 1141 3459 altissimum
1168 3412 1468 3471 intelligibile.
1498 3411 1678 3464 Quarto
1702 3425 1756 3457 ex
1776 3410 1927 3458 forma
1953 3426 2109 3472 opera·
2143 3408 2153 3425 ⁹

153 3479 312 3533 ‘tionis‚
344 3489 394 3524 ut
423 3478 599 3524 scilicet
633 3478 848 3539 perfecte,
878 3479 1086 3534 faciliter,
1118 3489 1163 3524 et
1188 3478 1515 3524 delectabiliter
1542 3488 1766 3537 operetur.
1800 3477 1929 3526 Talis
1961 3490 2116 3526 autem

79 3546 124 3607 ᾗς
152 3554 232 3591 est
255 3545 344 3591 Dei
373 3545 594 3606 operatio,
621 3559 728 3591 cum
763 3546 820 3591 sit
854 3546 1115 3605 intelligens
1146 3555 1191 3591 et
1222 3559 1329 3590 suus
1362 3544 1618 3591 intellectus
1648 3544 1867 3591 altissima
1893 3546 2113 3592 virtutum

162 3610 233 3667 sit,
249 3625 335 3658 nec
350 3611 525 3672 indiget
544 3612 701 3658 habitu
719 3612 995 3672 perficiente,
1013 3613 1118 3673 quia
1135 3614 1181 3658 in
1205 3613 1355 3671 seipso
1383 3611 1608 3672 perfectus
1626 3621 1708 3667 est,
1730 3622 1779 3659 ut
1795 3627 1930 3673 supra
1947 3614 2009 3673 (c.
2022 3614 2115 3671 28.)
