2332 3854
253 171 364 240 264
900 187 1054 226 LIBER
1094 187 1150 225 11.
1193 187 1313 226 CAP.
1355 188 1578 226 Lxxxnt.

253 287 454 345 sequitur
477 288 599 347 quod
627 289 779 332 anima
804 290 1053 343 rationalis,
1081 304 1272 349 corpore
1296 301 1526 350 corrupto,
1549 293 1876 351 corrumpitur;
1903 294 2026 352 quod
2041 288 2110 346 est
2128 294 2215 345 im-

250 353 479 412 possibile,
507 365 555 399 ut
581 369 714 431 supra
728 357 787 412 (c.
813 356 904 415 79.)
932 357 1173 414 probatum
1201 367 1282 411 est,
1310 367 1354 401 et
1379 357 1490 402 fides
1517 358 1742 403 catholica
1767 359 1913 404 docet.
2139 396 2159 403 a,

339 421 448 465 Non
473 422 608 480 igitur
634 422 828 480 ipSamet
850 425 989 466 virtus
1013 437 1127 481 quae
1146 437 1250 466 cum
1269 424 1444 468 semine
1465 425 1698 501 deciditur,
1718 435 1762 469 et
1779 425 1940 470 dicitur
1955 425 2212 480 formativa,

252 495 319 530 est
341 488 507 541 anima,
535 503 682 546 neque
703 489 749 531 in
769 503 986 547 processu
1015 490 1320 548 generationis
1341 490 1390 534 fit
1413 491 1588 546 anima;
1607 493 1700 545 sed,
1718 507 1859 550 quum
1875 507 1973 551 1psa
1986 492 2213 547 fundetur,
2242 486 2243 489 ¹

249 554 366 598 sicut
392 556 436 598 in
463 556 648 614 proprio
671 556 890 614 subjecto,
916 556 963 599 in
990 557 1147 616 spiritu
1174 559 1303 616 cujus
1327 568 1394 602 est
1414 573 1571 603 semen
1599 559 1912 603 contentivum
1939 559 2055 604 sicut
2070 559 2203 620 quod·

250 621 357 665 dam
397 636 683 681 spumosum,
718 633 930 679 operatur
960 622 1287 668 formationem
1320 626 1539 683 corporis,
1572 635 1706 684 prout
1736 626 1831 684 agit
1862 640 1917 670 ex
1947 627 1991 670 vi
2030 627 2200 685 animae

248 691 386 746 patris
414 690 485 732 cui
512 689 765 732 attribuitur
792 689 1026 747 generatio
1054 690 1170 734 sicut
1191 691 1430 750 principali
1456 693 1706 750 generantI,
1738 705 1833 736 non
1867 706 1920 737 ex
1951 693 1997 736 vi
2031 692 2109 747 ani
2144 734 2150 737 ,
2175 702 2200 735 e

250 756 474 812 concepti,
494 755 629 798 etiam
647 765 890 813 postquam
914 757 1064 800 anima
1081 756 1222 811 inest;
1245 772 1339 801 non
1358 758 1482 802 enim
1502 769 1777 816 conceptum
1795 769 1980 818 generat
1994 759 2091 818 seip
2136 769 2200 811 m,

249 821 329 865 sed
356 832 597 880 generatur
625 836 649 864 a
675 831 816 879 patre.
842 822 900 866 Et
921 823 1011 866 hoc
1038 833 1162 882 patet
1187 824 1454 870 discurrenti
1481 840 1562 884 per
1587 826 1788 884 singulas
1804 826 1991 872 virtutes
2015 826 2199 882 animae·

248 887 355 931 Non
383 888 505 931 enirn
529 898 678 946 potest
696 888 877 932 attribui
896 889 1376 950 animae·embryonis,
1393 892 1570 936 ratione
1586 892 1762 936 virtutis
1783 892 2083 954 generativays:
2100 899 2198 940 tum

250 954 355 1011 quia
382 955 448 997 vis
472 955 736 1011 generativa
761 970 855 999 non
882 956 1020 1000 habet
1042 971 1172 1002 suam
1200 959 1514 1017 operationem
1538 959 1626 1004 nisi
1652 959 1883 1018 completo
1910 955 2047 1019 operp'
2063 954 2201 1009 nutri·

247 1021 366 1064 tivae
396 1030 440 1064 et
466 1022 834 1078 augmentativae
862 1037 978 1081 quae
1005 1025 1044 1067 ei
1073 1025 1346 1079 deserviunt,
1374 1040 1516 1084 quum
1543 1040 1763 1084 generare
1790 1026 1847 1071 sit
1877 1027 1970 1085 jam
1997 1021 2199 1086 perfecti3

245 1097 343 1130 tum
371 1087 476 1146 quia
503 1102 617 1164 opus
645 1090 935 1147 generativae
961 1104 1055 1134 non
1089 1091 1323 1135 ordinatur
1355 1092 1411 1135 ad
1443 1091 1772 1151 perfectionem
1802 1093 1944 1152 ipsius
1965 1089 2200 1149 (individui,

246 1154 326 1198 sed
354 1155 410 1197 ad
436 1155 606 1213 speciei
632 1157 1044 1200 conservationem.
1071 1157 1170 1202 Nec
1204 1158 1341 1202 etiam
1375 1168 1524 1216 potest
1557 1159 1737 1203 attribui
1769 1159 1922 1203 virtuti
1940 1155 2200 1212 nutritivae,

247 1223 375 1279 cujus
399 1236 513 1280 opus
543 1232 607 1266 est
635 1222 886 1268 assimilare
911 1224 1242 1269 nutrimentum
1268 1226 1453 1279 nutrito,
1486 1226 1608 1302 quod
1640 1226 1714 1270 hic
1747 1241 1840 1271 non
1873 1231 2089 1289 apparet;
2106 1236 2200 1267 non

246 1288 368 1331 enirn
395 1289 724 1334 nutrimentum
746 1290 793 1333 in
819 1305 1035 1348 processu
1061 1290 1350 1336 formationis
1375 1293 1604 1336 trahitur
1593 1307 1639 1336 m
1657 1291 1996 1338 similitudinem
2012 1289 2204 1349 preensi·

245 1355 418 1408 stentis‚
461 1356 538 1399 sed
580 1356 845 1415 producitur
879 1357 933 1400 ad
965 1357 1285 1416 perfectiorem
1318 1358 1516 1402 formam
1550 1369 1594 1403 et
1623 1359 1890 1411 viciniorem
1920 1354 2203 1401 similitudini

244 1422 396 1480 patris.
425 1422 644 1467 Similiter
669 1438 752 1468 nec
780 1426 1164 1482 augmentativae,
1192 1425 1246 1468 ad
1266 1440 1403 1483 quam
1420 1439 1514 1469 non
1531 1426 1724 1484 pertinet
1740 1424 1928 1474 mutatio
1949 1421 2202 1468 secundum

243 1488 458 1543 formam,
485 1490 564 1533 sed
586 1490 735 1534 solum
764 1491 1015 1535 secundum
1044 1492 1358 1550 quantitatem.
1381 1493 1452 1536 De
1471 1493 1684 1537 sensitiva
1703 1503 1851 1537 autem
1868 1501 1914 1535 et
1927 1488 2203 1535 intellectiva

244 1566 366 1614 patet
393 1557 515 1615 quod
536 1571 629 1602 non
647 1558 816 1601 habent
834 1558 1017 1616 aliquod
1038 1573 1151 1617 opus
1168 1557 1434 1602 formationi
1451 1559 1531 1603 tali
1548 1559 1899 1618 appropriatum.
1916 1554 2204 1615 Relinquitur

244 1624 381 1680 igitur
407 1624 528 1686 quod
554 1623 770 1668 formatio
799 1626 1017 1684 corporis,
1044 1625 1286 1684 praecipue
1312 1635 1532 1684 quantum
1565 1626 1631 1670 ad·
1653 1627 1820 1685 primas
1853 1634 1898 1669 et
1929 1621 2202 1684 principales

245 1700 410 1748 partes,
437 1706 530 1735 non
558 1702 626 1736 est
652 1692 705 1734 ab
734 1692 887 1735 anima
914 1693 1079 1750 genita,
1105 1707 1190 1736 nec
1219 1707 1243 1736 a
1268 1693 1432 1736 virtute
1459 1692 1701 1738 formativa
1733 1701 1896 1751 agente
1927 1705 1982 1735 ex
2015 1690 2059 1734 vi
2087 1690 2201 1748 ⁴eius,

245 1758 324 1801 sed
352 1768 513 1816 agente
541 1772 595 1802 ex
621 1759 666 1802 vi
693 1759 874 1802 animae
900 1759 1189 1817 generativae
1216 1760 1368 1818 patris,
1397 1761 1523 1818 cujus
1550 1774 1664 1818 opus
1691 1769 1758 1803 est
1779 1757 1931 1803 facere
1955 1755 2104 1802 simile
2126 1769 2228 1816 >ger

243 1826 421 1868 neranti
446 1826 698 1869 secundum
721 1826 937 1884 speciem.
965 1826 1090 1870 Haec
1117 1827 1253 1884 igitur
1278 1827 1345 1870 vis
1370 1826 1614 1870 formativa
1636 1827 1795 1870 eadem
1813 1834 1967 1870 manet
1982 1824 2030 1868 in
2045 1823 2200 1882 spiritu

243 1892 490 1950 praedicto,
528 1907 554 1936 a
586 1893 808 1952 principio
845 1892 1133 1938 formationis
1169 1908 1311 1952 usque
1351 1894 1399 1936 in
1430 1893 1594 1947 finem;
1627 1893 1802 1952 species
1832 1903 1988 1937 tamen
2018 1890 2204 1946 formati

242 1973 336 2002 non
363 1970 517 2003 manet
536 1961 722 2014 eadem3
749 1974 857 2003 nam
876 1960 1024 2017 primo
1042 1960 1181 2003 habet
1195 1959 1612 2013 formamseminis,
1636 1969 1793 2018 postea
1820 1957 2066 2017 sanguinis,
2078 1966 2124 2001 et
2138 1957 2203 2000 sic

241 2025 346 2069 inde
374 2040 611 2085 quousque
636 2027 790 2070 veniat
816 2027 871 2070 ad
896 2027 1107 2070 ultimum
1135 2027 1541 2086 complementum.
1560 2027 1688 2071 Licet
1705 2027 1828 2071 enim
1846 2026 2079 2086 generatio
2096 2025 2206 2071 sim·

241 2092 430 2150 plicium
458 2107 704 2151 corporum
721 2108 815 2137 non
833 2095 1051 2151 procedat
1068 2095 1319 2138 secundum
1340 2094 1561 2148 ordinem,
1581 2108 1636 2138 eo
1654 2094 1776 2152 quod
1793 2086 2027 2153 quodlibet
2042 2093 2203 2147 eorum

240 2159 378 2203 habet
402 2159 601 2206 formam
618 2161 933 2205 immediatam
953 2162 1168 2205 materiae
1188 2162 1377 2219 primae,
1403 2162 1449 2204 in
1477 2162 1769 2219 generatione
1785 2171 1941 2205 tamen
1959 2173 2205 2219 corporum

243 2225 437 2269 aliorum
451 2237 631 2285 oportet
643 2242 742 2271 esse
756 2228 1104 2286 generationum
1120 2229 1344 2282 ordinem,
1359 2239 1538 2287 propter
1552 2227 1716 2272 multas
1729 2227 1900 2272 formas
1913 2226 2205 2279 intermedias

241 2294 357 2337 inter
382 2295 578 2352 prim-arn
615 2294 816 2339 formam
847 2295 1064 2339 elementi
1091 2306 1135 2340 et
1157 2295 1364 2339 ultimam
1390 2294 1590 2339 formam
1624 2295 1679 2339 ad
1706 2309 1846 2354 quam
1873 2294 2107 2354 generatio
2133 2307 2202 2338 or-

241 2360 443 2414 dinatur;
472 2372 516 2405 et
541 2361 646 2405 ideo
674 2371 778 2405 sunt
803 2361 974 2405 multae
993 2363 1313 2420 generationes
1340 2373 1384 2406 et
1405 2363 1717 2421 corruptiones
1736 2376 1834 2406 sese
1857 2370 2204 2420 consequentes.

330 2427 429 2471 Nec
457 2437 524 2472 est
549 2428 877 2473 inconveniens
901 2431 937 2472 si
965 2429 1133 2487 aliquid
1160 2429 1538 2473 intermediorum
1567 2439 1821 2487 generatur,
1848 2438 1894 2473 et
1918 2428 2072 2472 statim
2087 2437 2206 2486 post·

241 2495 433 2538 modum
459 2495 815 2552 interrumpitur,
842 2496 947 2554 quia
973 2496 1242 2539 intermedia
1265 2510 1359 2539 non
1385 2496 1555 2540 habent
1577 2496 1779 2554 speciem
1806 2494 2100 2554 completam,
2125 2493 2204 2539 sed

241 2572 344 2605 sunt
370 2574 417 2605 ut
443 2563 516 2605 via
540 2563 595 2606 ad
623 2563 848 2621 speciem3
878 2574 921 2607 et
946 2563 1050 2606 ideo
1078 2577 1173 2607 non
1201 2573 1474 2621 generantur
1508 2573 1556 2606 ut
1589 2571 1901 2621 permaneant,
1937 2561 2015 2606 sed
2052 2571 2102 2605 ut
2125 2574 2205 2620 per

242 2643 295 2672 ea
322 2629 377 2672 ad
404 2628 615 2672 ultimum
650 2640 917 2687 generatum
945 2630 1244 2688 perveniatur.
1271 2629 1370 2674 Nec
1398 2639 1463 2673 est
1486 2630 1653 2672 mirum
1691 2631 1728 2673 si
1764 2638 1860 2673 tota
1891 2627 2201 2687 generationis

239 2696 558 2740 transmutatio
586 2710 679 2740 non
706 2707 774 2740 est
810 2697 1041 2750 continua,
1079 2697 1156 2740 sed
1192 2707 1294 2740 sunt
1331 2696 1501 2740 multae
1539 2696 1855 2755 generationes
1891 2694 2204 2749 intermediae,

241 2763 346 2821 quia
371 2763 462 2806 hoc
490 2763 628 2807 etiam
656 2764 821 2808 accidit
845 2764 892 2807 in
920 2763 1188 2807 alteratione
1215 2774 1259 2807 et
1285 2773 1557 2821 augment03
1590 2778 1684 2807 non
1717 2762 1840 2806 enim
1872 2772 1940 2807 est
1970 2771 2068 2807 tota
2100 2760 2205 2806 alte-

241 2830 356 2874 ratio
385 2831 601 2874 continua
623 2845 772 2889 neque
798 2840 946 2875 totum
981 2839 1295 2888 augmentum,
1322 2831 1400 2874 sed
1437 2829 1588 2874 solum
1613 2840 1778 2888 ⁸motus
1809 2828 1968 2873 localis
1997 2838 2066 2874 est
2096 2842 2227 2876 vere,

243 2897 500 2952 continuus,
526 2908 575 2941 ut
601 2908 724 2956 patet
749 2899 795 2940 in
820 2909 984 2942 octavo
1013 2898 1194 2955 Physic.
1225 2897 1414 2948 Quanto
1433 2899 1566 2955 igitur
1585 2897 1734 2956 aliqua
1752 2897 1901 2942 forma
1924 2907 1992 2942 est
2006 2895 2205 2942 nobilior

243 2975 285 3007 et
313 2964 458 3022 magis
487 2965 655 3008 distans
684 2979 708 3005 a
735 2963 884 3006 forma
912 2964 1141 3016 elementi,
1168 2973 1294 3007 tanto
1334 2974 1514 3020 oportet
1547 2978 1645 3007 esse
1679 2963 1829 3021 plures
1863 2962 2036 3008 fortnas
2067 2962 2204 3008 inter·

242 3030 416 3086 medias
450 3029 611 3086 quibus
643 3029 868 3086 gradatim
903 3029 958 3072 ad
995 3029 1193 3073 formam
1229 3030 1437 3073 ultimam
1476 3031 1695 3085 veniatur,
1729 3040 1774 3075 et
1806 3035 1896 3090 per'
1918 3042 2206 3089 consequens.

243 3093 392 3151 plures
419 3095 738 3152 generationes
767 3096 962 3149 medias;
990 3106 1032 3140 et
1060 3097 1162 3140 ideo
1190 3097 1235 3139 in
1263 3099 1556 3155 generatione
1585 3097 1793 3142 animalis
1830 3107 1875 3142 et
1908 3097 2125 3152 hominis,
2154 3097 2203 3145 in

242 3161 403 3219 quibus
431 3172 497 3205 est
523 3161 671 3206 forma
699 3162 1039 3221 perfectissima,
1068 3174 1171 3207 sunt
1197 3163 1418 3221 plurimae
1446 3163 1622 3208 formae
1650 3176 1692 3209 et
1726 3164 2042 3223 generationes
2072 3163 2204 3212 inter'·

243 3228 437 3282 mediae,
465 3240 508 3272 et
534 3243 612 3287 per
640 3243 926 3288 consequens
955 3230 1281 3288 corruptiones,
1309 3232 1413 3288 quia
1441 3232 1676 3289 generatio
1709 3231 1841 3276 unius
1874 3241 1942 3276 est
1974 3230 2202 3290 corruptio

243 3294 439 3340 alterius.
467 3297 637 3340 Anima
663 3297 799 3354 igitur
826 3297 1107 3355 vegetabilis,
1135 3311 1250 3356 quae
1278 3298 1426 3355 primo
1453 3299 1571 3343 inest
1596 3313 1738 3358 quum
1761 3300 1951 3358 embryo
1976 3299 2087 3344 vivit
2110 3298 2201 3346 vita

242 3362 438 3420 plantae,
465 3367 784 3423 corrumpitur,
808 3375 851 3408 et
877 3364 1079 3408 succedit
1103 3365 1254 3407 anima
1278 3364 1519 3422 perfectior
1545 3380 1661 3424 quae
1689 3376 1756 3411 est
1771 3366 1986 3411 nutritiva
2006 3374 2051 3411 et
2064 3365 2204 3414 sensi-

242 3429 334 3472 tiva
361 3431 511 3484 simul,
539 3441 583 3474 et
607 3441 714 3474 tunc
743 3432 932 3490 embryo
959 3431 1069 3475 vivit
1094 3431 1186 3475 vita
1209 3431 1442 3486 animalis;
1470 3432 1555 3476 hac
1575 3443 1728 3477 autern
1755 3441 1996 3494 corrupta,
1990 3430 2203 3481 succedit

243 3497 395 3540 anima
432 3498 664 3543 rationalis
700 3499 753 3566 ab
792 3499 1045 3543 extrinseco
1085 3498 1302 3553 immissa,
1346 3498 1453 3544 licet
1488 3501 1809 3559 praecedentes
1840 3498 2007 3547 fuerint
2036 3498 2200 3545 virtute

241 3564 442 3609 seminis
