<?xml version="1.0" encoding="UTF-8"?>
<!DOCTYPE html PUBLIC "-//W3C//DTD XHTML 1.0 Transitional//EN"
    "http://www.w3.org/TR/xhtml1/DTD/xhtml1-transitional.dtd">
<html xmlns="http://www.w3.org/1999/xhtml" xml:lang="en" lang="en">
 <head>
  <title>
</title>
<meta http-equiv="Content-Type" content="text/html;charset=utf-8" />
  <meta name='ocr-system' content='tesseract 3.04.00' />
  <meta name='ocr-capabilities' content='ocr_page ocr_carea ocr_par ocr_line ocrx_word'/>
</head>
<body>
  <div class='ocr_page' id='page_1' title='image "./divithomaeaquina00thom_0260.png"; bbox 0 0 2332 3854; ppageno 0'>
   <div class='ocr_carea' id='block_1_1' title="bbox 248 183 1553 254">
    <p class='ocr_par' dir='ltr' id='par_1_1' title="bbox 248 183 1553 254">
     <span class='ocr_line' id='line_1_1' title="bbox 248 183 1553 254; baseline -0.005 -16"><span class='ocrx_word' id='word_1_1' title='bbox 248 183 355 254; x_wconf 87' lang='lat'>248</span> <span class='ocrx_word' id='word_1_2' title='bbox 893 196 1050 234; x_wconf 67' lang='lat' dir='ltr'>unm&lt;</span> <span class='ocrx_word' id='word_1_3' title='bbox 1089 195 1144 233; x_wconf 93' lang='lat'>11.</span> <span class='ocrx_word' id='word_1_4' title='bbox 1187 193 1308 234; x_wconf 86' lang='lat' dir='ltr'>CAP.</span> <span class='ocrx_word' id='word_1_5' title='bbox 1348 193 1553 232; x_wconf 81' lang='lat' dir='ltr'>Lxxxn.</span> 
     </span>
    </p>
   </div>
   <div class='ocr_carea' id='block_1_2' title="bbox 246 293 2230 2433">
    <p class='ocr_par' dir='ltr' id='par_1_2' title="bbox 246 293 2215 1628">
     <span class='ocr_line' id='line_1_2' title="bbox 340 293 2206 358; baseline -0.003 -15"><span class='ocrx_word' id='word_1_6' title='bbox 340 299 443 343; x_wconf 90' lang='lat' dir='ltr'>Hoc</span> <span class='ocrx_word' id='word_1_7' title='bbox 470 308 623 343; x_wconf 88' lang='lat' dir='ltr'>autem</span> <span class='ocrx_word' id='word_1_8' title='bbox 654 307 778 358; x_wconf 87' lang='lat' dir='ltr'>patet</span> <span class='ocrx_word' id='word_1_9' title='bbox 804 310 903 342; x_wconf 91' lang='lat' dir='ltr'>esse</span> <span class='ocrx_word' id='word_1_10' title='bbox 934 296 1099 340; x_wconf 90' lang='lat' dir='ltr'>falsum</span> <span class='ocrx_word' id='word_1_11' title='bbox 1132 295 1383 354; x_wconf 83' lang='lat' dir='ltr'><strong>dupliciter.</strong></span> <span class='ocrx_word' id='word_1_12' title='bbox 1410 295 1566 339; x_wconf 88' lang='lat' dir='ltr'>Primo</span> <span class='ocrx_word' id='word_1_13' title='bbox 1599 293 1800 354; x_wconf 89' lang='lat' dir='ltr'>quidem,</span> <span class='ocrx_word' id='word_1_14' title='bbox 1826 295 1931 354; x_wconf 90' lang='lat' dir='ltr'>quia</span> <span class='ocrx_word' id='word_1_15' title='bbox 1966 294 2206 354; x_wconf 82' lang='lat' dir='ltr'>probatum</span> 
     </span>
     <span class='ocr_line' id='line_1_3' title="bbox 252 356 2207 424; baseline -0.003 -13"><span class='ocrx_word' id='word_1_16' title='bbox 252 375 319 411; x_wconf 89' lang='lat' dir='ltr'>est</span> <span class='ocrx_word' id='word_1_17' title='bbox 351 365 470 424; x_wconf 86' lang='lat' dir='ltr'><strong>(Lib.</strong></span> <span class='ocrx_word' id='word_1_18' title='bbox 498 367 532 410; x_wconf 92' lang='grc' dir='ltr'>Ι.</span> <span class='ocrx_word' id='word_1_19' title='bbox 556 380 594 410; x_wconf 89' lang='lat' dir='ltr'>c.</span> <span class='ocrx_word' id='word_1_20' title='bbox 627 365 715 424; x_wconf 84' lang='lat'>13.)</span> <span class='ocrx_word' id='word_1_21' title='bbox 739 364 861 423; x_wconf 94' lang='lat' dir='ltr'>quod</span> <span class='ocrx_word' id='word_1_22' title='bbox 882 377 1019 407; x_wconf 90' lang='lat' dir='ltr'>omne</span> <span class='ocrx_word' id='word_1_23' title='bbox 1043 362 1164 421; x_wconf 93' lang='lat' dir='ltr'>quod</span> <span class='ocrx_word' id='word_1_24' title='bbox 1187 371 1397 407; x_wconf 86' lang='lat' dir='ltr'>movetur</span> <span class='ocrx_word' id='word_1_25' title='bbox 1422 376 1501 422; x_wconf 90' lang='lat' dir='ltr'>per</span> <span class='ocrx_word' id='word_1_26' title='bbox 1526 375 1589 416; x_wconf 86' lang='lat' dir='ltr'>se,</span> <span class='ocrx_word' id='word_1_27' title='bbox 1615 371 1684 406; x_wconf 89' lang='lat' dir='ltr'>est</span> <span class='ocrx_word' id='word_1_28' title='bbox 1709 356 1895 420; x_wconf 89' lang='lat' dir='ltr'>corpus;</span> <span class='ocrx_word' id='word_1_29' title='bbox 1921 361 2041 406; x_wconf 90' lang='lat' dir='ltr'>unde</span> <span class='ocrx_word' id='word_1_30' title='bbox 2066 374 2207 421; x_wconf 86' lang='lat' dir='ltr'>quum</span> 
     </span>
     <span class='ocr_line' id='line_1_4' title="bbox 250 428 2209 491; baseline -0.003 -14"><span class='ocrx_word' id='word_1_31' title='bbox 250 432 406 477; x_wconf 86' lang='lat' dir='ltr'>anima</span> <span class='ocrx_word' id='word_1_32' title='bbox 437 447 532 477; x_wconf 90' lang='lat' dir='ltr'>non</span> <span class='ocrx_word' id='word_1_33' title='bbox 558 435 615 477; x_wconf 86' lang='lat' dir='ltr'>sit</span> <span class='ocrx_word' id='word_1_34' title='bbox 641 446 820 491; x_wconf 90' lang='lat' dir='ltr'>corpus,</span> <span class='ocrx_word' id='word_1_35' title='bbox 847 429 1130 488; x_wconf 89' lang='lat' dir='ltr'>impossibile</span> <span class='ocrx_word' id='word_1_36' title='bbox 1165 439 1232 473; x_wconf 91' lang='lat' dir='ltr'>est</span> <span class='ocrx_word' id='word_1_37' title='bbox 1264 429 1410 487; x_wconf 88' lang='lat' dir='ltr'>ipsam</span> <span class='ocrx_word' id='word_1_38' title='bbox 1442 428 1619 473; x_wconf 88' lang='lat' dir='ltr'>moveri</span> <span class='ocrx_word' id='word_1_39' title='bbox 1642 428 1731 473; x_wconf 88' lang='lat' dir='ltr'>nisi</span> <span class='ocrx_word' id='word_1_40' title='bbox 1762 443 1842 487; x_wconf 92' lang='lat' dir='ltr'>per</span> <span class='ocrx_word' id='word_1_41' title='bbox 1874 428 2098 472; x_wconf 86' lang='lat' dir='ltr'>accidens.</span> <span class='ocrx_word' id='word_1_42' title='bbox 2132 428 2209 472; x_wconf 90' lang='lat' dir='ltr'>Se·</span> 
     </span>
     <span class='ocr_line' id='line_1_5' title="bbox 252 495 2205 558; baseline -0.003 -13"><span class='ocrx_word' id='word_1_43' title='bbox 252 500 419 554; x_wconf 90' lang='lat' dir='ltr'>cundo,</span> <span class='ocrx_word' id='word_1_44' title='bbox 448 500 567 558; x_wconf 86' lang='lat' dir='ltr'>quia,</span> <span class='ocrx_word' id='word_1_45' title='bbox 602 513 742 557; x_wconf 89' lang='lat' dir='ltr'>quum</span> <span class='ocrx_word' id='word_1_46' title='bbox 769 511 960 541; x_wconf 90' lang='lat' dir='ltr'>movens</span> <span class='ocrx_word' id='word_1_47' title='bbox 991 498 1037 539; x_wconf 91' lang='lat' dir='ltr'>in</span> <span class='ocrx_word' id='word_1_48' title='bbox 1065 506 1284 554; x_wconf 89' lang='lat' dir='ltr'>quantum</span> <span class='ocrx_word' id='word_1_49' title='bbox 1315 495 1581 554; x_wconf 72' lang='lat' dir='ltr'>huiusmodi</span> <span class='ocrx_word' id='word_1_50' title='bbox 1616 496 1672 540; x_wconf 87' lang='lat' dir='ltr'>sit</span> <span class='ocrx_word' id='word_1_51' title='bbox 1705 505 1823 549; x_wconf 86' lang='lat' dir='ltr'>actu,</span> <span class='ocrx_word' id='word_1_52' title='bbox 1850 505 2028 539; x_wconf 88' lang='lat' dir='ltr'>motum</span> <span class='ocrx_word' id='word_1_53' title='bbox 2056 505 2205 540; x_wconf 88' lang='lat' dir='ltr'>autern</span> 
     </span>
     <span class='ocr_line' id='line_1_6' title="bbox 249 561 2207 626; baseline -0.002 -16"><span class='ocrx_word' id='word_1_54' title='bbox 249 567 296 610; x_wconf 92' lang='lat' dir='ltr'>in</span> <span class='ocrx_word' id='word_1_55' title='bbox 329 577 550 626; x_wconf 87' lang='lat' dir='ltr'>quantum</span> <span class='ocrx_word' id='word_1_56' title='bbox 591 564 855 623; x_wconf 90' lang='lat' dir='ltr'>hujusmodi</span> <span class='ocrx_word' id='word_1_57' title='bbox 889 564 946 607; x_wconf 89' lang='lat' dir='ltr'>sit</span> <span class='ocrx_word' id='word_1_58' title='bbox 976 563 1021 606; x_wconf 89' lang='lat' dir='ltr'>in</span> <span class='ocrx_word' id='word_1_59' title='bbox 1048 563 1267 622; x_wconf 89' lang='lat' dir='ltr'>potentia,</span> <span class='ocrx_word' id='word_1_60' title='bbox 1299 563 1414 606; x_wconf 85' lang='lat' dir='ltr'>nihil</span> <span class='ocrx_word' id='word_1_61' title='bbox 1450 573 1602 607; x_wconf 89' lang='lat' dir='ltr'>autern</span> <span class='ocrx_word' id='word_1_62' title='bbox 1636 572 1787 621; x_wconf 81' lang='lat' dir='ltr'>potest</span> <span class='ocrx_word' id='word_1_63' title='bbox 1826 576 1925 606; x_wconf 87' lang='lat' dir='ltr'>esse</span> <span class='ocrx_word' id='word_1_64' title='bbox 1957 561 2207 607; x_wconf 86' lang='lat' dir='ltr'>secundum</span> 
     </span>
     <span class='ocr_line' id='line_1_7' title="bbox 248 628 2207 689; baseline -0.002 -12"><span class='ocrx_word' id='word_1_65' title='bbox 248 633 373 678; x_wconf 90' lang='lat' dir='ltr'>idem</span> <span class='ocrx_word' id='word_1_66' title='bbox 401 643 504 678; x_wconf 88' lang='lat' dir='ltr'>actu</span> <span class='ocrx_word' id='word_1_67' title='bbox 532 642 576 676; x_wconf 91' lang='lat' dir='ltr'>et</span> <span class='ocrx_word' id='word_1_68' title='bbox 601 633 817 689; x_wconf 86' lang='lat' dir='ltr'>potentia,</span> <span class='ocrx_word' id='word_1_69' title='bbox 844 628 1125 688; x_wconf 87' lang='lat' dir='ltr'>impossibile</span> <span class='ocrx_word' id='word_1_70' title='bbox 1153 629 1237 674; x_wconf 92' lang='lat' dir='ltr'>erit</span> <span class='ocrx_word' id='word_1_71' title='bbox 1269 630 1392 688; x_wconf 91' lang='lat' dir='ltr'>quod</span> <span class='ocrx_word' id='word_1_72' title='bbox 1418 630 1541 674; x_wconf 91' lang='lat' dir='ltr'>idem</span> <span class='ocrx_word' id='word_1_73' title='bbox 1577 630 1829 673; x_wconf 89' lang='lat' dir='ltr'>secundum</span> <span class='ocrx_word' id='word_1_74' title='bbox 1854 629 1978 673; x_wconf 90' lang='lat' dir='ltr'>idem</span> <span class='ocrx_word' id='word_1_75' title='bbox 2013 628 2073 673; x_wconf 89' lang='lat' dir='ltr'>sit</span> <span class='ocrx_word' id='word_1_76' title='bbox 2103 642 2207 673; x_wconf 55' lang='lat' dir='ltr'>urno-</span> 
     </span>
     <span class='ocr_line' id='line_1_8' title="bbox 247 695 2208 756; baseline -0.002 -12"><span class='ocrx_word' id='word_1_77' title='bbox 247 715 360 746; x_wconf 84' lang='lat' dir='ltr'>vens</span> <span class='ocrx_word' id='word_1_78' title='bbox 394 711 436 744; x_wconf 92' lang='lat' dir='ltr'>et</span> <span class='ocrx_word' id='word_1_79' title='bbox 463 710 672 752; x_wconf 87' lang='lat' dir='ltr'>motum;</span> <span class='ocrx_word' id='word_1_80' title='bbox 705 698 783 742; x_wconf 91' lang='lat' dir='ltr'>sed</span> <span class='ocrx_word' id='word_1_81' title='bbox 811 707 1006 756; x_wconf 84' lang='lat' dir='ltr'>oportet,</span> <span class='ocrx_word' id='word_1_82' title='bbox 1033 698 1071 741; x_wconf 86' lang='lat' dir='ltr'>si</span> <span class='ocrx_word' id='word_1_83' title='bbox 1105 696 1275 756; x_wconf 89' lang='lat' dir='ltr'>aliquid</span> <span class='ocrx_word' id='word_1_84' title='bbox 1301 697 1463 741; x_wconf 89' lang='lat' dir='ltr'>dicitur</span> <span class='ocrx_word' id='word_1_85' title='bbox 1489 697 1689 755; x_wconf 90' lang='lat' dir='ltr'>seipsum</span> <span class='ocrx_word' id='word_1_86' title='bbox 1727 710 1934 751; x_wconf 90' lang='lat' dir='ltr'>movens,</span> <span class='ocrx_word' id='word_1_87' title='bbox 1965 695 2208 755; x_wconf 71' lang='lat' dir='ltr'>quoduna</span> 
     </span>
     <span class='ocr_line' id='line_1_9' title="bbox 247 761 2210 827; baseline -0.003 -16"><span class='ocrx_word' id='word_1_88' title='bbox 247 782 352 827; x_wconf 90' lang='lat' dir='ltr'>pars</span> <span class='ocrx_word' id='word_1_89' title='bbox 379 769 474 825; x_wconf 88' lang='lat' dir='ltr'>ejus</span> <span class='ocrx_word' id='word_1_90' title='bbox 500 767 557 809; x_wconf 89' lang='lat' dir='ltr'>sit</span> <span class='ocrx_word' id='word_1_91' title='bbox 583 778 775 809; x_wconf 90' lang='lat' dir='ltr'>movens</span> <span class='ocrx_word' id='word_1_92' title='bbox 803 774 847 808; x_wconf 88' lang='lat' dir='ltr'>et</span> <span class='ocrx_word' id='word_1_93' title='bbox 873 764 962 807; x_wconf 87' lang='lat' dir='ltr'>alia</span> <span class='ocrx_word' id='word_1_94' title='bbox 987 777 1090 821; x_wconf 89' lang='lat' dir='ltr'>pars</span> <span class='ocrx_word' id='word_1_95' title='bbox 1116 764 1173 807; x_wconf 90' lang='lat' dir='ltr'>sit</span> <span class='ocrx_word' id='word_1_96' title='bbox 1203 773 1356 818; x_wconf 84' lang='lat' dir='ltr'>mota3</span> <span class='ocrx_word' id='word_1_97' title='bbox 1384 774 1427 808; x_wconf 92' lang='lat' dir='ltr'>et</span> <span class='ocrx_word' id='word_1_98' title='bbox 1452 763 1543 807; x_wconf 89' lang='lat' dir='ltr'>hoc</span> <span class='ocrx_word' id='word_1_99' title='bbox 1570 763 1712 808; x_wconf 90' lang='lat' dir='ltr'>modo</span> <span class='ocrx_word' id='word_1_100' title='bbox 1736 763 1899 807; x_wconf 89' lang='lat' dir='ltr'>dicitur</span> <span class='ocrx_word' id='word_1_101' title='bbox 1921 761 2092 807; x_wconf 87' lang='lat' dir='ltr'>animal</span> <span class='ocrx_word' id='word_1_102' title='bbox 2114 776 2210 807; x_wconf 87' lang='lat' dir='ltr'>mo-</span> 
     </span>
     <span class='ocr_line' id='line_1_10' title="bbox 251 828 2207 892; baseline -0.002 -14"><span class='ocrx_word' id='word_1_103' title='bbox 251 849 357 878; x_wconf 89' lang='lat' dir='ltr'>vere</span> <span class='ocrx_word' id='word_1_104' title='bbox 385 834 600 892; x_wconf 88' lang='lat' dir='ltr'>seipsum,</span> <span class='ocrx_word' id='word_1_105' title='bbox 628 832 733 890; x_wconf 87' lang='lat' dir='ltr'>quia</span> <span class='ocrx_word' id='word_1_106' title='bbox 761 832 914 874; x_wconf 90' lang='lat' dir='ltr'>anima</span> <span class='ocrx_word' id='word_1_107' title='bbox 941 841 1008 875; x_wconf 89' lang='lat' dir='ltr'>est</span> <span class='ocrx_word' id='word_1_108' title='bbox 1033 845 1225 874; x_wconf 89' lang='lat' dir='ltr'>movens</span> <span class='ocrx_word' id='word_1_109' title='bbox 1252 840 1295 875; x_wconf 93' lang='lat' dir='ltr'>et</span> <span class='ocrx_word' id='word_1_110' title='bbox 1322 844 1486 889; x_wconf 91' lang='lat' dir='ltr'>corpus</span> <span class='ocrx_word' id='word_1_111' title='bbox 1514 841 1581 875; x_wconf 91' lang='lat' dir='ltr'>est</span> <span class='ocrx_word' id='word_1_112' title='bbox 1606 841 1800 875; x_wconf 88' lang='lat' dir='ltr'>motum.</span> <span class='ocrx_word' id='word_1_113' title='bbox 1829 830 1920 875; x_wconf 87' lang='lat' dir='ltr'>Sed</span> <span class='ocrx_word' id='word_1_114' title='bbox 1945 831 2051 889; x_wconf 88' lang='lat' dir='ltr'>quia</span> <span class='ocrx_word' id='word_1_115' title='bbox 2076 828 2207 874; x_wconf 88' lang='lat' dir='ltr'>Plato</span> 
     </span>
     <span class='ocr_line' id='line_1_11' title="bbox 254 896 2208 957; baseline -0.002 -13"><span class='ocrx_word' id='word_1_116' title='bbox 254 901 456 944; x_wconf 86' lang='lat' dir='ltr'>animam</span> <span class='ocrx_word' id='word_1_117' title='bbox 478 914 572 943; x_wconf 92' lang='lat' dir='ltr'>non</span> <span class='ocrx_word' id='word_1_118' title='bbox 598 898 797 957; x_wconf 89' lang='lat' dir='ltr'>ponebat</span> <span class='ocrx_word' id='word_1_119' title='bbox 824 911 921 942; x_wconf 89' lang='lat' dir='ltr'>esse</span> <span class='ocrx_word' id='word_1_120' title='bbox 948 911 1128 956; x_wconf 89' lang='lat' dir='ltr'>corpus,</span> <span class='ocrx_word' id='word_1_121' title='bbox 1154 896 1260 942; x_wconf 86' lang='lat' dir='ltr'>licet</span> <span class='ocrx_word' id='word_1_122' title='bbox 1291 907 1489 942; x_wconf 91' lang='lat' dir='ltr'>uteretur</span> <span class='ocrx_word' id='word_1_123' title='bbox 1519 899 1707 942; x_wconf 88' lang='lat' dir='ltr'>nomine</span> <span class='ocrx_word' id='word_1_124' title='bbox 1735 907 1902 951; x_wconf 89' lang='lat' dir='ltr'>motus,</span> <span class='ocrx_word' id='word_1_125' title='bbox 1921 897 1997 957; x_wconf 91' lang='lat' dir='ltr'>qui</span> <span class='ocrx_word' id='word_1_126' title='bbox 2027 897 2208 956; x_wconf 83' lang='lat' dir='ltr'>proprie</span> 
     </span>
     <span class='ocr_line' id='line_1_12' title="bbox 254 963 2210 1026; baseline -0.003 -15"><span class='ocrx_word' id='word_1_127' title='bbox 254 981 498 1026; x_wconf 89' lang='lat' dir='ltr'>corporum</span> <span class='ocrx_word' id='word_1_128' title='bbox 528 975 607 1019; x_wconf 92' lang='lat' dir='ltr'>est,</span> <span class='ocrx_word' id='word_1_129' title='bbox 626 979 719 1009; x_wconf 90' lang='lat' dir='ltr'>non</span> <span class='ocrx_word' id='word_1_130' title='bbox 744 974 898 1009; x_wconf 90' lang='lat' dir='ltr'>tamen</span> <span class='ocrx_word' id='word_1_131' title='bbox 925 965 1016 1008; x_wconf 91' lang='lat' dir='ltr'>hoc</span> <span class='ocrx_word' id='word_1_132' title='bbox 1051 964 1104 1008; x_wconf 91' lang='lat' dir='ltr'>de</span> <span class='ocrx_word' id='word_1_133' title='bbox 1137 974 1267 1008; x_wconf 89' lang='lat' dir='ltr'>motu</span> <span class='ocrx_word' id='word_1_134' title='bbox 1299 965 1483 1023; x_wconf 89' lang='lat' dir='ltr'>proprie</span> <span class='ocrx_word' id='word_1_135' title='bbox 1511 964 1634 1009; x_wconf 90' lang='lat' dir='ltr'>dicto</span> <span class='ocrx_word' id='word_1_136' title='bbox 1667 963 1960 1023; x_wconf 84' lang='lat' dir='ltr'>intelligebat,</span> <span class='ocrx_word' id='word_1_137' title='bbox 1986 964 2066 1008; x_wconf 89' lang='lat' dir='ltr'>sed</span> <span class='ocrx_word' id='word_1_138' title='bbox 2097 963 2210 1008; x_wconf 88' lang='lat' dir='ltr'>acci-</span> 
     </span>
     <span class='ocr_line' id='line_1_13' title="bbox 251 1029 2209 1092; baseline -0.002 -15"><span class='ocrx_word' id='word_1_139' title='bbox 251 1034 403 1092; x_wconf 86' lang='lat' dir='ltr'>piebat</span> <span class='ocrx_word' id='word_1_140' title='bbox 428 1042 609 1076; x_wconf 89' lang='lat' dir='ltr'>motum</span> <span class='ocrx_word' id='word_1_141' title='bbox 643 1032 933 1075; x_wconf 87' lang='lat' dir='ltr'>communius</span> <span class='ocrx_word' id='word_1_142' title='bbox 960 1045 1043 1090; x_wconf 88' lang='lat' dir='ltr'>pro</span> <span class='ocrx_word' id='word_1_143' title='bbox 1075 1031 1275 1089; x_wconf 87' lang='lat' dir='ltr'>qualibet</span> <span class='ocrx_word' id='word_1_144' title='bbox 1306 1032 1584 1089; x_wconf 85' lang='lat' dir='ltr'>operatione,</span> <span class='ocrx_word' id='word_1_145' title='bbox 1610 1040 1744 1090; x_wconf 89' lang='lat' dir='ltr'>prout</span> <span class='ocrx_word' id='word_1_146' title='bbox 1770 1031 1909 1075; x_wconf 84' lang='lat' dir='ltr'>etiarn</span> <span class='ocrx_word' id='word_1_147' title='bbox 1937 1029 2209 1075; x_wconf 87' lang='lat' dir='ltr'>Aristoteles</span> 
     </span>
     <span class='ocr_line' id='line_1_14' title="bbox 251 1098 2213 1157; baseline -0.002 -13"><span class='ocrx_word' id='word_1_148' title='bbox 251 1101 360 1144; x_wconf 86' lang='lat' dir='ltr'>dicit</span> <span class='ocrx_word' id='word_1_149' title='bbox 383 1100 430 1143; x_wconf 91' lang='lat' dir='ltr'>in</span> <span class='ocrx_word' id='word_1_150' title='bbox 456 1100 590 1144; x_wconf 89' lang='lat' dir='ltr'>tertio</span> <span class='ocrx_word' id='word_1_151' title='bbox 617 1099 688 1143; x_wconf 92' lang='lat' dir='ltr'>De</span> <span class='ocrx_word' id='word_1_152' title='bbox 712 1099 865 1142; x_wconf 89' lang='lat' dir='ltr'>anima</span> <span class='ocrx_word' id='word_1_153' title='bbox 891 1099 942 1156; x_wconf 88' lang='lat' dir='ltr'>(t.</span> <span class='ocrx_word' id='word_1_154' title='bbox 963 1112 1000 1142; x_wconf 94' lang='lat' dir='ltr'>c.</span> <span class='ocrx_word' id='word_1_155' title='bbox 1024 1098 1131 1155; x_wconf 61' lang='lat'>28),</span> <span class='ocrx_word' id='word_1_156' title='bbox 1155 1098 1278 1156; x_wconf 94' lang='lat' dir='ltr'>quod</span> <span class='ocrx_word' id='word_1_157' title='bbox 1297 1098 1463 1142; x_wconf 89' lang='lat' dir='ltr'>sentire</span> <span class='ocrx_word' id='word_1_158' title='bbox 1481 1108 1524 1142; x_wconf 91' lang='lat' dir='ltr'>et</span> <span class='ocrx_word' id='word_1_159' title='bbox 1540 1098 1794 1157; x_wconf 88' lang='lat' dir='ltr'>intelligere</span> <span class='ocrx_word' id='word_1_160' title='bbox 1816 1107 1921 1142; x_wconf 90' lang='lat' dir='ltr'>sunt</span> <span class='ocrx_word' id='word_1_161' title='bbox 1941 1107 2094 1142; x_wconf 89' lang='lat' dir='ltr'>motus</span> <span class='ocrx_word' id='word_1_162' title='bbox 2120 1098 2213 1155; x_wconf 88' lang='lat' dir='ltr'>qui—</span> 
     </span>
     <span class='ocr_line' id='line_1_15' title="bbox 252 1164 2213 1223; baseline -0.002 -12"><span class='ocrx_word' id='word_1_163' title='bbox 252 1168 383 1221; x_wconf 83' lang='lat' dir='ltr'>dam3</span> <span class='ocrx_word' id='word_1_164' title='bbox 411 1167 475 1210; x_wconf 90' lang='lat' dir='ltr'>sic</span> <span class='ocrx_word' id='word_1_165' title='bbox 503 1176 657 1210; x_wconf 90' lang='lat' dir='ltr'>autem</span> <span class='ocrx_word' id='word_1_166' title='bbox 689 1175 842 1209; x_wconf 91' lang='lat' dir='ltr'>motus</span> <span class='ocrx_word' id='word_1_167' title='bbox 875 1178 970 1208; x_wconf 90' lang='lat' dir='ltr'>non</span> <span class='ocrx_word' id='word_1_168' title='bbox 997 1174 1064 1208; x_wconf 88' lang='lat' dir='ltr'>est</span> <span class='ocrx_word' id='word_1_169' title='bbox 1095 1174 1222 1208; x_wconf 85' lang='lat' dir='ltr'>actus</span> <span class='ocrx_word' id='word_1_170' title='bbox 1250 1165 1501 1208; x_wconf 85' lang='lat' dir='ltr'>exsistentis</span> <span class='ocrx_word' id='word_1_171' title='bbox 1533 1165 1579 1208; x_wconf 91' lang='lat' dir='ltr'>in</span> <span class='ocrx_word' id='word_1_172' title='bbox 1605 1165 1823 1223; x_wconf 89' lang='lat' dir='ltr'>potentia,</span> <span class='ocrx_word' id='word_1_173' title='bbox 1853 1164 1934 1209; x_wconf 87' lang='lat' dir='ltr'>sed</span> <span class='ocrx_word' id='word_1_174' title='bbox 1967 1174 2092 1209; x_wconf 87' lang='lat' dir='ltr'>actus</span> <span class='ocrx_word' id='word_1_175' title='bbox 2117 1176 2213 1223; x_wconf 91' lang='lat' dir='ltr'>per-</span> 
     </span>
     <span class='ocr_line' id='line_1_16' title="bbox 248 1230 2212 1291; baseline -0.002 -13"><span class='ocrx_word' id='word_1_176' title='bbox 248 1234 370 1279; x_wconf 90' lang='lat' dir='ltr'>fecti.</span> <span class='ocrx_word' id='word_1_177' title='bbox 398 1234 532 1277; x_wconf 86' lang='lat' dir='ltr'>Unde</span> <span class='ocrx_word' id='word_1_178' title='bbox 551 1247 692 1291; x_wconf 90' lang='lat' dir='ltr'>quum</span> <span class='ocrx_word' id='word_1_179' title='bbox 709 1231 888 1276; x_wconf 77' lang='lat' dir='ltr'>dicebat</span> <span class='ocrx_word' id='word_1_180' title='bbox 905 1231 1110 1275; x_wconf 90' lang='lat' dir='ltr'>animam</span> <span class='ocrx_word' id='word_1_181' title='bbox 1127 1245 1314 1275; x_wconf 84' lang='lat' dir='ltr'>movere</span> <span class='ocrx_word' id='word_1_182' title='bbox 1332 1231 1544 1288; x_wconf 87' lang='lat' dir='ltr'>seipsam,</span> <span class='ocrx_word' id='word_1_183' title='bbox 1563 1231 1824 1275; x_wconf 85' lang='lat' dir='ltr'>intendebat</span> <span class='ocrx_word' id='word_1_184' title='bbox 1849 1245 1929 1290; x_wconf 85' lang='lat' dir='ltr'>per</span> <span class='ocrx_word' id='word_1_185' title='bbox 1949 1231 2040 1275; x_wconf 91' lang='lat' dir='ltr'>hoc</span> <span class='ocrx_word' id='word_1_186' title='bbox 2062 1230 2212 1274; x_wconf 80' lang='lat' dir='ltr'>dicere</span> 
     </span>
     <span class='ocr_line' id='line_1_17' title="bbox 250 1296 2214 1361; baseline -0.003 -16"><span class='ocrx_word' id='word_1_187' title='bbox 250 1302 373 1361; x_wconf 90' lang='lat' dir='ltr'>quod</span> <span class='ocrx_word' id='word_1_188' title='bbox 396 1302 493 1360; x_wconf 90' lang='lat' dir='ltr'>ipsa</span> <span class='ocrx_word' id='word_1_189' title='bbox 520 1310 734 1358; x_wconf 84' lang='lat' dir='ltr'>operatur</span> <span class='ocrx_word' id='word_1_190' title='bbox 761 1299 929 1357; x_wconf 89' lang='lat' dir='ltr'>absque</span> <span class='ocrx_word' id='word_1_191' title='bbox 957 1296 1238 1342; x_wconf 90' lang='lat' dir='ltr'>adminiculo</span> <span class='ocrx_word' id='word_1_192' title='bbox 1266 1298 1485 1356; x_wconf 87' lang='lat' dir='ltr'>corporis,</span> <span class='ocrx_word' id='word_1_193' title='bbox 1513 1312 1536 1341; x_wconf 92' lang='lat' dir='ltr'>e</span> <span class='ocrx_word' id='word_1_194' title='bbox 1565 1298 1795 1342; x_wconf 85' lang='lat' dir='ltr'>contrario</span> <span class='ocrx_word' id='word_1_195' title='bbox 1822 1298 1865 1342; x_wconf 90' lang='lat' dir='ltr'>ei</span> <span class='ocrx_word' id='word_1_196' title='bbox 1901 1297 2023 1357; x_wconf 86' lang='lat' dir='ltr'>quod</span> <span class='ocrx_word' id='word_1_197' title='bbox 2049 1296 2214 1342; x_wconf 84' lang='lat' dir='ltr'>accidit</span> 
     </span>
     <span class='ocr_line' id='line_1_18' title="bbox 246 1363 2214 1425; baseline -0.002 -13"><span class='ocrx_word' id='word_1_198' title='bbox 246 1370 294 1413; x_wconf 88' lang='lat' dir='ltr'>in</span> <span class='ocrx_word' id='word_1_199' title='bbox 321 1368 419 1412; x_wconf 89' lang='lat' dir='ltr'>aliis</span> <span class='ocrx_word' id='word_1_200' title='bbox 446 1366 622 1421; x_wconf 88' lang='lat' dir='ltr'>formis,</span> <span class='ocrx_word' id='word_1_201' title='bbox 650 1380 766 1425; x_wconf 90' lang='lat' dir='ltr'>quae</span> <span class='ocrx_word' id='word_1_202' title='bbox 792 1380 885 1410; x_wconf 91' lang='lat' dir='ltr'>non</span> <span class='ocrx_word' id='word_1_203' title='bbox 905 1374 1047 1424; x_wconf 87' lang='lat' dir='ltr'>agunt</span> <span class='ocrx_word' id='word_1_204' title='bbox 1073 1365 1241 1423; x_wconf 87' lang='lat' dir='ltr'>absque</span> <span class='ocrx_word' id='word_1_205' title='bbox 1264 1365 1478 1419; x_wconf 88' lang='lat' dir='ltr'>materia;</span> <span class='ocrx_word' id='word_1_206' title='bbox 1505 1379 1599 1409; x_wconf 92' lang='lat' dir='ltr'>non</span> <span class='ocrx_word' id='word_1_207' title='bbox 1617 1365 1741 1409; x_wconf 89' lang='lat' dir='ltr'>enim</span> <span class='ocrx_word' id='word_1_208' title='bbox 1769 1363 1895 1409; x_wconf 88' lang='lat' dir='ltr'>calor</span> <span class='ocrx_word' id='word_1_209' title='bbox 1921 1363 2130 1408; x_wconf 80' lang='lat' dir='ltr'>calefacit</span> <span class='ocrx_word' id='word_1_210' title='bbox 2149 1378 2214 1408; x_wconf 88' lang='lat' dir='ltr'>se-</span> 
     </span>
     <span class='ocr_line' id='line_1_19' title="bbox 248 1431 2214 1495; baseline -0.003 -15"><span class='ocrx_word' id='word_1_211' title='bbox 248 1436 459 1495; x_wconf 88' lang='lat' dir='ltr'>paratim,</span> <span class='ocrx_word' id='word_1_212' title='bbox 486 1435 564 1480; x_wconf 91' lang='lat' dir='ltr'>sed</span> <span class='ocrx_word' id='word_1_213' title='bbox 588 1434 814 1488; x_wconf 89' lang='lat' dir='ltr'>calidum;</span> <span class='ocrx_word' id='word_1_214' title='bbox 843 1448 895 1478; x_wconf 84' lang='lat' dir='ltr'>ex</span> <span class='ocrx_word' id='word_1_215' title='bbox 923 1448 1013 1493; x_wconf 92' lang='lat' dir='ltr'>quo</span> <span class='ocrx_word' id='word_1_216' title='bbox 1040 1432 1225 1477; x_wconf 85' lang='lat' dir='ltr'>volebat</span> <span class='ocrx_word' id='word_1_217' title='bbox 1251 1432 1526 1476; x_wconf 88' lang='lat' dir='ltr'>concludere</span> <span class='ocrx_word' id='word_1_218' title='bbox 1554 1447 1743 1477; x_wconf 89' lang='lat' dir='ltr'>omnem</span> <span class='ocrx_word' id='word_1_219' title='bbox 1771 1432 1974 1476; x_wconf 85' lang='lat' dir='ltr'>animam</span> <span class='ocrx_word' id='word_1_220' title='bbox 1990 1431 2214 1476; x_wconf 86' lang='lat' dir='ltr'>motivam</span> 
     </span>
     <span class='ocr_line' id='line_1_20' title="bbox 250 1498 2215 1560; baseline -0.002 -13"><span class='ocrx_word' id='word_1_221' title='bbox 250 1517 348 1547; x_wconf 91' lang='lat' dir='ltr'>esse</span> <span class='ocrx_word' id='word_1_222' title='bbox 374 1501 717 1556; x_wconf 89' lang='lat' dir='ltr'>immortalem;</span> <span class='ocrx_word' id='word_1_223' title='bbox 744 1515 852 1545; x_wconf 91' lang='lat' dir='ltr'>nam</span> <span class='ocrx_word' id='word_1_224' title='bbox 879 1500 1002 1560; x_wconf 90' lang='lat' dir='ltr'>quod</span> <span class='ocrx_word' id='word_1_225' title='bbox 1028 1515 1110 1560; x_wconf 93' lang='lat' dir='ltr'>per</span> <span class='ocrx_word' id='word_1_226' title='bbox 1136 1515 1183 1545; x_wconf 91' lang='lat' dir='ltr'>se</span> <span class='ocrx_word' id='word_1_227' title='bbox 1205 1500 1343 1544; x_wconf 88' lang='lat' dir='ltr'>habet</span> <span class='ocrx_word' id='word_1_228' title='bbox 1375 1499 1705 1559; x_wconf 87' lang='lat' dir='ltr'>operationem,</span> <span class='ocrx_word' id='word_1_229' title='bbox 1733 1510 1778 1544; x_wconf 90' lang='lat' dir='ltr'>et</span> <span class='ocrx_word' id='word_1_230' title='bbox 1802 1513 1882 1558; x_wconf 90' lang='lat' dir='ltr'>per</span> <span class='ocrx_word' id='word_1_231' title='bbox 1907 1513 1955 1544; x_wconf 86' lang='lat' dir='ltr'>se</span> <span class='ocrx_word' id='word_1_232' title='bbox 1988 1498 2215 1544; x_wconf 83' lang='lat' dir='ltr'>exsisten-</span> 
     </span>
     <span class='ocr_line' id='line_1_21' title="bbox 247 1570 752 1628; baseline -0.004 -14"><span class='ocrx_word' id='word_1_233' title='bbox 247 1571 360 1615; x_wconf 87' lang='lat' dir='ltr'>tiam</span> <span class='ocrx_word' id='word_1_234' title='bbox 391 1570 561 1614; x_wconf 90' lang='lat' dir='ltr'>habere</span> <span class='ocrx_word' id='word_1_235' title='bbox 589 1578 752 1628; x_wconf 90' lang='lat' dir='ltr'>potest.</span> 
     </span>
    </p>

    <p class='ocr_par' dir='ltr' id='par_1_3' title="bbox 246 1632 2230 1949">
     <span class='ocr_line' id='line_1_22' title="bbox 342 1632 2214 1695; baseline -0.002 -14"><span class='ocrx_word' id='word_1_236' title='bbox 342 1637 433 1681; x_wconf 89' lang='lat' dir='ltr'>Sed</span> <span class='ocrx_word' id='word_1_237' title='bbox 458 1638 551 1695; x_wconf 87' lang='lat' dir='ltr'>jam</span> <span class='ocrx_word' id='word_1_238' title='bbox 579 1647 815 1680; x_wconf 90' lang='lat' dir='ltr'>ostensum</span> <span class='ocrx_word' id='word_1_239' title='bbox 842 1643 909 1679; x_wconf 90' lang='lat' dir='ltr'>est</span> <span class='ocrx_word' id='word_1_240' title='bbox 941 1634 1064 1693; x_wconf 90' lang='lat' dir='ltr'>quod</span> <span class='ocrx_word' id='word_1_241' title='bbox 1099 1634 1304 1693; x_wconf 87' lang='lat' dir='ltr'>operatio</span> <span class='ocrx_word' id='word_1_242' title='bbox 1338 1635 1517 1678; x_wconf 88' lang='lat' dir='ltr'>animae</span> <span class='ocrx_word' id='word_1_243' title='bbox 1549 1633 1750 1692; x_wconf 80' lang='lat' dir='ltr'>brutalis,</span> <span class='ocrx_word' id='word_1_244' title='bbox 1786 1647 1902 1694; x_wconf 89' lang='lat' dir='ltr'>quae</span> <span class='ocrx_word' id='word_1_245' title='bbox 1936 1643 2005 1678; x_wconf 90' lang='lat' dir='ltr'>est</span> <span class='ocrx_word' id='word_1_246' title='bbox 2033 1632 2214 1687; x_wconf 85' lang='lat' dir='ltr'>sentire,</span> 
     </span>
     <span class='ocr_line' id='line_1_23' title="bbox 251 1699 2215 1763; baseline -0.002 -15"><span class='ocrx_word' id='word_1_247' title='bbox 251 1718 344 1748; x_wconf 91' lang='lat' dir='ltr'>non</span> <span class='ocrx_word' id='word_1_248' title='bbox 371 1713 522 1763; x_wconf 90' lang='lat' dir='ltr'>potest</span> <span class='ocrx_word' id='word_1_249' title='bbox 548 1717 646 1748; x_wconf 89' lang='lat' dir='ltr'>esse</span> <span class='ocrx_word' id='word_1_250' title='bbox 673 1703 770 1747; x_wconf 90' lang='lat' dir='ltr'>sine</span> <span class='ocrx_word' id='word_1_251' title='bbox 798 1716 1006 1761; x_wconf 86' lang='lat' dir='ltr'>corpore.</span> <span class='ocrx_word' id='word_1_252' title='bbox 1028 1700 1176 1745; x_wconf 92' lang='lat' dir='ltr'>Multo</span> <span class='ocrx_word' id='word_1_253' title='bbox 1201 1711 1354 1745; x_wconf 90' lang='lat' dir='ltr'>autem</span> <span class='ocrx_word' id='word_1_254' title='bbox 1382 1701 1529 1759; x_wconf 87' lang='lat' dir='ltr'>magis</span> <span class='ocrx_word' id='word_1_255' title='bbox 1555 1701 1647 1745; x_wconf 92' lang='lat' dir='ltr'>hoc</span> <span class='ocrx_word' id='word_1_256' title='bbox 1676 1711 1862 1760; x_wconf 88' lang='lat' dir='ltr'>apparet</span> <span class='ocrx_word' id='word_1_257' title='bbox 1885 1701 1933 1745; x_wconf 89' lang='lat' dir='ltr'>in</span> <span class='ocrx_word' id='word_1_258' title='bbox 1949 1699 2215 1760; x_wconf 86' lang='lat' dir='ltr'>operatione</span> 
     </span>
     <span class='ocr_line' id='line_1_24' title="bbox 253 1767 2230 1830; baseline -0.002 -15"><span class='ocrx_word' id='word_1_259' title='bbox 253 1772 363 1829; x_wconf 86' lang='lat' dir='ltr'>ejus,</span> <span class='ocrx_word' id='word_1_260' title='bbox 391 1771 513 1830; x_wconf 93' lang='lat' dir='ltr'>quod</span> <span class='ocrx_word' id='word_1_261' title='bbox 540 1780 607 1814; x_wconf 91' lang='lat' dir='ltr'>est</span> <span class='ocrx_word' id='word_1_262' title='bbox 634 1779 874 1828; x_wconf 83' lang='lat' dir='ltr'>appetere3</span> <span class='ocrx_word' id='word_1_263' title='bbox 900 1782 1010 1812; x_wconf 83' lang='lat' dir='ltr'>nam</span> <span class='ocrx_word' id='word_1_264' title='bbox 1037 1767 1194 1811; x_wconf 82' lang='lat' dir='ltr'>omnia</span> <span class='ocrx_word' id='word_1_265' title='bbox 1221 1782 1336 1826; x_wconf 90' lang='lat' dir='ltr'>quae</span> <span class='ocrx_word' id='word_1_266' title='bbox 1361 1768 1416 1811; x_wconf 89' lang='lat' dir='ltr'>ad</span> <span class='ocrx_word' id='word_1_267' title='bbox 1435 1768 1684 1826; x_wconf 88' lang='lat' dir='ltr'>appetitum</span> <span class='ocrx_word' id='word_1_268' title='bbox 1707 1768 1951 1812; x_wconf 86' lang='lat' dir='ltr'>sensitivae</span> <span class='ocrx_word' id='word_1_269' title='bbox 1967 1767 2105 1827; x_wconf 87' lang='lat' dir='ltr'>partis</span> <span class='ocrx_word' id='word_1_270' title='bbox 2120 1780 2230 1827; x_wconf 50' lang='lat' dir='ltr'>perr</span> 
     </span>
     <span class='ocr_line' id='line_1_25' title="bbox 246 1834 2215 1894; baseline -0.002 -12"><span class='ocrx_word' id='word_1_271' title='bbox 246 1839 406 1892; x_wconf 85' lang='lat' dir='ltr'>tinent,</span> <span class='ocrx_word' id='word_1_272' title='bbox 433 1836 670 1881; x_wconf 89' lang='lat' dir='ltr'>manifeste</span> <span class='ocrx_word' id='word_1_273' title='bbox 705 1850 811 1880; x_wconf 90' lang='lat' dir='ltr'>cum</span> <span class='ocrx_word' id='word_1_274' title='bbox 843 1837 1223 1879; x_wconf 87' lang='lat' dir='ltr'>transmutatione</span> <span class='ocrx_word' id='word_1_275' title='bbox 1266 1834 1417 1893; x_wconf 89' lang='lat' dir='ltr'>aliqua</span> <span class='ocrx_word' id='word_1_276' title='bbox 1451 1836 1654 1894; x_wconf 89' lang='lat' dir='ltr'>corporis</span> <span class='ocrx_word' id='word_1_277' title='bbox 1685 1834 1827 1889; x_wconf 90' lang='lat' dir='ltr'>fiunt;</span> <span class='ocrx_word' id='word_1_278' title='bbox 1867 1835 1988 1879; x_wconf 88' lang='lat' dir='ltr'>unde</span> <span class='ocrx_word' id='word_1_279' title='bbox 2026 1844 2072 1879; x_wconf 90' lang='lat' dir='ltr'>et</span> <span class='ocrx_word' id='word_1_280' title='bbox 2113 1848 2215 1893; x_wconf 88' lang='lat' dir='ltr'>pas-</span> 
     </span>
     <span class='ocr_line' id='line_1_26' title="bbox 250 1903 2088 1949; baseline -0.003 0"><span class='ocrx_word' id='word_1_281' title='bbox 250 1905 402 1949; x_wconf 87' lang='lat' dir='ltr'>siones</span> <span class='ocrx_word' id='word_1_282' title='bbox 430 1904 612 1948; x_wconf 90' lang='lat' dir='ltr'>animae</span> <span class='ocrx_word' id='word_1_283' title='bbox 645 1903 868 1947; x_wconf 91' lang='lat' dir='ltr'>dicuntur.</span> <span class='ocrx_word' id='word_1_284' title='bbox 2083 1940 2088 1943; x_wconf 87' lang='lat'>.</span> 
     </span>
    </p>

    <p class='ocr_par' dir='ltr' id='par_1_4' title="bbox 251 1967 2221 2433">
     <span class='ocr_line' id='line_1_27' title="bbox 342 1967 2218 2031; baseline -0.002 -16"><span class='ocrx_word' id='word_1_285' title='bbox 342 1973 408 2015; x_wconf 83' lang='lat' dir='ltr'>Ex</span> <span class='ocrx_word' id='word_1_286' title='bbox 441 1972 602 2031; x_wconf 90' lang='lat' dir='ltr'>quibus</span> <span class='ocrx_word' id='word_1_287' title='bbox 638 1971 840 2029; x_wconf 91' lang='lat' dir='ltr'>sequitur</span> <span class='ocrx_word' id='word_1_288' title='bbox 866 1969 988 2029; x_wconf 89' lang='lat' dir='ltr'>quod</span> <span class='ocrx_word' id='word_1_289' title='bbox 1020 1983 1105 2013; x_wconf 93' lang='lat' dir='ltr'>nec</span> <span class='ocrx_word' id='word_1_290' title='bbox 1131 1969 1283 2028; x_wconf 89' lang='lat' dir='ltr'>ipsum</span> <span class='ocrx_word' id='word_1_291' title='bbox 1318 1982 1503 2013; x_wconf 88' lang='lat' dir='ltr'>movere</span> <span class='ocrx_word' id='word_1_292' title='bbox 1539 1968 1596 2012; x_wconf 87' lang='lat' dir='ltr'>sit</span> <span class='ocrx_word' id='word_1_293' title='bbox 1629 1969 1836 2028; x_wconf 89' lang='lat' dir='ltr'>operatio</span> <span class='ocrx_word' id='word_1_294' title='bbox 1871 1969 2051 2013; x_wconf 88' lang='lat' dir='ltr'>animae</span> <span class='ocrx_word' id='word_1_295' title='bbox 2080 1967 2218 2013; x_wconf 85' lang='lat' dir='ltr'>sensi-</span> 
     </span>
     <span class='ocr_line' id='line_1_28' title="bbox 253 2035 2219 2097; baseline -0.002 -14"><span class='ocrx_word' id='word_1_296' title='bbox 253 2042 372 2084; x_wconf 87' lang='lat' dir='ltr'>tivae</span> <span class='ocrx_word' id='word_1_297' title='bbox 400 2039 568 2097; x_wconf 88' lang='lat' dir='ltr'>absque</span> <span class='ocrx_word' id='word_1_298' title='bbox 595 2051 787 2095; x_wconf 90' lang='lat' dir='ltr'>organo.</span> <span class='ocrx_word' id='word_1_299' title='bbox 812 2037 921 2081; x_wconf 91' lang='lat' dir='ltr'>Non</span> <span class='ocrx_word' id='word_1_300' title='bbox 944 2037 1066 2081; x_wconf 89' lang='lat' dir='ltr'>enim</span> <span class='ocrx_word' id='word_1_301' title='bbox 1089 2045 1247 2079; x_wconf 88' lang='lat' dir='ltr'>movet</span> <span class='ocrx_word' id='word_1_302' title='bbox 1273 2037 1426 2079; x_wconf 88' lang='lat' dir='ltr'>anima</span> <span class='ocrx_word' id='word_1_303' title='bbox 1451 2035 1638 2080; x_wconf 89' lang='lat' dir='ltr'>brutalis</span> <span class='ocrx_word' id='word_1_304' title='bbox 1664 2037 1753 2080; x_wconf 89' lang='lat' dir='ltr'>nisi</span> <span class='ocrx_word' id='word_1_305' title='bbox 1773 2050 1854 2095; x_wconf 91' lang='lat' dir='ltr'>per</span> <span class='ocrx_word' id='word_1_306' title='bbox 1875 2049 2060 2080; x_wconf 86' lang='lat' dir='ltr'>sensum</span> <span class='ocrx_word' id='word_1_307' title='bbox 2082 2045 2219 2095; x_wconf 72' lang='lat' dir='ltr'>etap-</span> 
     </span>
     <span class='ocr_line' id='line_1_29' title="bbox 252 2102 2220 2166; baseline -0.002 -15"><span class='ocrx_word' id='word_1_308' title='bbox 252 2107 469 2166; x_wconf 88' lang='lat' dir='ltr'>petitum;</span> <span class='ocrx_word' id='word_1_309' title='bbox 496 2121 604 2150; x_wconf 92' lang='lat' dir='ltr'>nam</span> <span class='ocrx_word' id='word_1_310' title='bbox 628 2106 769 2149; x_wconf 86' lang='lat' dir='ltr'>virtus</span> <span class='ocrx_word' id='word_1_311' title='bbox 797 2119 913 2163; x_wconf 92' lang='lat' dir='ltr'>quae</span> <span class='ocrx_word' id='word_1_312' title='bbox 941 2104 1104 2148; x_wconf 85' lang='lat' dir='ltr'>dicitur</span> <span class='ocrx_word' id='word_1_313' title='bbox 1130 2118 1381 2161; x_wconf 82' lang='lat' dir='ltr'>exsequens</span> <span class='ocrx_word' id='word_1_314' title='bbox 1409 2113 1588 2147; x_wconf 87' lang='lat' dir='ltr'>motum</span> <span class='ocrx_word' id='word_1_315' title='bbox 1614 2102 1723 2147; x_wconf 90' lang='lat' dir='ltr'>facit</span> <span class='ocrx_word' id='word_1_316' title='bbox 1747 2104 1957 2149; x_wconf 88' lang='lat' dir='ltr'>membra</span> <span class='ocrx_word' id='word_1_317' title='bbox 1989 2117 2088 2148; x_wconf 86' lang='lat' dir='ltr'>esse</span> <span class='ocrx_word' id='word_1_318' title='bbox 2115 2103 2220 2148; x_wconf 88' lang='lat' dir='ltr'>obe-</span> 
     </span>
     <span class='ocr_line' id='line_1_30' title="bbox 254 2169 2219 2231; baseline -0.002 -14"><span class='ocrx_word' id='word_1_319' title='bbox 254 2174 422 2218; x_wconf 87' lang='lat' dir='ltr'>dientia</span> <span class='ocrx_word' id='word_1_320' title='bbox 457 2172 652 2231; x_wconf 89' lang='lat' dir='ltr'>imperio</span> <span class='ocrx_word' id='word_1_321' title='bbox 690 2172 936 2230; x_wconf 88' lang='lat' dir='ltr'>appetitus;</span> <span class='ocrx_word' id='word_1_322' title='bbox 971 2170 1091 2214; x_wconf 90' lang='lat' dir='ltr'>unde</span> <span class='ocrx_word' id='word_1_323' title='bbox 1126 2170 1274 2228; x_wconf 86' lang='lat' dir='ltr'>magis</span> <span class='ocrx_word' id='word_1_324' title='bbox 1307 2180 1411 2214; x_wconf 90' lang='lat' dir='ltr'>sunt</span> <span class='ocrx_word' id='word_1_325' title='bbox 1436 2170 1625 2214; x_wconf 89' lang='lat' dir='ltr'>virtutes</span> <span class='ocrx_word' id='word_1_326' title='bbox 1657 2170 1944 2228; x_wconf 85' lang='lat' dir='ltr'>perficientes</span> <span class='ocrx_word' id='word_1_327' title='bbox 1970 2184 2137 2230; x_wconf 88' lang='lat' dir='ltr'>corpus</span> <span class='ocrx_word' id='word_1_328' title='bbox 2163 2169 2219 2214; x_wconf 86' lang='lat' dir='ltr'>acl</span> 
     </span>
     <span class='ocr_line' id='line_1_31' title="bbox 257 2237 2220 2298; baseline -0.002 -14"><span class='ocrx_word' id='word_1_329' title='bbox 257 2242 449 2294; x_wconf 72' lang='lat' dir='ltr'>moveri,</span> <span class='ocrx_word' id='word_1_330' title='bbox 473 2254 612 2298; x_wconf 90' lang='lat' dir='ltr'>quam</span> <span class='ocrx_word' id='word_1_331' title='bbox 630 2241 817 2283; x_wconf 90' lang='lat' dir='ltr'>virtutes</span> <span class='ocrx_word' id='word_1_332' title='bbox 840 2248 1094 2282; x_wconf 90' lang='lat' dir='ltr'>moventes.</span> <span class='ocrx_word' id='word_1_333' title='bbox 1124 2237 1199 2280; x_wconf 87' lang='lat' dir='ltr'>Sic</span> <span class='ocrx_word' id='word_1_334' title='bbox 1227 2237 1363 2295; x_wconf 88' lang='lat' dir='ltr'>igitur</span> <span class='ocrx_word' id='word_1_335' title='bbox 1388 2245 1511 2295; x_wconf 89' lang='lat' dir='ltr'>patet</span> <span class='ocrx_word' id='word_1_336' title='bbox 1528 2237 1650 2296; x_wconf 92' lang='lat' dir='ltr'>quod</span> <span class='ocrx_word' id='word_1_337' title='bbox 1667 2237 1793 2281; x_wconf 88' lang='lat' dir='ltr'>nulla</span> <span class='ocrx_word' id='word_1_338' title='bbox 1809 2237 2016 2297; x_wconf 85' lang='lat' dir='ltr'>operatio</span> <span class='ocrx_word' id='word_1_339' title='bbox 2039 2237 2220 2282; x_wconf 84' lang='lat' dir='ltr'>animae</span> 
     </span>
     <span class='ocr_line' id='line_1_32' title="bbox 254 2303 2221 2365; baseline -0.002 -14"><span class='ocrx_word' id='word_1_340' title='bbox 254 2307 441 2351; x_wconf 85' lang='lat' dir='ltr'>brutalis</span> <span class='ocrx_word' id='word_1_341' title='bbox 468 2316 617 2365; x_wconf 82' lang='lat' dir='ltr'>potest</span> <span class='ocrx_word' id='word_1_342' title='bbox 652 2320 750 2350; x_wconf 90' lang='lat' dir='ltr'>esse</span> <span class='ocrx_word' id='word_1_343' title='bbox 777 2306 945 2364; x_wconf 89' lang='lat' dir='ltr'>absque</span> <span class='ocrx_word' id='word_1_344' title='bbox 977 2318 1195 2363; x_wconf 85' lang='lat' dir='ltr'>corpore3</span> <span class='ocrx_word' id='word_1_345' title='bbox 1223 2318 1278 2347; x_wconf 82' lang='lat' dir='ltr'>ex</span> <span class='ocrx_word' id='word_1_346' title='bbox 1310 2318 1401 2363; x_wconf 93' lang='lat' dir='ltr'>quo</span> <span class='ocrx_word' id='word_1_347' title='bbox 1437 2305 1492 2348; x_wconf 92' lang='lat' dir='ltr'>de</span> <span class='ocrx_word' id='word_1_348' title='bbox 1519 2305 1791 2350; x_wconf 88' lang='lat' dir='ltr'>necessitate</span> <span class='ocrx_word' id='word_1_349' title='bbox 1824 2303 2040 2349; x_wconf 87' lang='lat' dir='ltr'>concludi</span> <span class='ocrx_word' id='word_1_350' title='bbox 2069 2313 2221 2364; x_wconf 83' lang='lat' dir='ltr'>potest</span> 
     </span>
     <span class='ocr_line' id='line_1_33' title="bbox 251 2371 1361 2433; baseline -0.004 -15"><span class='ocrx_word' id='word_1_351' title='bbox 251 2375 378 2433; x_wconf 92' lang='lat' dir='ltr'>quod</span> <span class='ocrx_word' id='word_1_352' title='bbox 412 2374 566 2418; x_wconf 89' lang='lat' dir='ltr'>anima</span> <span class='ocrx_word' id='word_1_353' title='bbox 591 2372 777 2418; x_wconf 87' lang='lat' dir='ltr'>brutalis</span> <span class='ocrx_word' id='word_1_354' title='bbox 806 2387 912 2417; x_wconf 90' lang='lat' dir='ltr'>curn</span> <span class='ocrx_word' id='word_1_355' title='bbox 940 2385 1131 2430; x_wconf 90' lang='lat' dir='ltr'>corpore</span> <span class='ocrx_word' id='word_1_356' title='bbox 1157 2371 1361 2415; x_wconf 90' lang='lat' dir='ltr'>intereat.</span> 
     </span>
    </p>
   </div>
   <div class='ocr_carea' id='block_1_3' title="bbox 924 2527 1538 2585">
    <p class='ocr_par' dir='ltr' id='par_1_5' title="bbox 924 2527 1538 2585">
     <span class='ocr_line' id='line_1_34' title="bbox 924 2527 1538 2585; baseline -0.005 0"><span class='ocrx_word' id='word_1_357' title='bbox 924 2527 1179 2585; x_wconf 92' lang='lat' dir='ltr'><strong>CAPUT</strong></span> <span class='ocrx_word' id='word_1_358' title='bbox 1223 2527 1538 2583; x_wconf 90' lang='lat' dir='ltr'>LXXXIII.</span> 
     </span>
    </p>
   </div>
   <div class='ocr_carea' id='block_1_4' title="bbox 457 2654 2016 2769">
    <p class='ocr_par' dir='ltr' id='par_1_6' title="bbox 457 2654 2016 2769">
     <span class='ocr_line' id='line_1_35' title="bbox 457 2654 2016 2707; baseline -0.001 -11"><span class='ocrx_word' id='word_1_359' title='bbox 457 2656 615 2704; x_wconf 87' lang='lat' dir='ltr'><strong>QUOD</strong></span> <span class='ocrx_word' id='word_1_360' title='bbox 657 2656 831 2697; x_wconf 87' lang='lat' dir='ltr'>ANIMA</span> <span class='ocrx_word' id='word_1_361' title='bbox 871 2655 1104 2696; x_wconf 89' lang='lat' dir='ltr'>HUMANA</span> <span class='ocrx_word' id='word_1_362' title='bbox 1142 2655 1261 2696; x_wconf 94' lang='lat' dir='ltr'>NON</span> <span class='ocrx_word' id='word_1_363' title='bbox 1301 2655 1543 2695; x_wconf 91' lang='lat' dir='ltr'>INCIPIAT</span> <span class='ocrx_word' id='word_1_364' title='bbox 1585 2654 1701 2693; x_wconf 89' lang='lat' dir='ltr'>CUM</span> <span class='ocrx_word' id='word_1_365' title='bbox 1742 2654 2016 2707; x_wconf 85' lang='lat' dir='ltr'>CORPORE,</span> 
     </span>
     <span class='ocr_line' id='line_1_36' title="bbox 861 2730 1624 2769; baseline -0.003 0"><span class='ocrx_word' id='word_1_366' title='bbox 861 2732 961 2769; x_wconf 92' lang='lat' dir='ltr'>SED</span> <span class='ocrx_word' id='word_1_367' title='bbox 1002 2731 1201 2768; x_wconf 92' lang='lat' dir='ltr'>FUERIT</span> <span class='ocrx_word' id='word_1_368' title='bbox 1242 2730 1309 2768; x_wconf 89' lang='lat' dir='ltr'>AB</span> <span class='ocrx_word' id='word_1_369' title='bbox 1349 2730 1624 2769; x_wconf 86' lang='lat' dir='ltr'>AETERNO.</span> 
     </span>
    </p>
   </div>
   <div class='ocr_carea' id='block_1_5' title="bbox 253 2838 2222 3634">
    <p class='ocr_par' dir='ltr' id='par_1_7' title="bbox 253 2838 2222 3096">
     <span class='ocr_line' id='line_1_37' title="bbox 345 2838 2222 2901; baseline -0.001 -15"><span class='ocrx_word' id='word_1_370' title='bbox 345 2843 436 2887; x_wconf 92' lang='lat' dir='ltr'>Sed</span> <span class='ocrx_word' id='word_1_371' title='bbox 469 2842 573 2901; x_wconf 90' lang='lat' dir='ltr'>quia</span> <span class='ocrx_word' id='word_1_372' title='bbox 607 2841 796 2886; x_wconf 88' lang='lat' dir='ltr'>eaedem</span> <span class='ocrx_word' id='word_1_373' title='bbox 833 2855 903 2886; x_wconf 91' lang='lat' dir='ltr'>res</span> <span class='ocrx_word' id='word_1_374' title='bbox 930 2841 1221 2885; x_wconf 88' lang='lat' dir='ltr'>inveniuntur</span> <span class='ocrx_word' id='word_1_375' title='bbox 1247 2850 1292 2884; x_wconf 87' lang='lat' dir='ltr'>et</span> <span class='ocrx_word' id='word_1_376' title='bbox 1324 2854 1422 2884; x_wconf 91' lang='lat' dir='ltr'>esse</span> <span class='ocrx_word' id='word_1_377' title='bbox 1448 2840 1648 2897; x_wconf 90' lang='lat' dir='ltr'>incipere</span> <span class='ocrx_word' id='word_1_378' title='bbox 1683 2850 1726 2883; x_wconf 90' lang='lat' dir='ltr'>et</span> <span class='ocrx_word' id='word_1_379' title='bbox 1758 2839 1898 2884; x_wconf 86' lang='lat' dir='ltr'>finem</span> <span class='ocrx_word' id='word_1_380' title='bbox 1934 2839 2114 2885; x_wconf 86' lang='lat' dir='ltr'>essendi</span> <span class='ocrx_word' id='word_1_381' title='bbox 2145 2838 2222 2884; x_wconf 85' lang='lat' dir='ltr'>ha·</span> 
     </span>
     <span class='ocr_line' id='line_1_38' title="bbox 253 2904 2221 2968; baseline -0.002 -14"><span class='ocrx_word' id='word_1_382' title='bbox 253 2911 375 2964; x_wconf 89' lang='lat' dir='ltr'>bere,</span> <span class='ocrx_word' id='word_1_383' title='bbox 408 2919 557 2968; x_wconf 89' lang='lat' dir='ltr'>potest</span> <span class='ocrx_word' id='word_1_384' title='bbox 593 2908 730 2952; x_wconf 88' lang='lat' dir='ltr'>alicui</span> <span class='ocrx_word' id='word_1_385' title='bbox 760 2908 904 2953; x_wconf 81' lang='lat' dir='ltr'>videri</span> <span class='ocrx_word' id='word_1_386' title='bbox 937 2908 1074 2967; x_wconf 89' lang='lat' dir='ltr'>quod,</span> <span class='ocrx_word' id='word_1_387' title='bbox 1108 2921 1163 2951; x_wconf 85' lang='lat' dir='ltr'>ex</span> <span class='ocrx_word' id='word_1_388' title='bbox 1189 2921 1280 2962; x_wconf 91' lang='lat' dir='ltr'>quo</span> <span class='ocrx_word' id='word_1_389' title='bbox 1314 2909 1468 2948; x_wconf 88' lang='lat' dir='ltr'>anima</span> <span class='ocrx_word' id='word_1_390' title='bbox 1499 2904 1703 2949; x_wconf 88' lang='lat' dir='ltr'>humana</span> <span class='ocrx_word' id='word_1_391' title='bbox 1739 2905 1880 2950; x_wconf 84' lang='lat' dir='ltr'>finem</span> <span class='ocrx_word' id='word_1_392' title='bbox 1915 2906 2094 2951; x_wconf 84' lang='lat' dir='ltr'>essendi</span> <span class='ocrx_word' id='word_1_393' title='bbox 2125 2920 2221 2952; x_wconf 90' lang='lat' dir='ltr'>non</span> 
     </span>
     <span class='ocr_line' id='line_1_39' title="bbox 253 2969 2222 3034; baseline -0.001 -15"><span class='ocrx_word' id='word_1_394' title='bbox 253 2976 405 3030; x_wconf 89' lang='lat' dir='ltr'>habet,</span> <span class='ocrx_word' id='word_1_395' title='bbox 437 2989 522 3019; x_wconf 91' lang='lat' dir='ltr'>nec</span> <span class='ocrx_word' id='word_1_396' title='bbox 549 2974 821 3034; x_wconf 87' lang='lat' dir='ltr'>principium</span> <span class='ocrx_word' id='word_1_397' title='bbox 849 2971 1026 3013; x_wconf 81' lang='lat' dir='ltr'>essendi</span> <span class='ocrx_word' id='word_1_398' title='bbox 1051 2970 1272 3023; x_wconf 85' lang='lat' dir='ltr'>habuerit,</span> <span class='ocrx_word' id='word_1_399' title='bbox 1300 2970 1377 3015; x_wconf 90' lang='lat' dir='ltr'>sed</span> <span class='ocrx_word' id='word_1_400' title='bbox 1405 2969 1538 3015; x_wconf 90' lang='lat' dir='ltr'>fuerit</span> <span class='ocrx_word' id='word_1_401' title='bbox 1562 2986 1764 3030; x_wconf 89' lang='lat' dir='ltr'>semper:</span> <span class='ocrx_word' id='word_1_402' title='bbox 1801 2973 1924 3032; x_wconf 89' lang='lat' dir='ltr'>quod</span> <span class='ocrx_word' id='word_1_403' title='bbox 1955 2972 2140 3032; x_wconf 87' lang='lat' dir='ltr'>quidem</span> <span class='ocrx_word' id='word_1_404' title='bbox 2160 2971 2222 3016; x_wconf 91' lang='lat' dir='ltr'>vi-</span> 
     </span>
     <span class='ocr_line' id='line_1_40' title="bbox 256 3037 1135 3096; baseline 0 -15"><span class='ocrx_word' id='word_1_405' title='bbox 256 3044 387 3084; x_wconf 77' lang='lat' dir='ltr'>detur</span> <span class='ocrx_word' id='word_1_406' title='bbox 413 3043 483 3081; x_wconf 87' lang='lat' dir='ltr'>his</span> <span class='ocrx_word' id='word_1_407' title='bbox 509 3037 759 3081; x_wconf 88' lang='lat' dir='ltr'>rationibus</span> <span class='ocrx_word' id='word_1_408' title='bbox 785 3051 920 3095; x_wconf 90' lang='lat' dir='ltr'>posse</span> <span class='ocrx_word' id='word_1_409' title='bbox 942 3037 1135 3096; x_wconf 89' lang='lat' dir='ltr'>probari.</span> 
     </span>
    </p>

    <p class='ocr_par' dir='ltr' id='par_1_8' title="bbox 255 3103 2221 3432">
     <span class='ocr_line' id='line_1_41' title="bbox 346 3103 2220 3166; baseline 0.002 -19"><span class='ocrx_word' id='word_1_410' title='bbox 346 3104 468 3148; x_wconf 88' lang='lat' dir='ltr'>Nam</span> <span class='ocrx_word' id='word_1_411' title='bbox 494 3104 539 3147; x_wconf 92' lang='lat' dir='ltr'>id</span> <span class='ocrx_word' id='word_1_412' title='bbox 562 3104 684 3163; x_wconf 86' lang='lat' dir='ltr'>quod</span> <span class='ocrx_word' id='word_1_413' title='bbox 702 3118 936 3162; x_wconf 89' lang='lat' dir='ltr'>nunquam</span> <span class='ocrx_word' id='word_1_414' title='bbox 970 3118 1068 3148; x_wconf 88' lang='lat' dir='ltr'>esse</span> <span class='ocrx_word' id='word_1_415' title='bbox 1095 3103 1270 3148; x_wconf 90' lang='lat' dir='ltr'>desinet</span> <span class='ocrx_word' id='word_1_416' title='bbox 1300 3104 1438 3149; x_wconf 89' lang='lat' dir='ltr'>habet</span> <span class='ocrx_word' id='word_1_417' title='bbox 1464 3105 1677 3150; x_wconf 89' lang='lat' dir='ltr'>virtutem</span> <span class='ocrx_word' id='word_1_418' title='bbox 1704 3115 1753 3150; x_wconf 90' lang='lat' dir='ltr'>ut</span> <span class='ocrx_word' id='word_1_419' title='bbox 1777 3105 1835 3150; x_wconf 90' lang='lat' dir='ltr'>sit</span> <span class='ocrx_word' id='word_1_420' title='bbox 1858 3119 2052 3166; x_wconf 78' lang='lat' dir='ltr'>semper.</span> <span class='ocrx_word' id='word_1_421' title='bbox 2079 3105 2220 3159; x_wconf 88' lang='lat' dir='ltr'>Quod</span> 
     </span>
     <span class='ocr_line' id='line_1_42' title="bbox 259 3171 2220 3230; baseline 0.001 -15"><span class='ocrx_word' id='word_1_422' title='bbox 259 3181 411 3216; x_wconf 89' lang='lat' dir='ltr'>autem</span> <span class='ocrx_word' id='word_1_423' title='bbox 439 3171 577 3215; x_wconf 87' lang='lat' dir='ltr'>habet</span> <span class='ocrx_word' id='word_1_424' title='bbox 600 3173 814 3215; x_wconf 86' lang='lat' dir='ltr'>virtutem</span> <span class='ocrx_word' id='word_1_425' title='bbox 847 3181 896 3215; x_wconf 92' lang='lat' dir='ltr'>ut</span> <span class='ocrx_word' id='word_1_426' title='bbox 921 3171 978 3215; x_wconf 87' lang='lat' dir='ltr'>sit</span> <span class='ocrx_word' id='word_1_427' title='bbox 1010 3185 1205 3229; x_wconf 89' lang='lat' dir='ltr'>semper,</span> <span class='ocrx_word' id='word_1_428' title='bbox 1237 3185 1472 3230; x_wconf 88' lang='lat' dir='ltr'>nunquam</span> <span class='ocrx_word' id='word_1_429' title='bbox 1505 3172 1560 3216; x_wconf 93' lang='lat' dir='ltr'>de</span> <span class='ocrx_word' id='word_1_430' title='bbox 1588 3187 1644 3216; x_wconf 92' lang='lat' dir='ltr'>eo</span> <span class='ocrx_word' id='word_1_431' title='bbox 1676 3186 1837 3217; x_wconf 88' lang='lat' dir='ltr'>verum</span> <span class='ocrx_word' id='word_1_432' title='bbox 1863 3183 1932 3218; x_wconf 85' lang='lat' dir='ltr'>est</span> <span class='ocrx_word' id='word_1_433' title='bbox 1951 3172 2101 3218; x_wconf 88' lang='lat' dir='ltr'>dicere</span> <span class='ocrx_word' id='word_1_434' title='bbox 2125 3186 2220 3218; x_wconf 89' lang='lat' dir='ltr'>non</span> 
     </span>
     <span class='ocr_line' id='line_1_43' title="bbox 255 3237 2220 3297; baseline 0.001 -15"><span class='ocrx_word' id='word_1_435' title='bbox 255 3253 377 3292; x_wconf 83' lang='lat' dir='ltr'>esse3</span> <span class='ocrx_word' id='word_1_436' title='bbox 405 3238 509 3297; x_wconf 88' lang='lat' dir='ltr'>quia</span> <span class='ocrx_word' id='word_1_437' title='bbox 529 3248 751 3297; x_wconf 88' lang='lat' dir='ltr'>quantum</span> <span class='ocrx_word' id='word_1_438' title='bbox 769 3252 817 3282; x_wconf 91' lang='lat' dir='ltr'>se</span> <span class='ocrx_word' id='word_1_439' title='bbox 835 3237 1032 3282; x_wconf 84' lang='lat' dir='ltr'>extendit</span> <span class='ocrx_word' id='word_1_440' title='bbox 1049 3237 1190 3282; x_wconf 88' lang='lat' dir='ltr'>virtus</span> <span class='ocrx_word' id='word_1_441' title='bbox 1209 3238 1401 3292; x_wconf 90' lang='lat' dir='ltr'>essendi,</span> <span class='ocrx_word' id='word_1_442' title='bbox 1428 3249 1605 3283; x_wconf 89' lang='lat' dir='ltr'>tantum</span> <span class='ocrx_word' id='word_1_443' title='bbox 1622 3254 1693 3285; x_wconf 87' lang='lat' dir='ltr'>res</span> <span class='ocrx_word' id='word_1_444' title='bbox 1713 3239 1845 3285; x_wconf 89' lang='lat' dir='ltr'>durat</span> <span class='ocrx_word' id='word_1_445' title='bbox 1859 3240 1907 3284; x_wconf 92' lang='lat' dir='ltr'>in</span> <span class='ocrx_word' id='word_1_446' title='bbox 1931 3253 2042 3286; x_wconf 83' lang='lat' dir='ltr'>esse.</span> <span class='ocrx_word' id='word_1_447' title='bbox 2064 3239 2220 3285; x_wconf 84' lang='lat' dir='ltr'>Omne</span> 
     </span>
     <span class='ocr_line' id='line_1_44' title="bbox 257 3304 2221 3367; baseline 0.001 -19"><span class='ocrx_word' id='word_1_448' title='bbox 257 3314 410 3349; x_wconf 83' lang='lat' dir='ltr'>autern</span> <span class='ocrx_word' id='word_1_449' title='bbox 439 3305 561 3363; x_wconf 93' lang='lat' dir='ltr'>quod</span> <span class='ocrx_word' id='word_1_450' title='bbox 586 3305 754 3364; x_wconf 81' lang='lat' dir='ltr'>incepit</span> <span class='ocrx_word' id='word_1_451' title='bbox 781 3319 894 3359; x_wconf 87' lang='lat' dir='ltr'>esse,</span> <span class='ocrx_word' id='word_1_452' title='bbox 921 3314 988 3349; x_wconf 90' lang='lat' dir='ltr'>est</span> <span class='ocrx_word' id='word_1_453' title='bbox 1011 3304 1255 3363; x_wconf 88' lang='lat' dir='ltr'>aliquando</span> <span class='ocrx_word' id='word_1_454' title='bbox 1282 3319 1443 3349; x_wconf 87' lang='lat' dir='ltr'>verum</span> <span class='ocrx_word' id='word_1_455' title='bbox 1471 3306 1620 3351; x_wconf 88' lang='lat' dir='ltr'>dicere</span> <span class='ocrx_word' id='word_1_456' title='bbox 1645 3320 1740 3351; x_wconf 87' lang='lat' dir='ltr'>non</span> <span class='ocrx_word' id='word_1_457' title='bbox 1773 3320 1887 3352; x_wconf 86' lang='lat' dir='ltr'>esse.</span> <span class='ocrx_word' id='word_1_458' title='bbox 1917 3306 2059 3360; x_wconf 84' lang='lat' dir='ltr'>Quod</span> <span class='ocrx_word' id='word_1_459' title='bbox 2083 3306 2221 3367; x_wconf 80' lang='lat' dir='ltr'>igitur</span> 
     </span>
     <span class='ocr_line' id='line_1_45' title="bbox 255 3370 1565 3432; baseline 0.002 -17"><span class='ocrx_word' id='word_1_460' title='bbox 255 3386 490 3430; x_wconf 87' lang='lat' dir='ltr'>nunquam</span> <span class='ocrx_word' id='word_1_461' title='bbox 518 3373 692 3416; x_wconf 90' lang='lat' dir='ltr'>desinet</span> <span class='ocrx_word' id='word_1_462' title='bbox 717 3386 830 3427; x_wconf 90' lang='lat' dir='ltr'>esse,</span> <span class='ocrx_word' id='word_1_463' title='bbox 857 3386 942 3416; x_wconf 90' lang='lat' dir='ltr'>nec</span> <span class='ocrx_word' id='word_1_464' title='bbox 971 3385 1069 3416; x_wconf 86' lang='lat' dir='ltr'>esse</span> <span class='ocrx_word' id='word_1_465' title='bbox 1097 3370 1342 3430; x_wconf 86' lang='lat' dir='ltr'>aliquando</span> <span class='ocrx_word' id='word_1_466' title='bbox 1366 3372 1565 3432; x_wconf 88' lang='lat' dir='ltr'>incipiet.</span> 
     </span>
    </p>

    <p class='ocr_par' dir='ltr' id='par_1_9' title="bbox 257 3439 2221 3634">
     <span class='ocr_line' id='line_1_46' title="bbox 344 3439 2221 3500; baseline 0.002 -18"><span class='ocrx_word' id='word_1_467' title='bbox 344 3439 531 3483; x_wconf 87' lang='lat' dir='ltr'>Adhuc:</span> <span class='ocrx_word' id='word_1_468' title='bbox 564 3441 727 3484; x_wconf 89' lang='lat' dir='ltr'>veritas</span> <span class='ocrx_word' id='word_1_469' title='bbox 754 3439 1110 3500; x_wconf 87' lang='lat' dir='ltr'>intelligibilium</span> <span class='ocrx_word' id='word_1_470' title='bbox 1145 3439 1260 3484; x_wconf 91' lang='lat' dir='ltr'>sicut</span> <span class='ocrx_word' id='word_1_471' title='bbox 1299 3449 1367 3484; x_wconf 90' lang='lat' dir='ltr'>est</span> <span class='ocrx_word' id='word_1_472' title='bbox 1399 3440 1732 3500; x_wconf 89' lang='lat' dir='ltr'>incorruptibis‚</span> <span class='ocrx_word' id='word_1_473' title='bbox 1767 3442 1843 3496; x_wconf 86' lang='lat' dir='ltr'>ita,</span> <span class='ocrx_word' id='word_1_474' title='bbox 1885 3449 2108 3500; x_wconf 80' lang='lat' dir='ltr'>quantum</span> <span class='ocrx_word' id='word_1_475' title='bbox 2151 3449 2221 3486; x_wconf 80' lang='lat' dir='ltr'>est</span> 
     </span>
     <span class='ocr_line' id='line_1_47' title="bbox 257 3505 2216 3563; baseline 0.001 -13"><span class='ocrx_word' id='word_1_476' title='bbox 257 3505 312 3550; x_wconf 90' lang='lat' dir='ltr'>de</span> <span class='ocrx_word' id='word_1_477' title='bbox 339 3520 401 3560; x_wconf 90' lang='lat' dir='ltr'>se,</span> <span class='ocrx_word' id='word_1_478' title='bbox 436 3517 503 3551; x_wconf 87' lang='lat' dir='ltr'>est</span> <span class='ocrx_word' id='word_1_479' title='bbox 529 3507 667 3551; x_wconf 75' lang='lat' dir='ltr'>etlam</span> <span class='ocrx_word' id='word_1_480' title='bbox 695 3517 903 3563; x_wconf 79' lang='lat' dir='ltr'>aeterna3</span> <span class='ocrx_word' id='word_1_481' title='bbox 931 3517 999 3553; x_wconf 90' lang='lat' dir='ltr'>est</span> <span class='ocrx_word' id='word_1_482' title='bbox 1016 3506 1138 3552; x_wconf 88' lang='lat' dir='ltr'>enim</span> <span class='ocrx_word' id='word_1_483' title='bbox 1165 3506 1434 3552; x_wconf 88' lang='lat' dir='ltr'>necessaria.</span> <span class='ocrx_word' id='word_1_484' title='bbox 1464 3507 1619 3553; x_wconf 88' lang='lat' dir='ltr'>Omne</span> <span class='ocrx_word' id='word_1_485' title='bbox 1638 3518 1791 3553; x_wconf 86' lang='lat' dir='ltr'>autem</span> <span class='ocrx_word' id='word_1_486' title='bbox 1815 3507 2125 3554; x_wconf 75' lang='lat' dir='ltr'>necessarium</span> <span class='ocrx_word' id='word_1_487' title='bbox 2146 3516 2216 3553; x_wconf 78' lang='lat' dir='ltr'>est</span> 
     </span>
     <span class='ocr_line' id='line_1_48' title="bbox 258 3573 2221 3634; baseline 0.002 -18"><span class='ocrx_word' id='word_1_488' title='bbox 258 3582 507 3631; x_wconf 86' lang='lat' dir='ltr'>aeternum,</span> <span class='ocrx_word' id='word_1_489' title='bbox 535 3574 641 3633; x_wconf 87' lang='lat' dir='ltr'>quia</span> <span class='ocrx_word' id='word_1_490' title='bbox 673 3575 795 3633; x_wconf 89' lang='lat' dir='ltr'>quod</span> <span class='ocrx_word' id='word_1_491' title='bbox 821 3588 1010 3620; x_wconf 86' lang='lat' dir='ltr'>necesse</span> <span class='ocrx_word' id='word_1_492' title='bbox 1038 3582 1102 3619; x_wconf 91' lang='lat' dir='ltr'>est</span> <span class='ocrx_word' id='word_1_493' title='bbox 1130 3586 1242 3630; x_wconf 88' lang='lat' dir='ltr'>esse,</span> <span class='ocrx_word' id='word_1_494' title='bbox 1260 3573 1543 3634; x_wconf 87' lang='lat' dir='ltr'>impossibile</span> <span class='ocrx_word' id='word_1_495' title='bbox 1569 3585 1637 3620; x_wconf 89' lang='lat' dir='ltr'>est</span> <span class='ocrx_word' id='word_1_496' title='bbox 1666 3588 1762 3620; x_wconf 90' lang='lat' dir='ltr'>non</span> <span class='ocrx_word' id='word_1_497' title='bbox 1781 3587 1895 3621; x_wconf 78' lang='lat' dir='ltr'>esse.</span> <span class='ocrx_word' id='word_1_498' title='bbox 1921 3573 1988 3626; x_wconf 82' lang='lat' dir='ltr'>Ex</span> <span class='ocrx_word' id='word_1_499' title='bbox 2017 3573 2221 3619; x_wconf 84' lang='lat' dir='ltr'>incorru-</span> 
     </span>
    </p>
   </div>
  </div>
 </body>
</html>
