2332 3854
790 221 944 261 mmm
983 221 1060 260 111.
1102 221 1223 262 CAP.
1262 220 1411 261 xctx.
1976 221 2077 275 441

136 333 346 384 operetur
369 324 418 368 in
437 323 569 368 rebus
601 321 787 368 effectus
813 323 982 399 absque
1007 324 1200 382 propriis
1223 324 1370 369 causis
1395 321 1704 382 producendo,
1731 335 1787 366 ex
1810 321 1906 381 ipsa
1933 309 2084 367 rerum

134 399 296 442 natura
325 378 470 435 refelli
490 399 651 450 potest.
680 389 811 434 Ordo
838 390 959 433 enim
982 389 1149 435 inditus
1175 390 1306 437 rebus
1333 404 1359 434 a
1385 389 1502 444 Deo,
1528 390 1779 434 secundum
1803 389 1846 432 id
1874 398 1940 433 est
1963 387 2085 447 quod

134 457 182 501 in
206 457 338 501 rebus
359 456 615 516 frequenter
641 455 847 500 accidere
870 455 1000 510 solet,
1026 471 1119 501 non
1146 468 1299 501 autem
1326 456 1504 515 ubique,
1521 455 1596 500 vel
1621 455 1873 500 secundum
1894 455 1940 499 id
1963 455 2086 514 quod

135 532 204 569 est
227 537 420 582 semper.
446 522 590 568 Multa
615 536 739 573 enim
769 523 1044 567 naturalium
1077 537 1317 574 causarum
1359 522 1545 568 effectus
1576 536 1684 567 suos
1715 521 1973 581 producunt
2014 536 2088 566 eo-

134 590 240 637 dem
266 591 406 635 modo
433 600 483 635 ut
511 589 782 649 frequenter,
807 603 900 633 non
928 600 1080 634 autern
1113 600 1162 634 ut
1193 604 1387 649 semper,
1418 603 1526 633 nam
1563 588 1852 648 quandoque,
1891 588 2000 633 licet
2039 598 2088 633 ut

133 655 191 706 in,
206 657 507 717 paucioribus,
534 656 663 701 aliter
689 655 866 710 accidit,
892 655 966 699 vel
991 667 1174 714 propter
1206 655 1432 701 defectum
1458 655 1634 700 virtutis
1675 655 1863 714 agentis,
1890 653 1964 699 vel
1988 669 2089 714 pro-

134 731 234 782 pter
258 723 475 768 materiae
501 720 910 783 indispositionem‚
936 721 1011 766 vel
1042 733 1225 782 propter
1252 722 1436 782 aliquod
1460 721 1621 767 fortius
1647 733 1810 781 agens:
1837 722 1955 767 sicut
1981 736 2087 766 cum

136 799 297 835 natura
321 790 368 834 in
399 790 589 834 homine
615 799 803 848 generat
828 789 1020 848 digitum
1052 799 1243 834 sextum.
1270 789 1377 833 Non
1401 799 1552 834 autem
1594 799 1778 849 propter
1802 789 1894 833 hoc
1921 787 2087 843 deficit,

136 866 213 902 aut
238 866 437 901 mutatur
468 857 780 915 providentiae
806 850 944 900 ordo-z
973 869 1081 899 nam
1108 866 1151 900 et
1176 856 1267 900 hoc
1294 856 1444 915 ipsum
1470 856 1593 915 quod
1625 854 1841 900 naturalis
1878 854 1992 900 ordo
2025 854 2089 899 in-

134 922 312 968 stitutus
333 923 584 968 secundum
611 937 664 967 ea
691 937 806 982 quae
831 931 935 967 sunt
971 922 1228 981 frequenter
1258 922 1530 981 quandoque
1557 922 1752 976 deficiat,
1777 921 2087 982 providentiae

62 1021 67 1028 .
134 989 286 1034 subest
309 989 503 1034 divinae.
530 990 580 1035 Si
605 1003 716 1048 ergo
742 1003 822 1049 per
847 988 1047 1047 aliquam
1063 989 1276 1033 virtutem
1295 999 1495 1039 creatam
1517 988 1612 1032 fieri
1630 998 1779 1048 potest
1803 998 1853 1033 ut
1877 988 1992 1033 ordo
2014 1002 2090 1032 na-

134 1055 292 1101 turalis
317 1066 514 1100 mutetur
541 1056 593 1100 ab
628 1070 683 1100 eo
710 1056 832 1115 quod
859 1066 927 1100 est
950 1054 1209 1114 frequenter
1241 1056 1296 1099 ad
1328 1056 1374 1099 id
1407 1055 1530 1114 quod
1557 1066 1624 1100 est
1649 1070 1766 1111 raro,
1794 1056 1963 1115 absque
1995 1069 2090 1099 mu·

132 1121 305 1167 tatione
331 1123 640 1184 providentiae
666 1123 871 1177 divinae;
898 1121 1043 1166 multo
1071 1122 1217 1181 magis
1253 1122 1404 1166 divina
1436 1123 1575 1166 virtus
1609 1123 1883 1181 quandoque
1921 1121 2088 1181 aliquid

133 1187 283 1234 facere
309 1198 458 1248 potest
482 1190 578 1233 sine
603 1203 711 1233 suae
734 1189 1044 1248 providentiae
1066 1189 1359 1248 praeiudicio,
1382 1198 1558 1248 praeter
1579 1189 1786 1233 ordinem
1809 1188 2088 1233 naturalibus

133 1255 329 1300 inditum
345 1256 477 1300 rebus
494 1270 519 1300 a
535 1256 653 1301 Deo.
681 1256 783 1300 Hoc
810 1256 933 1300 enim
954 1257 1103 1314 ipsum
1130 1257 1184 1300 ad
1207 1270 1315 1300 suae
1341 1256 1517 1300 virtutis
1545 1254 1959 1300 manifestationem
1981 1253 2090 1300 facit

133 1321 385 1367 interdum:
412 1321 540 1366 nullo
573 1323 696 1367 enim
723 1322 863 1367 modo
888 1322 1059 1367 melius
1093 1321 1370 1367 manifestari
1396 1332 1547 1382 potest
1571 1323 1693 1382 quod
1719 1333 1816 1367 tota
1846 1333 2008 1366 natura
2029 1321 2091 1365 di-

134 1388 266 1433 vinae
292 1389 494 1446 subjecta
519 1398 587 1434 est
611 1388 847 1443 voluntati,
880 1396 1019 1448 quam
1046 1404 1100 1434 ex
1125 1389 1216 1434 hoc
1244 1389 1365 1448 quod
1392 1390 1666 1449 quandoque
1692 1390 1787 1448 ipse
1814 1399 1992 1449 praeter
2015 1402 2091 1432 na-

133 1464 261 1500 turae
282 1455 490 1500 ordinem
517 1456 683 1516 aliquid
711 1466 936 1516 operatur.
964 1456 1031 1500 Ex
1054 1456 1145 1500 hoc
1174 1457 1295 1500 enim
1322 1466 1506 1516 apparet
1532 1456 1654 1516 quod
1682 1456 1795 1501 ordo
1818 1470 1970 1501 rerum
1992 1469 2092 1515 pro-

136 1522 270 1567 cessit
295 1522 349 1566 ab
384 1536 455 1577 e0‚
482 1520 527 1567 et'
555 1537 651 1567 non
676 1537 755 1582 per
779 1524 1099 1568 necessitatem
1124 1532 1326 1578 naturae,
1353 1523 1431 1567 sed
1458 1538 1536 1582 per
1563 1524 1752 1568 liberam
1791 1523 2088 1568 voluntatem.

135 1589 233 1633 Nec
259 1589 391 1634 debet
425 1589 540 1634 haec
575 1589 692 1633 ratio
723 1589 885 1636 frivola
917 1590 1128 1648 reputari,
1169 1590 1291 1648 quod
1332 1590 1459 1634 Deus
1493 1590 1661 1649 aliquid
1692 1589 1830 1635 faciat
1853 1590 1901 1634 in
1926 1600 2087 1635 natura

135 1655 193 1701 ad
217 1655 308 1700 hoc
335 1655 457 1714 quod
481 1670 532 1701 se
556 1656 782 1701 mentibus
814 1656 1322 1709 humanismanifestet,
1350 1671 1456 1700 curn
1489 1671 1623 1714 supra
1651 1658 1712 1716 (c.
1741 1658 1828 1714 17.)
1856 1668 2090 1702 ostensum

135 1722 207 1776 sit,
238 1722 360 1782 quod
386 1736 548 1767 omnes
580 1733 811 1767 creaturae
844 1722 1105 1781 corporales
1133 1722 1188 1766 ad
1210 1733 1419 1767 naturam
1444 1722 1800 1767 intellectualem
1827 1724 2091 1767 ordinentur

136 1789 481 1866 quodammodo
506 1789 624 1834 sicut
653 1789 700 1833 in
731 1789 885 1834 finem.
912 1789 1056 1848 Ipsius
1080 1799 1233 1833 autem
1258 1788 1579 1835 intellectualis
1600 1799 1788 1834 naturae
1812 1789 1914 1833 finis
1942 1799 2009 1833 est
2031 1789 2092 1832 di-

135 1855 243 1900 vina
260 1856 488 1932 cognitio,
519 1866 568 1900 ut
593 1856 640 1900 in
665 1855 971 1915 superioribus
1005 1866 1074 1899 est
1099 1866 1349 1900 ostensum.
1376 1855 1484 1900 Non
1511 1866 1578 1901 est
1614 1870 1724 1914 ergo
1758 1855 1927 1900 mirum
1962 1856 2001 1900 si
2034 1855 2089 1899 ad

136 1921 458 1981 cognitionem
480 1922 537 1966 de
562 1923 664 1967 Deo
697 1922 993 1968 intellectuali
1023 1932 1212 1968 naturae
1236 1923 1546 1982 praebendam
1581 1921 1632 1968 fit
1654 1922 1809 1983 aliqua
1829 1923 2090 1968 immutatio

135 1989 183 2033 in
208 1989 456 2035 substantia
482 1989 723 2048 corporali.

939 2146 1194 2203 CAPUT
1232 2146 1297 2204 C.

226 2279 422 2328 QUOD
461 2281 531 2320 EA
572 2280 722 2327 QUAE
760 2281 902 2319 DEUS
943 2281 1107 2319 FACIT
1147 2282 1391 2321 PRAETER
1429 2281 1687 2321 NATURAE
1729 2282 1980 2323 ORDINEM

666 2355 784 2396 NON
823 2354 965 2395 SUNT
1008 2355 1234 2396 CONTRA
1271 2356 1555 2396 NATURAM.

230 2464 628 2509 Considerandum
659 2475 815 2510 tamen
840 2465 1031 2520 videtur,
1058 2465 1195 2525 quod,
1226 2465 1334 2511 licet
1364 2465 1491 2511 Deus
1517 2466 1743 2511 interdum
1769 2476 1948 2526 praeter
1979 2466 2095 2511 ordi-

138 2544 246 2576 nem
267 2532 401 2578 rebus
421 2531 616 2577 inditum
642 2531 811 2592 aliquid
836 2542 1061 2592 operetur,
1083 2532 1198 2577 nihil
1222 2542 1377 2580 tamen
1402 2532 1511 2577 facit
1537 2543 1695 2578 contra
1721 2542 1943 2578 naturam.
1972 2533 2094 2577 Cum

140 2599 263 2644 enim
292 2598 420 2644 Deus
454 2599 510 2643 sit
552 2608 678 2644 actus
709 2613 861 2658 purus,
894 2599 1050 2643 omnia
1082 2614 1192 2644 vero
1235 2600 1323 2643 alia
1355 2599 1552 2644 habeant
1585 2599 1753 2659 aliquid
1794 2600 1850 2644 de
1890 2600 2094 2659 potentia

142 2664 407 2719 admixtum,
433 2674 614 2724 oportet
639 2665 761 2724 quod
793 2666 918 2710 Deus
945 2676 1234 2724 comparetur
1267 2666 1322 2710 ad
1355 2666 1512 2710 omnia
1538 2666 1654 2710 sicut
1681 2680 1872 2710 movens
1910 2666 1966 2710 ad
1999 2679 2096 2710 mo-

140 2740 254 2785 tum,
279 2741 326 2776 et
357 2731 557 2776 activum
582 2732 638 2776 ad
663 2731 709 2775 id
736 2732 859 2791 quod
885 2741 952 2776 est
976 2732 1023 2775 in
1046 2732 1262 2790 potentia.
1293 2731 1433 2784 Quod
1460 2742 1612 2777 autem
1629 2735 1706 2776 'est
1731 2732 1776 2776 in
1804 2733 2004 2790 potentia
2031 2746 2096 2777 se-

143 2797 344 2843 cundum
366 2797 575 2842 ordinem
606 2798 861 2842 naturalem
886 2808 1094 2855 respectu
1121 2798 1311 2856 alicujus
1338 2799 1528 2856 agentis,
1553 2799 1590 2842 si
1617 2798 1786 2857 aliquid
1807 2799 2095 2858 imprimatur

141 2863 189 2908 in
211 2864 363 2923 ipsum
391 2864 444 2908 ab
471 2863 551 2908 illo
593 2874 770 2923 agente,
810 2878 904 2908 non
937 2875 1005 2909 est
1046 2874 1204 2908 contra
1243 2874 1454 2908 naturam
1496 2864 1775 2923 simpliciter,
1807 2865 1892 2910 etsi
1932 2866 1989 2910 sit
2021 2865 2097 2909 ali-

142 2931 325 2989 quando
343 2930 621 2976 contrarium
639 2930 897 2990 particulari
913 2930 1088 2975 formae
1111 2944 1226 2990 quae
1249 2931 1554 2990 corrumpitur
1576 2945 1654 2989 per
1675 2930 1938 2989 hujusmodi
1959 2932 2099 2976 actio-

141 3010 278 3042 nem:
305 3010 411 3042 cum
444 2997 567 3041 enim
599 3006 840 3056 generatur
863 2998 996 3056 ignis,
1025 3008 1069 3042 et
1101 2997 1403 3055 corrumpitur
1429 3002 1505 3042 aer
1529 2998 1634 3056 igne
1662 3007 1838 3056 agente,
1872 3007 1940 3042 est
1964 3011 2097 3056 gene-

142 3064 258 3108 ratio
285 3074 331 3109 et
354 3064 586 3123 corruptio
617 3063 847 3109 naturalis.
878 3064 1111 3123 Quidquid
1139 3064 1275 3123 igitur
1306 3079 1330 3107 a
1356 3065 1458 3109 Deo
1491 3063 1540 3109 fit
1563 3065 1611 3108 in
1642 3065 1774 3109 rebus
1801 3064 1977 3118 creatis,
1999 3078 2094 3108 non

143 3140 212 3177 est
236 3141 395 3176 contra
419 3141 643 3186 naturam,
685 3131 768 3176 etsi
808 3131 1013 3176 videatur
1054 3144 1152 3176 esse
1194 3140 1352 3175 contra
1385 3130 1594 3176 ordinem
1635 3131 1870 3191 proprium
1907 3130 2097 3190 alicuius

132 3207 342 3244 naturae.
369 3232 371 3234 .
430 3223 438 3226 ⁴

229 3264 420 3310 Adhuc:
447 3277 553 3308 cum
577 3264 703 3309 Deus
729 3265 786 3309 sit
810 3264 1007 3323 primum
1035 3278 1188 3323 agens,
1212 3274 1259 3309 ut
1280 3278 1413 3322 supra
1440 3264 1558 3322 (Lib.
1582 3263 1615 3308 I.
1644 3278 1682 3309 c.
1716 3277 1781 3323 13.
1809 3274 1854 3309 et
1878 3264 1938 3310 ΙΙ.
1966 3278 2005 3309 c.
2029 3263 2093 3322 6.)

142 3339 377 3376 ostensum
403 3340 484 3384 est,
509 3330 667 3374 omnia
686 3344 802 3389 quae
823 3341 927 3375 sunt
952 3341 1055 3390 post
1080 3332 1231 3390 ipsum
1257 3341 1361 3376 sunt
1383 3332 1509 3390 quasi
1537 3331 1762 3389 quaedam
1798 3331 2097 3375 instrumenta
2127 3369 2134 3375 .

140 3396 295 3456 ipsius.
328 3397 401 3441 Ad
426 3397 518 3441 hoc
551 3407 703 3441 autem
729 3406 835 3442 sunt
863 3397 1161 3443 instrumenta
1186 3397 1404 3451 instituta,
1432 3407 1479 3442 ut
1507 3397 1761 3442 deserviant
1787 3397 1955 3441 actioni
1978 3397 2095 3456 prin-

143 3462 301 3523 cipalis
332 3464 522 3522 agentis‚
546 3463 656 3508 dum
688 3473 929 3508 moventur
954 3465 1008 3508 ab
1035 3464 1161 3522 ipso;
1202 3463 1322 3508 unde
1362 3463 1464 3508 talis
1505 3463 1790 3509 instrumenti
1830 3463 2022 3508 materia
2054 3474 2098 3508 et

142 3529 292 3576 forma
317 3543 415 3575 esse
446 3530 593 3584 debet,
623 3540 672 3575 ut
697 3531 755 3575 sit
779 3540 1045 3590 competens
1071 3530 1242 3575 actioni
1274 3544 1412 3589 quarn
1443 3530 1636 3575 intendit
1660 3529 1908 3590 principale
1931 3543 2097 3589 agens;

133 3605 192 3643 ‚et
214 3605 399 3655 propter
412 3596 503 3642 hoc
520 3610 616 3642 non
636 3606 704 3642 est
728 3606 886 3642 contra
910 3607 1121 3643 naturam
1148 3598 1434 3642 instrumenti
1461 3606 1511 3642 ut
1535 3607 1774 3642 moveatur
1809 3610 1835 3642 a
1859 3596 2098 3656 principali
