2332 3854
246 171 352 210 202
952 173 1106 212 LIBER
1145 173 1202 211 ΙΙ.
1245 173 1365 212 CAP.
1408 174 1495 212 LX.

245 273 560 331 memorativa,
589 284 634 319 et
665 275 942 328 consimiles,
975 285 1080 319 sunt
1109 275 1344 334 passiones
1375 276 1513 334 partis
1545 275 1803 330 sensitivae,
1825 286 1874 320 ut
1891 275 2204 335 Philosophus

244 340 406 397 probat
445 341 491 384 in
525 340 600 384 lib.
633 341 704 385 De
732 342 967 385 memoria.
990 341 1103 397 ,Non
1130 342 1266 399 igitur
1288 356 1369 400 per
1393 341 1646 401 praedictas
1669 343 1873 396 virtutes,
1898 342 1973 386 vel
2003 342 2205 403 aliquam

248 421 421 462 earum,
456 408 644 467 aliquod
680 408 849 452 animal
881 418 1028 466 potest
1060 409 1171 467 poni
1200 409 1247 452 in
1281 409 1430 453 altiori
1456 422 1620 468 genere
1652 410 1771 453 vitae
1804 423 1942 468 quarn
1975 410 2032 454 sit
2053 410 2206 455 anima

241 474 473 519 sensitiva.
509 475 665 519 Homo
700 485 852 518 autem
880 485 946 518 est
977 475 1023 518 in
1051 474 1201 519 altiori
1223 489 1389 534 genere
1411 477 1555 530 vitae3
1589 476 1711 535 quod
1737 485 1862 534 patet
1892 489 1972 534 per
1997 468 2208 522 Philoso-

244 541 389 598 phum
415 542 459 585 in
493 542 694 585 secundo
721 541 792 584 De
827 541 979 584 anima
1006 542 1057 598 (t.
1078 555 1114 584 c.
1140 541 1243 597 14),
1277 542 1354 600 qui
1386 542 1666 601 distinguens
1700 556 1868 601 genera
1899 543 2023 588 vitae
2049 557 2203 603 super-

244 607 367 651 addit
394 607 736 661 intellectivum‚
770 607 891 666 quod
924 607 1104 652 homini
1137 608 1350 663 attribuit,
1376 609 1608 662 sensitivo,
1631 609 1754 668 quod
1777 609 1978 655 attribuit
1999 623 2204 667 commu-

242 674 359 718 niter
377 674 504 717 omni
523 673 721 717 animali.
749 673 856 717 Non
883 673 1019 732 igitur
1039 674 1183 718 homo
1212 683 1278 719 est
1299 675 1455 719 vivens
1477 675 1569 719 vita
1586 676 1670 719 sibi
1691 677 1871 734 propria
1893 689 1974 735 per
1990 677 2203 722 virtutem

247 741 542 798 cogitativam
568 740 863 798 praedictam.

331 806 543 864 Amplius
562 821 570 849 :
606 820 743 850 omne
777 821 969 850 movens
987 807 1200 866 seipsum,
1218 808 1472 852 secundum
1495 808 1618 868 quod
1640 809 1799 868 probat
1821 808 2129 869 Philosophus
2150 809 2198 853 in

244 884 407 917 octavo
434 874 617 932 Physic.
645 874 696 930 (t.
721 888 759 918 c.
781 874 891 931 40.),
925 875 1216 932 componitur
1251 888 1305 918 ex
1337 885 1551 920 movente
1585 885 1628 919 et
1661 885 1801 920 moto.
1840 876 1997 925 Homo
2031 886 2200 930 autem,

243 941 360 984 sicut
392 951 434 984 et
470 940 557 983 alia
594 941 824 994 animalia,
853 951 919 984 est
951 955 1143 986 movens
1177 942 1406 1001 seipsum3
1441 956 1551 1001 ergo
1584 956 1776 987 movens
1808 952 1852 987 et
1884 940 2064 988 motum
2095 953 2200 987 sunt

242 1019 390 1067 partes
416 1008 569 1066 ipsius.
613 1008 820 1051 Primum
849 1018 1001 1052 autem
1027 1022 1219 1053 movens
1245 1009 1292 1052 in
1314 1009 1507 1054 homine
1540 1018 1607 1053 est
1632 1008 1912 1065 intellectus;
1943 1024 2052 1054 nam
2067 1009 2201 1054 intel·

241 1075 384 1118 lectus
410 1089 492 1118 suo
525 1074 795 1134 intelligibili
830 1085 986 1119 movet
1009 1074 1307 1120 voluntatem.
1340 1075 1440 1120 Nec
1474 1085 1624 1135 potest
1650 1076 1753 1130 dici,
1781 1077 1904 1135 quod
1928 1075 2054 1121 solus
2069 1075 2201 1120 intel·

241 1142 384 1185 lectus
402 1132 606 1201 passivds
630 1142 686 1186 sit
708 1156 915 1195 movens,
942 1142 1047 1200 quia
1066 1141 1323 1186 intellectus
1349 1143 1554 1201 passivus
1581 1153 1647 1187 est
1672 1142 1820 1187 solum
1845 1142 2202 1202 particularium.

242 1209 293 1251 In
316 1209 547 1252 movendo
582 1219 735 1252 autem
770 1208 990 1267 accipitur
1017 1207 1284 1252 universalis
1317 1209 1489 1267 opinio,
1522 1223 1637 1268 quae
1670 1219 1739 1253 est
1772 1208 2027 1254 intellectus
2063 1209 2202 1267 possi-

240 1274 355 1328 bilis,
384 1286 427 1319 et
458 1275 757 1333 particularis,
791 1289 906 1334 quae
929 1285 1079 1334 potest
1101 1289 1199 1319 esse
1222 1274 1479 1319 intellectus
1502 1276 1682 1334 passivi,
1704 1286 1753 1319 ut
1773 1285 1897 1335 patet
1925 1290 2006 1335 per
2026 1275 2203 1320 Aristo-

238 1341 378 1385 telem
394 1342 441 1385 in
457 1342 590 1386 tertio
607 1342 678 1386 De
699 1342 851 1386 anima
869 1343 920 1399 (t.
941 1356 979 1385 c.
1003 1342 1091 1399 58.)
1110 1352 1154 1386 et
1179 1342 1223 1385 in
1242 1343 1437 1401 septimo
1456 1342 1603 1386 Ethic.
1625 1344 1686 1401 (c.
1711 1343 1783 1400 5.).
1800 1342 1923 1401 Ergo
1944 1341 2202 1402 intellectus

239 1407 463 1466 possibilis
488 1419 554 1453 est
576 1408 726 1468 aliqua
749 1423 851 1468 pars
874 1409 1091 1461 hominis,
1120 1419 1163 1453 et
1188 1419 1254 1453 est
1276 1408 1398 1467 quod
1421 1409 1739 1467 dignissimum
1756 1419 1801 1454 et
1821 1408 2199 1469 formalissimum

240 1476 286 1518 in
312 1475 436 1535 ips03
470 1490 580 1534 ergo
609 1476 662 1519 ab
691 1490 746 1519 eo
774 1476 974 1535 speciem
1000 1475 1199 1530 sortitur,
1228 1486 1271 1520 et
1295 1490 1389 1519 non
1414 1476 1467 1519 ab
1491 1475 1722 1520 intellectu
1754 1470 1952 1535 passivo.
2123 1526 2125 1528 ,

264 1576 267 1579 ⁴
330 1543 522 1588 Adhuc:
550 1542 808 1587 intellectus
835 1542 1061 1602 possibilis
1094 1543 1310 1601 probatur
1341 1557 1436 1586 non
1469 1557 1567 1587 esse
1601 1553 1726 1588 actus
1759 1542 1964 1603 corporis
1997 1543 2204 1603 alicujus»,

241 1620 426 1669 propter
457 1610 548 1654 hoc
582 1611 704 1669 quod
738 1620 806 1654 est
837 1609 1177 1668 cognoscitivus
1211 1609 1420 1653 omnium
1451 1609 1704 1668 formarum
1731 1609 2012 1670 sensibilium
2032 1610 2086 1654 in
2110 1609 2203 1654 uni-

239 1677 426 1721 versali:
458 1676 583 1721 nulla
610 1677 747 1736 igitur
772 1677 928 1731 virtus,
947 1677 1074 1735 cujus
1098 1677 1303 1735 operatio
1327 1691 1375 1721 se
1398 1676 1637 1721 extendere
1670 1686 1820 1736 potest
1847 1675 1903 1721 ad
1925 1675 2199 1736 universalia

241 1746 450 1788 omnium
481 1743 733 1788 formarum
755 1743 1049 1797 sensibilium,
1072 1753 1222 1802 potest
1239 1757 1336 1788 esse
1359 1754 1486 1788 actus
1513 1743 1704 1801 alicujus
1727 1743 1944 1803 corporis.
1967 1742 2198 1789 Voluntas

243 1821 396 1855 autem
420 1821 487 1855 est
511 1811 801 1869 hujusmodi3
829 1810 1038 1854 omnium
1062 1811 1183 1854 enim
1212 1825 1374 1855 eorum
1397 1824 1512 1870 quae
1530 1810 1842 1869 intelligimus,
1868 1824 2111 1870 possumus
2127 1810 2225 1854 ha?

240 1879 347 1922 bere
373 1878 670 1934 voluntatem,
698 1876 861 1922 saltem
895 1892 949 1921 ea
978 1878 1301 1936 cognoscendi.
1328 1878 1533 1936 Apparet
1564 1877 1701 1921 etiam
1736 1887 1862 1922 actus
1883 1876 2203 1935 voluntatis„in

242 1943 513 1989 universali:
542 1945 720 1988 odimus
739 1945 875 1998 enim,
894 1954 942 1988 ut
959 1943 1069 1988 dicit
1089 1942 1359 1988 Aristoteles
1378 1944 1423 1987 in
1446 1958 1527 1988 sua
1543 1944 1793 1988 Rethorica
1812 1942 2052 2003 (secundo,
2069 1943 2205 2005 2274),

241 2013 286 2056 in
313 2010 558 2063 universali
584 2010 815 2055 latronum
849 2025 1017 2069 genus;
1050 2010 1288 2054 irascimur
1324 2021 1474 2055 autem
1511 2010 1859 2070 particularibus
1884 2009 2221 2055 tantum.·Vo-'

242 2080 392 2123 luntas
433 2079 570 2138 igitur
601 2093 695 2122 non
733 2087 883 2137 potest
922 2092 1019 2122 esse
1055 2088 1182 2122 actus
1219 2077 1408 2136 alicujus
1441 2078 1580 2137 partis
1614 2079 1834 2136 corporis,
1869 2091 1954 2122 nec
1987 2076 2209 2137 consequi

241 2146 443 2205 aliquam
475 2146 729 2205 potentiam
763 2159 879 2204 quae
912 2146 968 2189 sit
1002 2156 1128 2189 actus
1162 2144 1393 2204 corporis:
1427 2146 1578 2202 omnis
1610 2155 1763 2190 autem
1794 2159 1897 2204 pars
1931 2144 2115 2189 animae
2138 2153 2208 2188 est

244 2225 371 2258 actus
405 2214 594 2272 alicujus
638 2213 858 2272 corporis,
893 2223 1071 2272 praeter
1112 2211 1263 2257 solum
1303 2210 1586 2256 intellectum
1623 2212 1804 2272 proprie
1845 2211 2032 2256 dictum.
2062 2210 2205 2271 Igitur

240 2281 452 2325 voluntas
484 2281 531 2324 in
571 2280 851 2325 intellectiva
882 2290 1009 2339 parte
1050 2290 1145 2334 est;
1178 2279 1298 2324 unde
1333 2289 1378 2324 et
1409 2279 1683 2324 Aristoteles
1727 2279 1837 2324 dicit
1873 2279 1922 2323 in
1956 2280 2091 2324 tertio
2132 2278 2206 2329 De

245 2348 398 2391 anima
432 2348 482 2404 (t.
502 2362 540 2391 c.
558 2345 669 2404 42.),'
701 2347 823 2406 quod
855 2345 1068 2390 voluntas
1099 2346 1145 2389 in
1179 2347 1356 2390 ratione
1390 2355 1470 2400 est,
1508 2346 1746 2391 irascibilis
1783 2356 1938 2391 autem
1963 2355 2008 2391 et
2040 2359 2206 2390 concu-

241 2415 457 2474 piscibilis
490 2415 534 2457 in
566 2424 690 2473 parte
724 2413 961 2467 sensitiva;
996 2423 1181 2472 propter
1213 2413 1335 2472 quod
1363 2423 1407 2457 et
1439 2423 1565 2457 actus
1593 2412 1961 2472 concupiscibilis
1988 2422 2033 2458 et
2056 2412 2206 2458 irasci-

246 2482 345 2526 bilis
379 2497 484 2526 cum
518 2481 728 2540 passione
771 2491 888 2534 sunt,
927 2494 1022 2524 non
1064 2489 1216 2524 autem
1250 2491 1374 2524 actus
1407 2479 1668 2533 voluntatis,
1701 2481 1780 2524 sed
1818 2495 1923 2524 cum
1965 2479 2205 2524 electione.

239 2549 465 2593 Voluntas
500 2559 653 2593 autem
685 2548 886 2592 hominis
919 2562 1013 2591 non
1047 2558 1113 2592 est
1150 2547 1402 2591 extrinseca
1440 2547 1493 2590 ab
1526 2547 1732 2600 homine,
1765 2547 1894 2606 quasi
1923 2547 1977 2591 in
2004 2546 2203 2605 quadam

239 2617 490 2661 substantia
523 2626 728 2675 separata
759 2614 960 2669 fundata,
994 2614 1071 2658 sed
1099 2624 1166 2658 est
1197 2614 1242 2658 in
1269 2614 1368 2673 ipso
1396 2614 1611 2668 homine;
1639 2614 1767 2657 aliter
1800 2614 1923 2658 enim
1955 2627 2052 2657 non
2083 2622 2202 2659 esset

241 2685 455 2728 dominus
487 2698 673 2728 suarum
714 2683 962 2735 actionum,
996 2682 1101 2740 quia
1139 2692 1346 2740 ageretur
1378 2681 1612 2725 voluntate
1652 2681 1888 2740 cuiusdam
1923 2680 2202 2725 substantiae

240 2761 488 2810 separatae,
523 2761 566 2794 et
593 2751 638 2793 in
671 2750 771 2808 ipso
800 2759 952 2793 essent
977 2759 1153 2792 tantum
1188 2748 1416 2807 potentiae
1444 2747 1715 2807 appetitivae
1739 2762 1843 2791 cum
1870 2747 2083 2807 passione
2099 2760 2205 2806 ope-

243 2829 407 2873 rantes,
426 2819 599 2863 scilicet
614 2817 850 2862 irascibilis
879 2827 923 2861 et
948 2816 1329 2875 concupiscibilis,
1352 2831 1466 2875 quae
1493 2826 1597 2860 sunt
1620 2815 1666 2859 in
1685 2826 1810 2874 parte
1837 2815 2066 2868 sensitiva,
2087 2814 2205 2859 sicut

242 2897 285 2930 et
321 2887 366 2930 in
396 2886 556 2930 ceteris
584 2884 879 2942 animalibus„
903 2898 1018 2943 quae
1053 2884 1199 2942 magis
1234 2894 1427 2941 aguntur
1460 2897 1597 2942 quam
1632 2893 1784 2942 agunt.
1817 2883 1919 2927 Hoc
1947 2892 2112 2940 autem·
2133 2891 2203 2927 est

237 2953 518 3013 impossibile
552 2962 596 2996 et
628 2952 954 2995 destructivum
980 2952 1118 2995 totius
1142 2950 1328 2994 moralis
1355 2949 1675 3009 philosophiae
1703 2960 1747 2994 et
1772 2949 1987 3008 politicae
2019 2962 2203 2994 conver·

238 3021 440 3065 sationis.
476 3021 675 3078 Oportet
711 3019 846 3077 igitur
881 3018 1164 3062 intellectum
1195 3017 1459 3077 possibilem
1493 3018 1539 3060 in
1577 3017 1708 3061 nobis
1747 3031 1861 3071 esse,
1892 3031 1973 3077 per
2004 3029 2143 3076 quem
2175 3029 2200 3060 a

237 3089 376 3132 brutis
403 3087 680 3140 differamus,
715 3097 758 3131 et
789 3100 882 3130 non
911 3085 1063 3130 solum
1089 3085 1339 3130 secundum
1374 3083 1653 3128 intellectum
1688 3084 1934 3142 passivum,

326 3157 461 3199 Item:
499 3154 615 3198 sicut
650 3153 765 3197 nihil
802 3162 868 3197 est
902 3163 1062 3212 potens
1101 3167 1236 3210 agere
1262 3152 1350 3196 nisi
1387 3165 1465 3210 per
1498 3151 1751 3209 potentiam
1785 3150 1984 3196 activam
2016 3149 2065 3195 in
2101 3149 2200 3208 ipso

237 3224 544 3276 exsistentem,
567 3222 628 3265 ita
653 3220 767 3264 nihil
789 3231 951 3280 potens
978 3230 1046 3264 est
1070 3221 1163 3278 pati
1189 3219 1275 3262 nisi
1302 3233 1379 3277 per
1406 3218 1657 3277 potentiam
1681 3218 2048 3279 passivaquuae
2069 3225 2138 3261 est
2157 3215 2204 3259 in

237 3291 336 3350 ipso
352 3306 362 3344 ;
391 3287 708 3333 combustibile
726 3288 847 3332 enirn
867 3298 934 3331 est
951 3297 1112 3346 potens
1131 3285 1352 3339 comburi,
1370 3299 1464 3328 non
1481 3283 1632 3329 solum
1651 3285 1756 3344 quia
1774 3295 1842 3330 est
1854 3282 2024 3345 aliquid
2039 3292 2204 3343 potens

238 3358 507 3401 comburere
534 3356 698 3415 ipsum,
726 3355 803 3399 sed
831 3355 970 3398 etiam
998 3354 1102 3412 quia
1128 3354 1173 3396 in
1201 3366 1249 3396 se
1276 3352 1413 3395 habet
1438 3353 1691 3410 potentiam
1717 3361 1767 3396 ut
1789 3350 2097 3410 comburatur.
2130 3349 2201 3394 In·

237 3423 442 3482 telligere
477 3433 630 3467 autem
665 3432 731 3466 est
765 3421 996 3481 quoddam
1033 3421 1139 3480 pati,
1177 3429 1224 3463 ut
1261 3418 1423 3462 dicitur
1455 3419 1504 3462 in
1540 3419 1674 3463 tertio
1701 3418 1773 3463 De
1795 3417 2030 3476 anima.(t.
2058 3430 2096 3476 c.
2124 3415 2202 3475 2.)-

241 3492 400 3544 Quum
426 3490 564 3548 igitur
600 3504 711 3548 puer
750 3489 805 3533 sit
841 3487 1101 3546 intelligens
1134 3485 1352 3544 potentia,
1380 3485 1463 3529 etsi
1490 3499 1583 3529 non
1620 3495 1724 3529 actu
1759 3481 2000 3546 intelligat,
2018 3491 2207 3543 ,oportet

240 3557 361 3618 quod
391 3557 445 3601 sit
468 3557 513 3599 in
537 3571 592 3600 eo
617 3556 766 3615 aliqua
790 3554 991 3614 potentia
1011 3567 1099 3614 qua
1126 3554 1182 3598 sit
1208 3562 1370 3612 potens
1388 3551 1656 3611 intelligere.
1680 3552 1806 3596 Haec
1829 3559 1981 3597 autem
2002 3550 2203 3611 potentia
