2294 3854
810 188 975 244 LIBER¹
1003 188 1074 226 IV.
1117 189 1237 229 CAP.
1278 186 1518 229 Lxxxvn.
2025 187 2125 242 703

182 290 406 335 visionem
431 290 746 348 conjungetur.
772 288 879 333 Non
904 289 1040 348 igitur
1065 289 1197 335 debet
1222 302 1359 366 grave
1384 286 1540 341 videri,
1566 287 1604 331 si
1625 296 1733 331 tunc
1760 287 1921 332 virtute
1946 286 2129 331 animae

187 370 350 415 corpus
375 365 421 400 et
445 356 499 400 ab
527 355 655 399 omni
681 355 971 414 corruptione
997 367 1199 401 servetur
1223 356 1444 430 immune,
1471 363 1515 399 et
1540 367 1674 413 supra
1700 367 2014 413 quaecumque
2032 366 2127 397 cor-

215 436 295 467 ora
321 421 535 467 elevetur.

183 437 211 482 p
269 488 429 547 Neque
455 487 594 532 etiam
618 487 724 531 huic
752 487 1041 545 promissioni
1070 488 1248 532 divinae
1274 487 1687 546 impossibilitatem
1714 485 1856 537 affert,
1884 485 2005 544 quod
2031 499 2128 529 cor-

181 568 293 614 pora
317 553 535 599 coelestia
559 553 707 612 frangi
733 567 826 597 non
853 564 1057 613 possunt,
1080 564 1127 598 ut
1153 568 1286 614 super
1306 567 1362 599 ea
1383 552 1584 612 gloriosa
1607 563 1800 612 corpora
1817 551 2131 605 subleventur,

181 620 287 680 quia
318 634 344 664 a
369 622 533 664 virtute
559 620 711 664 divina
733 620 822 663 hoc
847 620 936 673 fiet,
964 631 1011 664 ut
1028 621 1229 679 gloriosa
1246 635 1440 679 corpora
1466 619 1603 664 simul
1621 634 1725 663 cum
1748 618 1847 663 aliis
1865 618 2130 678 corporibus

182 700 279 731 esse
304 687 502 746 possint;
529 688 656 745 cujus
682 687 746 729 rei
772 686 992 730 indicium
1018 686 1065 731 in
1091 701 1283 746 corpore
1303 687 1473 732 Christi
1499 685 1759 746 praecessit,
1785 686 1895 730 dum
1922 685 1977 729 ad
2001 685 2130 729 disci-

182 752 316 813 pulos
335 754 482 812 januis
507 753 672 800 clausis
696 753 893 797 intravit.

830 906 1084 963 CAPUT
1126 906 1496 962 LXXXVIII.

605 1042 677 1080 DE
718 1042 856 1080 SEXU
893 1043 965 1081 ET
1005 1042 1224 1080 AETATE
1263 1040 1704 1082 RESURGENTIUM.

920 1145 1017 1202 (IV.
1042 1145 1151 1190 Sent.
1173 1144 1264 1190 dist.
1286 1146 1397 1203 44).

237 1265 242 1267 ’
269 1248 378 1301 Non
403 1265 471 1300 est
494 1265 649 1300 tamen
675 1256 1010 1301 aestimandum
1027 1256 1149 1315 quod
1165 1256 1212 1299 in
1232 1254 1496 1313 corporibus
1513 1253 1845 1313 resurgentium
1862 1252 1976 1298 desit
1997 1264 2133 1298 sexus

180 1320 419 1378 femineus,
436 1332 485 1367 ut
520 1322 656 1385 aliqui
687 1332 982 1382 putaverunt;
1006 1323 1125 1382 quia,
1153 1336 1258 1366 cum
1281 1335 1360 1380 per
1382 1321 1762 1365 resurrectionem
1783 1320 1872 1365 sint
1889 1318 2128 1379 reparandi

181 1386 382 1434 defectus
398 1395 600 1444 naturae,
625 1388 740 1433 nihil
756 1403 916 1433 eorum
942 1403 1057 1448 quae
1087 1388 1141 1432 ad
1168 1387 1495 1448 perfectionem
1517 1397 1704 1431 naturae
1739 1386 1964 1446 pertinent
1990 1398 2015 1430 a
2039 1399 2135 1430 cor-

180 1454 363 1514 poribus
391 1455 723 1515 resurgentium
757 1454 995 1500 auferetur.
1023 1455 1151 1499 Sicut
1183 1464 1336 1498 autem
1364 1453 1453 1497 alia
1479 1454 1683 1512 corporis
1710 1453 1916 1497 membra
1943 1452 1998 1497 ad
2023 1451 2133 1497 inte-

182 1521 393 1585 gritatem
418 1521 609 1566 humani
631 1522 834 1582 corporis
852 1521 1091 1581 pertinent,
1108 1520 1170 1564 ita
1188 1530 1232 1565 et
1258 1534 1312 1564 ea
1329 1533 1445 1579 quae
1463 1519 1745 1579 generationi
1766 1510 2023 1567 deserviunt
2038 1508 2133 1563 tam

181 1586 227 1641 in
239 1581 453 1642 maribus,
470 1601 608 1647 quam
625 1587 671 1632 in
686 1587 882 1633 feminis.
898 1587 1154 1646 Resurgent
1167 1600 1276 1645 ergo
1294 1586 1500 1630 membra
1512 1585 1799 1644 hujusmodi‘
1787 1599 1834 1629 1n
1849 1579 2064 1646 utrisque.

267 1652 437 1715 Neque.
453 1664 607 1700 tamen
623 1655 730 1700 huic
753 1654 908 1700 obviat
919 1654 1043 1714 quod
1056 1668 1163 1698 usus
1180 1654 1346 1698 horum
1365 1653 1677 1698 membrorum
1694 1664 1789 1697 non
1807 1653 1903 1707 erit,
1925 1661 1974 1697 ut
1995 1665 2130 1712 supra

179 1721 241 1779 (c.
267 1719 361 1779 83.)
387 1731 621 1766 ostensum
652 1732 743 1776 est;
780 1721 900 1780 quia,
937 1721 972 1764 si
1014 1730 1198 1781 propter
1222 1720 1314 1763 hoc
1342 1719 1548 1763 membra
1586 1719 1632 1762 in
1666 1718 2003 1777 resurgentibus
2036 1732 2131 1764 non

180 1784 327 1842 erunt,
349 1787 446 1847 pari
469 1790 644 1833 ratione
669 1802 755 1832 nec
782 1788 938 1832 omnia
965 1787 1171 1831 membra
1192 1799 1309 1846 quae
1330 1786 1609 1829 nutrimento
1637 1784 1896 1830 deserviunt
1920 1786 1966 1828 in
1989 1798 2135 1829 resur-

181 1851 389 1921 gentibus
415 1863 580 1909 essent,
606 1853 710 1914 quia
728 1868 821 1901 nec
848 1854 1056 1898 ciborum
1089 1867 1195 1897 usus
1216 1862 1320 1912 post
1346 1852 1724 1896 resurrectionem
1758 1851 1853 1896 erit.
1889 1851 1964 1896 Sic
1997 1851 2133 1928 igitur

181 1919 347 1979 magua
382 1930 484 1985 pars
511 1921 825 1965 membrorum
867 1920 1048 1978 corpori
1083 1918 1358 1978 resurgentis
1400 1918 1589 1962 deesset.
1631 1918 1774 1961 Erunt
1807 1918 1946 1976 igitur
1977 1919 2133 1962 omnia

180 1986 383 2030 membra
403 1986 681 2045 hujusmodi,
708 1986 915 2046 quamvis
947 1998 1106 2030 eorum
1134 1998 1240 2029 usus
1272 1998 1366 2028 non
1399 1984 1469 2040 sit,
1497 1985 1551 2028 ad
1578 1984 1888 2042 integritatem
1913 1978 2131 2030 naturalis

181 2054 384 2112 corporis
405 2053 754 2098 restituendam.
783 2053 902 2096 unde
933 2052 1097 2096 frustra
1122 2066 1217 2096 non
1245 2048 1388 2096 eru'nt.

270 2118 489 2166 Similiter
530 2119 666 2164 etiam
709 2133 792 2163 nec
829 2117 1067 2162 infirmitas
1101 2117 1286 2162 feminei
1323 2130 1454 2162 sexus
1490 2116 1757 2176 perfectioni
1794 2117 2131 2177 resurgentium

180 2184 346 2230 obviat.
371 2185 480 2230 Non
506 2186 628 2230 enim
655 2195 722 2230 est
746 2185 983 2230 infirmitas
1005 2198 1086 2244 per
1111 2196 1343 2228 recessum
1370 2198 1395 2227 a
1411 2194 1586 2237 natura,
1614 2183 1692 2228 sed
1711 2198 1737 2227 a
1761 2194 1921 2228 natura
1939 2186 2133 2238 intenta3

181 2261 227 2295 et
259 2250 358 2310 ipsa
390 2253 526 2296 etiam
553 2261 740 2297 naturae
768 2250 997 2296 distinctio
1023 2251 1070 2294 in
1106 2250 1320 2294 omnibus
1356 2249 1685 2309 perfectionem
1720 2260 1908 2294 naturae
1950 2251 2135 2295 demon-

179 2318 348 2372 strabit,
372 2327 419 2363 et
434 2319 635 2363 divinam
655 2318 922 2378 sapientiam
941 2317 1131 2362 omnino
1151 2330 1257 2361 cum
1275 2316 1475 2376 quodam
1495 2316 1652 2361 ordIne
1675 2316 1991 2376 disponentem
2010 2331 2132 2363 com-

181 2376 428 2430 mendabit.

271 2450 369 2496 Nec
396 2451 534 2496 etiam
561 2451 685 2511 cogit
711 2452 765 2495 ad
799 2451 890 2496 hoc
925 2450 1115 2496 verbum
1149 2449 1363 2508 Apostoli
1399 2450 1521 2508 quod
1559 2449 1668 2494 dicit
1694 2449 1882 2509 (EpheS.
1908 2449 1984 2495 IV.
2017 2452 2132 2507 13.):

178 2516 325 2562 Donec
350 2528 619 2563 occurramus
645 2531 781 2562 omnes
805 2520 849 2562 in
880 2518 1081 2562 unitatem
1097 2516 1216 2575 fidei,
1241 2523 1279 2561 et
1305 2517 1534 2574 agnitionis
1558 2517 1662 2561 Filii
1687 2517 1788 2570 Dei,
1815 2518 1859 2560 in
1880 2518 2025 2561 virum
2039 2525 2133 2577 per·

177 2583 351 2642 fectum,
383 2584 430 2628 in
459 2596 699 2628 mensuram
730 2585 876 2628 aetatis
893 2582 1163 2643 plenitudinis
1191 2581 1362 2626 Christi.
1389 2582 1496 2626 Non
1530 2582 1652 2625 enim
1693 2583 1782 2626 hoc
1821 2583 1927 2626 ideo
1960 2582 2132 2627 dictum

181 2658 249 2695 est
274 2650 395 2709 quod
422 2649 608 2709 quilibet
631 2650 678 2693 in
705 2649 784 2693 illo
813 2663 1004 2694 occursu
1031 2662 1123 2708 quo
1150 2657 1436 2707 resurgentes
1455 2648 1638 2692 exibunt
1664 2649 1848 2692 obviam
1877 2648 2063 2694 Christo
2086 2649 2132 2693 in

181 2719 300 2771 aera,
325 2715 382 2760 sit
408 2729 566 2760 sexum
592 2714 770 2759 virilem
796 2715 1054 2768 habiturus;
1082 2715 1159 2758 sed
1188 2714 1243 2758 ad
1276 2714 1604 2773 designandam
1630 2714 1958 2773 perfectionem
1981 2715 2134 2761 Eccle-

180 2782 290 2837 siae,
317 2793 361 2827 et
386 2782 622 2826 virtutem:
650 2791 746 2827 tota
773 2782 895 2826 enirn
922 2780 1127 2826 Ecclesia
1160 2781 1242 2824 erit
1268 2781 1397 2840 quasi
1421 2781 1489 2824 vir
1514 2779 1738 2840 perfectus
1762 2781 1948 2826 Christo
1976 2795 2130 2840 occur·

181 2861 300 2903 rens,
324 2859 374 2894 ut
399 2862 454 2893 ex
478 2849 852 2908 praecedentibus
879 2857 922 2892 et
948 2846 1235 2906 sequentibus
1252 2857 1388 2906 patet.
1407 2848 1459 2891 In
1477 2857 1622 2891 aetate
1641 2858 1792 2892 autem
1811 2847 1998 2903 Christi,
2015 2862 2131 2909 quae

181 2924 249 2959 est
273 2924 395 2960 aetas
420 2915 644 2974 juvenilis,
671 2924 854 2973 oportet
887 2927 1047 2958 omnes
1087 2927 1320 2972 resurgere
1361 2924 1543 2973 propter
1577 2913 1905 2973 perfectionem
1926 2925 2132 2969 naturae,

179 2992 296 3040 quae
319 2981 367 3026 in
391 2982 478 3026 hac
504 2981 602 3026 sola
629 2991 775 3026 aetate
803 2980 1032 3025 consistit:
1060 2980 1243 3039 puerilis
1271 2980 1395 3024 enim
1422 2990 1545 3024 aetas
1570 2980 1777 3024 nondum
1800 2980 2127 3041 perfectionem

180 3055 368 3092 naturae
395 3057 639 3092 consecuta
662 3058 729 3092 est
749 3060 829 3107 per
856 3057 1174 3106 augmentum;
1202 3045 1356 3091 senilis
1382 3060 1494 3091 vero
1522 3057 1645 3091 aetas
1670 3049 1763 3107 jam
1791 3048 1844 3093 ab
1872 3061 1926 3092 ea
1947 3051 2132 3094 recessit

180 3123 363 3174 propter
389 3115 748 3159 decrementum.
