2332 3854
814 224 967 265 mmm
1007 224 1082 264 111.
1123 224 1242 271 cap.
1285 223 1469 269 cxx1v.
1745 228 1748 230 ·
2008 223 2115 279 477

162 333 226 382 ita
250 333 390 380 etiam
426 331 586 385 eadem
627 329 809 375 libertas
848 343 875 373 a
905 328 1077 377 femina
1118 327 1291 375 tollitur
1315 327 1353 375 si
1381 339 1481 373 mas
1503 324 1670 376 habeat
1708 324 1888 383 plures3
1931 335 1974 371 et
2011 326 2116 371 ideo

162 399 269 459 quia
288 395 679 463 certitud-quolis
705 404 772 442 est
803 395 1052 453 principale
1085 394 1258 439 bonum
1293 393 1416 455 quod
1449 392 1833 454 exaniat-‘timonio
1875 393 2118 453 quaeritur,

161 464 287 511 nulla
308 452 500 519 fei'faut
525 454 808 509 consuetudo
829 455 1305 519 'humana'permittit'
1327 446 1457 519 quod
1488 473 1579 509 una
1604 468 1723 503 esset
1753 456 1952 516 plurium
1989 473 2117 503 uxor.

161 530 264 580 Fuit
287 532 427 576 etiam
450 530 541 576 hoc
566 529 891 576 inconveniens
924 536 1182 584 reputatum
1210 526 1327 585 apud
1355 528 1564 585 antiquos
1591 524 1844 578 Romanos,
1871 524 1925 568 de
1952 525 2115 583 quibus

161 596 297 642 refert
320 597 544 645 Maximus
559 594 767 640 Valerius
789 593 1011 651 (secundo
1034 593 1104 636 De
1127 593 1379 637 memorab.
1401 592 1530 641 dictis
1559 606 1598 636 c.
1622 591 1698 648 1.),
1717 590 1841 650 quod
1864 591 2111 641 credebant

161 673 455 722 necipropter
475 662 759 711 sterilitatem
793 659 1082 717 conjugalem
1109 658 1246 703 fidem
1274 660 1437 704 debere
1465 658 1666 703 dissolvi.
1853 704 1856 709 ,

250 729 390 774 Item:
418 729 463 772 in
491 727 620 772 omni
647 726 854 772 animalis
886 727 1038 783 specie
1065 725 1111 768 in
1144 740 1234 783 quo
1271 726 1386 783 patr-i
1425 725 1543 769 inest
1579 724 1729 783 aliqua
1766 723 2027 768 sollicitudo
2061 723 2118 768 de
2172 732 2176 737 “

161 795 304 855 prole,
316 808 431 841 unus
457 808 556 839 rnas
578 808 672 838 non
688 794 825 840 habet
849 792 935 836 nisi
958 805 1096 835 unam
1120 791 1357 846 feminam,
1374 791 1491 835 sicut
1506 800 1629 849 patet
1649 790 1927 852 ngpibus
1941 790 2113 855 auibus,

162 861 627 923 quisslfflqlssffiffiunt
652 859 822 924 pullos.
841 859 949 903 Non
976 858 1098 902 enim
1124 857 1350 902 sufficeret
1381 872 1495 901 unus
1522 871 1620 902 mas
1647 857 1864 901 auxilium
1886 852 2118 916 praestare

93 919 104 928 ’
162 928 211 974 in
239 927 510 979 educatione
541 941 623 986 pro
645 925 682 970 is
723 925 922 984 pluribus
954 923 1148 968 feminis.
1174 925 1227 968 In
1260 923 1532 968 animalibus
1564 933 1718 968 autem
1749 923 1794 968 in
1826 924 1988 982 quibus
2024 937 2120 969 ma-

163 993 285 1044 ribus
308 993 432 1044 nulla
458 1003 527 1039 est
551 991 810 1043 sollicitudo
842 992 898 1036 de
924 990 1066 1050 prole,
1098 990 1408 1035 indifferenter
1434 1005 1532 1035 mas
1558 991 1696 1034 habet
1727 989 1877 1048 plures
1907 989 2122 1044 feminas,

163 1069 216 1112 et,
231 1058 401 1111 femina
423 1059 575 1119 plures
597 1072 759 1113 mares,
779 1058 899 1103 sicut
923 1060 969 1103 in
992 1057 1194 1111 canibus,
1217 1057 1410 1116 gallinis,
1445 1067 1489 1102 et
1519 1057 1796 1115 hujusmodi.
1817 1056 1938 1101 Cum
1961 1067 2117 1105 autern

163 1125 369 1176 masculo
394 1126 511 1172 inter
536 1125 693 1171 omnia
719 1124 934 1169 animalia
967 1125 1114 1181 major
1139 1124 1197 1170 sit
1228 1138 1335 1168 cura
1373 1124 1428 1175 de
1467 1123 1595 1182 prole
1631 1124 1677 1167 in
1713 1123 1863 1182 specie
1897 1123 2119 1177 humana,

163 1192 454 1244 manifestum
493 1202 560 1238 est
604 1191 726 1251 quod
753 1191 958 1236 naturale
985 1200 1051 1235 est
1076 1191 1254 1236 homini
1286 1191 1410 1250 quod
1441 1204 1558 1236 unus
1589 1204 1689 1235 mas
1721 1204 1862 1241 unam
1892 1189 2116 1235 feminam

162 1259 342 1313 habeat,
369 1268 414 1311 et
437 1273 463 1304 e
489 1272 727 1309 converso.

250 1325 441 1377 Adhuc:
467 1325 668 1374 amicitia
693 1326 738 1370 in
766 1323 963 1383 quadam
989 1323 1260 1383 aequalitate
1283 1323 1505 1376 consistit.
1522 1323 1665 1381 Igitur
1686 1322 1866 1373 mulieri
1891 1336 1986 1368 non
2007 1321 2118 1376 licet

160 1391 328 1444 habere
348 1392 499 1451 plures
517 1393 652 1446 viros,
678 1391 784 1450 quia
809 1391 900 1440 hoc
927 1401 1086 1435 contra
1109 1390 1427 1435 certitudinem
1453 1390 1608 1448 prolis.
1635 1390 1816 1441 Liceret
1838 1399 1991 1435 autem
2012 1389 2115 1434 viro

159 1458 327 1503 habere
353 1458 502 1518 plures
534 1472 696 1502 uxores
730 1458 768 1501 si
798 1470 893 1501 non
931 1466 1047 1501 esset
1084 1457 1280 1501 liberalis
1324 1457 1525 1500 amicitia
1558 1457 1709 1501 uxoris
1748 1456 1803 1500 ad
1839 1457 2005 1511 virum,
2037 1456 2117 1503 sed

162 1525 291 1584 quasi
316 1524 503 1578 servilis.
531 1524 586 1569 Et
612 1524 702 1569 hoc
729 1524 868 1568 etiam
895 1524 1206 1582 experimento
1235 1523 1581 1581 comprobatur:
1614 1523 1720 1583 quia
1746 1523 1865 1582 apud
1891 1523 2015 1571 viros
2045 1523 2124 1567 ha·

162 1592 320 1639 bentes
345 1590 497 1651 plures
521 1604 698 1645 uxores,
725 1604 888 1635 uxores
915 1590 1045 1648 quasi
1076 1589 1270 1634 ancillae
1295 1589 1532 1638 habentur.

219 1659 486 1705 Praeterea:
515 1658 716 1702 amicitia
740 1658 915 1701 intensa
941 1671 1036 1701 non
1061 1657 1253 1700 habetur
1281 1656 1336 1699 ad
1369 1655 1550 1711 multas»,
1577 1666 1626 1701 ut
1650 1666 1774 1714 patet
1799 1670 1877 1715 per
1910 1656 2120 1701 Philoso-

162 1725 304 1785 phu‘m
330 1725 383 1778 in¹
403 1734 567 1773 octavo
594 1724 740 1768 Ethic.
767 1725 829 1782 (c.¹
861 1723 934 1780 5.).
964 1723 1013 1767 Si
1039 1722 1174 1781 igitur
1200 1737 1314 1767 uxor
1338 1723 1478 1767 habet
1494 1736 1635 1766 unum
1661 1722 1810 1766 virum
1835 1723 2119 1780 tantum„vir

164 1801 318 1837 autem
343 1791 480 1844 habet
501 1790 653 1848 plures
679 1804 857 1843 uxores,
882 1803 977 1836 non
1004 1790 1086 1833 erit
1108 1788 1310 1848 aequalis
1330 1789 1530 1837 amicitia
1550 1803 1605 1833 ex
1631 1799 1819 1850 utraque
1843 1799 1982 1847 parte.
2009 1789 2115 1835 Non

163 1859 299 1917 igitur
322 1859 407 1910 erit
427 1857 626 1905 amicitia
653 1856 863 1910 liberalis,
889 1856 968 1903 sed
994 1856 1340 1915 quodammodo
1367 1855 1554 1901 servilis.
1845 1878 1850 1883 ·

254 1924 489 1984 Amplius:
517 1924 634 1967 sicut
659 1924 830 1967 dictum
864 1932 943 1975 est,
974 1923 1317 1966 matrimonium
1344 1923 1391 1966 in
1417 1922 1679 1968 hominibus
1705 1932 1886 1980 oportet
1911 1922 2112 1967 ordinari

97 1992 101 1994 ‘
167 1991 420 2037 secundum
453 1990 575 2049 quod
603 1991 820 2048 competit
857 1990 912 2033 ad
938 1990 1085 2033 bonos
1122 2003 1288 2034 mores.
1316 1990 1396 2033 Est
1423 1999 1576 2039 autem
1612 1999 1771 2033 contra
1797 1990 1944 2034 bonos
1969 2004 2122 2034 mores

164 2058 287 2117 quod
313 2071 428 2109 unus
454 2057 621 2101 habeat
646 2057 796 2115 plures
823 2070 1008 2101 uxores:
1026 2057 1133 2115 quia
1159 2070 1213 2100 ex
1231 2057 1320 2100 hoc
1345 2057 1636 2115 consequitur
1653 2057 1878 2101 discordia
1895 2057 1941 2100 in
1968 2056 2124 2102 dome-

164 2125 278 2178 stica
318 2124 506 2178 familia,
542 2135 591 2168 ut
622 2124 933 2182 experimento
968 2133 1103 2181 patet.
1131 2123 1238 2168 Non
1265 2134 1334 2168 est
1373 2124 1509 2182 igitur
1543 2124 1820 2168 conveniens
1857 2123 1979 2182 quod
2005 2137 2123 2167 unus

165 2192 310 2243 homo
335 2191 503 2236 habeat
526 2190 676 2250 plures
698 2204 875 2234 uxores.

178 2287 183 2293 ι
252 2258 370 2311 Hinc
396 2267 465 2312 est
489 2258 611 2317 quod
638 2257 799 2302 dicitur
824 2257 965 2315 (Gen.
993 2257 1051 2300 ΙΙ.
1080 2256 1194 2313 24.):
1217 2258 1359 2302 Erunt
1383 2256 1464 2301 duo
1491 2258 1535 2301 in
1561 2271 1685 2301 carne
1706 2270 1807 2301 una.

254 2324 343 2378 Per
369 2324 462 2371 hoc
487 2333 640 2369 autem
659 2323 911 2369 excluditur
944 2323 1228 2374 consuetudo
1253 2323 1519 2367 habentium
1542 2323 1691 2381 plures
1709 2338 1887 2378 uxores,
1906 2333 1950 2368 et
1966 2323 2124 2383 opinio

163 2390 383 2445 Platonis,
409 2392 486 2451 qui
511 2392 664 2451 posuit
688 2405 851 2435 uxores
877 2390 1039 2435 debere
1059 2404 1158 2435 esse
1187 2403 1477 2445 communes,
1497 2404 1634 2449 quem
1655 2390 1702 2434 in
1728 2404 1848 2435 nova
1869 2389 1972 2450 lege
2000 2404 2127 2436 secu-

164 2468 241 2511 tus
267 2468 337 2504 est
361 2457 597 2513 Nicolaus,
624 2471 741 2510 unus
767 2471 821 2502 ex
847 2467 1022 2516 septem
1050 2457 1330 2501 diaconibus.

267 2799 424 2846 QUOD
466 2799 860 2839 MATRIMONIUM
898 2800 1015 2840 NON
1053 2801 1234 2838 DEBET
1275 2801 1414 2839 FIERI
1454 2801 1617 2840 INTER
1658 2802 2020 2848 PROPINQUOS.

257 2922 449 2980 Propter
474 2921 736 2979 huiusmodi
763 2922 902 2966 etiam
929 2936 1088 2967 causas
1106 2923 1396 2967 rationabiles
1424 2923 1682 2967 ordinatum
1711 2924 1976 2983 est,legibus
1999 2927 2121 2985 quod

170 2999 320 3033 certae
346 3002 567 3049 personae
604 3003 630 3038 a
662 2989 957 3033 matrimonio
996 2989 1292 3033 excludantur
1316 3004 1432 3049 quae
1469 3001 1572 3035 sunt
1607 2991 1860 3036 secund-um
1896 2992 2123 3052 originem

170 3056 455 3112 conjunctae.
481 3053 602 3099 Nam
630 3068 735 3098 cum
758 3055 803 3098 in
831 3056 1125 3100 matrimonio
1149 3059 1204 3100 sit
1223 3056 1501 3100 diversarum
1520 3071 1818 3116 personarum
1845 3059 2122 3116 conjunctio,

170 3121 277 3165 illae
298 3134 522 3180 personae
538 3134 654 3180 quae
672 3135 722 3166 se
737 3122 902 3166 debent
919 3132 1124 3182 reputare
1142 3123 1269 3181 quasi
1287 3137 1428 3167 unum
1447 3134 1629 3183 propter
1650 3124 1860 3168 eamdem
1884 3126 2125 3184 originem,

172 3188 494 3233 convenienter
512 3201 538 3231 a
565 3188 859 3233 matrimonio
883 3188 1196 3243 excluduntur,
1223 3199 1270 3234 ut
1295 3189 1405 3234 dum
1431 3204 1480 3236 se
1499 3204 1577 3249 per
1602 3191 1692 3235 hoc
1710 3204 1852 3235 unum
1879 3206 1979 3237 esse
2001 3206 2129 3240 reco-

169 3264 409 3313 gnoscunt,
435 3252 679 3299 ferventius
703 3268 752 3298 se
769 3254 972 3313 diligant.

259 3320 396 3364 Item:
425 3334 529 3364 cum
553 3334 605 3369 ea
631 3334 747 3379 quae
769 3321 885 3366 inter
909 3322 1057 3366 virum
1090 3332 1134 3367 et
1161 3336 1349 3367 uxorem
1377 3333 1569 3381 aguntur
1594 3323 1841 3382 quamdam
1868 3324 2126 3369 naturalem

169 3387 494 3432 verecundiam
521 3387 731 3442 habeant,
750 3389 803 3431 ab
820 3388 892 3432 his
910 3399 1069 3433 mutuo
1089 3390 1274 3448 agendis
1299 3389 1400 3434 illas
1427 3404 1643 3448 personas
1669 3389 1897 3449 prohiberi
1924 3392 2126 3449 oportuit

171 3453 331 3511 quibus
363 3463 547 3512 propter
579 3454 952 3512 conjunctionem
984 3456 1216 3514 sanguinis
1248 3457 1499 3501 reverentia
1531 3456 1732 3515 debetur.
1769 3456 1902 3510 Quae
1937 3458 2122 3517 quidem

170 3520 287 3566 ratio
310 3520 486 3565 videtur
510 3521 556 3565 in
582 3523 722 3566 veteri
747 3520 849 3580 lege
874 3521 1074 3577 inducta,
1100 3537 1179 3582 per
1204 3523 1294 3568 hoc
1321 3523 1443 3583 quod
1461 3523 1623 3569 dicitur
1649 3523 1817 3580 (Levit.
1843 3522 2011 3573 XVIII.
2032 3525 2120 3584 9.):

178 3585 496 3648 Turpitudinam
517 3589 671 3639 sororis
693 3594 787 3634 tuae
806 3603 856 3641 ns
876 3588 1176 3649 discooperiam
1205 3599 1250 3636 et
1274 3589 1483 3643 similiter
1508 3590 1563 3635 de
1591 3590 1705 3635 aliis.
