2332 3854
240 214 350 271 214
903 216 1057 256 LIBER
1097 218 1153 255 ΙΙ.
1196 216 1319 256 CAP·
1362 216 1552 256 LXVIII.

235 332 260 362 a
286 318 477 363 materia
501 328 578 363 aut
599 319 641 363 ei
661 318 945 374 immersum,
963 319 1079 364 sicut
1097 318 1212 364 aliae
1229 318 1407 365 formae
1425 318 1710 376 materiales3
1738 321 1858 381 quod
1878 322 1973 380 ejus
1993 323 2198 382 operatio

232 384 553 430 intellectualis
571 387 783 440 ostendit,
800 387 847 443 in
865 401 953 445 qua
969 400 1063 430 non
1078 387 1392 432 communicat
1408 388 1599 433 materia
1618 388 1882 448 corporalis.
1905 389 2029 442 Quia
2045 399 2200 435 tamen

232 453 381 512 ipsum
397 453 649 513 intelligere
669 454 849 497 animae
867 454 1097 497 humanae
1115 454 1286 512 indiget
1308 455 1522 513 potentiis
1546 469 1661 515 quae
1683 470 1763 514 per
1785 456 2011 515 quaedam
2029 468 2202 516 organa

235 521 492 579 corporalia
519 531 779 579 operantur,
806 520 980 564 scilicet
1005 521 1335 579 imaginatione
1364 531 1408 566 et
1433 535 1582 577 sensu,
1611 537 1664 567 ex
1690 523 1781 567 hoc
1814 523 1915 582 ipso
1947 523 2203 569 declaratur

237 588 360 646 quod
386 587 650 632 naturaliter
676 588 826 631 unitur
854 587 1037 646 corpori
1064 587 1119 631 ad
1147 587 1469 648 complendam
1496 590 1697 649 speciem
1723 590 1990 636 humanam.

981 781 1236 882 CApuT
1269 826 1470 883 LXIX.

554 966 797 1006 SOLUTIO
833 968 1126 1008 RATIONUM
1160 970 1358 1016 QUIBUS
1393 970 1563 1010 SUPRA
1595 969 1886 1011 PROBATUR

271 1051 430 1096 QUOD
466 1051 807 1090 SUBSTANTIA
839 1051 1313 1091 INTELLECTUALIS
1348 1052 1465 1093 NON
1498 1052 1713 1092 POTEST
1749 1053 1988 1092 CORPORI
2020 1052 2172 1094 UNIRI

1070 1133 1146 1171 UT
1180 1134 1383 1173 FORMA.

329 1257 411 1302 His
438 1267 591 1301 autern
619 1258 932 1312 consideratis,
954 1272 1050 1303 non
1077 1268 1145 1304 est
1171 1258 1355 1304 difficile
1377 1258 1554 1304 solvere
1581 1273 1698 1319 quae
1732 1268 1892 1305 contra
1922 1258 2202 1320 praedictam

241 1324 461 1369 unionem
487 1339 620 1384 supra
647 1325 793 1383 posita
821 1335 940 1370 sunt.

328 1391 379 1435 In
405 1392 553 1451 prima
576 1393 699 1436 enim
725 1393 901 1437 ratione
918 1391 1086 1437 falsum
1105 1393 1395 1452 supponitur3
1418 1407 1513 1438 non
1540 1393 1664 1438 enim
1682 1407 1847 1453 corpus
1866 1403 1911 1438 et
1931 1393 2087 1438 anima
2101 1402 2206 1438 sunt

241 1460 357 1503 duae
383 1459 660 1504 substantiae
689 1469 792 1505 actu
819 1460 1100 1514 exsistentes,
1133 1461 1212 1504 sed
1239 1474 1294 1505 ex
1321 1461 1384 1505 eis
1412 1461 1589 1506 duobus
1620 1460 1671 1505 fit
1701 1475 1791 1505 una
1823 1460 2071 1506 substantia
2102 1470 2206 1507 actu

240 1527 485 1581 exsistens;
506 1541 670 1586 corpus
690 1527 813 1571 enim
829 1527 1031 1572 hominis
1049 1541 1142 1572 non
1161 1537 1228 1572 est
1243 1528 1367 1572 idem
1386 1538 1504 1583 actu,
1523 1538 1759 1588 praesente
1778 1527 1930 1572 anima
1947 1538 1992 1573 et
2007 1528 2206 1612 absente,

239 1594 319 1638 sed
346 1595 499 1638 anima
524 1593 668 1638 facit
657 1607 808 1652 ipsum
837 1605 939 1638 actu
968 1608 1080 1639 esse.
1753 1610 1784 1644 ἢ

333 1661 474 1714 Quod
507 1671 660 1706 autem
694 1662 896 1706 secundo
933 1662 1157 1720 objicitur,
1191 1661 1391 1706 formam
1419 1672 1462 1707 et
1489 1648 1727 1707 materiam
1760 1662 1806 1706 in
1842 1662 2008 1707 eodem
2039 1671 2206 1722 genere

241 1728 478 1782 contineri,
504 1742 598 1772 non
626 1729 690 1773 sic
716 1743 877 1772 verum
911 1739 980 1773 est
1010 1730 1140 1788 quasi
1172 1740 1415 1789 utrumque
1448 1732 1504 1774 sit
1535 1730 1711 1789 species
1743 1729 1876 1774 unius
1901 1729 2095 1789 generis,
2125 1728 2205 1773 sed

239 1796 346 1855 quia
381 1805 485 1839 sunt
519 1796 740 1854 principia
776 1796 981 1854 ejusdem
1018 1797 1199 1855 speciei.
1241 1797 1316 1841 Sic
1353 1797 1489 1855 igitur
1523 1797 1771 1842 substantia
1805 1795 2127 1841 intellectualis
2160 1805 2225 1840 et*

239 1876 419 1921 corpus,
446 1877 577 1922 quae,
604 1877 814 1907 seorsum
841 1863 1114 1917 exsistentia,
1143 1873 1295 1908 essent
1320 1864 1606 1908 diversorum
1629 1877 1850 1923 generum
1866 1876 2056 1922 species,
2071 1871 2207 1921 prout

239 1930 470 1984 uniuntur,
502 1939 607 1974 sunt
632 1930 765 1974 unius
793 1930 990 1988 generis,
1017 1940 1066 1974 ut
1091 1931 1326 1988 principia.

326 1997 435 2041 Non
462 2007 615 2041 autem
642 2007 823 2055 oportet
847 1997 1148 2041 substantiam
1174 1997 1532 2042 intellectualem
1560 2011 1657 2042 esse
1683 1997 1884 2042 formam
1905 1995 2206 2051 materialem,

239 2065 448 2123 quamvis
471 2078 569 2109 esse
597 2066 693 2123 ejus
720 2064 812 2108 sit
801 2079 847 2107 1n
875 2064 1079 2119 materia,
1117 2074 1165 2108 ut
1200 2066 1330 2109 tertia
1363 2066 1477 2109 ratio
1508 2064 1813 2123 procedebat;
1853 2078 1949 2109 non
1985 2065 2109 2109 enim
2139 2073 2209 2109 est

236 2133 285 2177 in
311 2133 502 2177 materia
527 2134 644 2176 sicut
668 2131 888 2176 materiae
916 2134 1133 2176 immersa
1159 2131 1233 2176 vel
1260 2146 1285 2176 a
1311 2132 1503 2177 materia
1527 2131 1727 2177 totaliter
1754 2131 2102 2191 comprehensa,
2119 2130 2206 2176 ‘sed

238 2199 330 2244 alio
357 2200 516 2254 modo,
543 2209 590 2244 ut
618 2199 792 2244 dictum
819 2209 901 2244 est.
1767 2219 1769 2221 ·

329 2267 427 2312 Nec
453 2278 622 2320 tamen,
645 2280 725 2326 per
746 2266 837 2310 hoc
855 2267 977 2325 quod
995 2266 1246 2311 substantia
1262 2265 1581 2311 intellectualis
1603 2265 1756 2310 unitur
1773 2264 1957 2325 corpori
1973 2273 2024 2310 ut
2037 2263 2203 2319 forma,

238 2344 501 2379 removetur
527 2333 649 2392 quod
678 2348 703 2377 a
734 2333 1022 2393 philosophis
1046 2334 1208 2378 dicitur
1232 2333 1387 2391 (tertio
1412 2333 1484 2376 De
1513 2332 1679 2387 anima,
1705 2342 1734 2377 t.
1755 2346 1793 2377 c.
1811 2332 1890 2391 9.),
1922 2330 2208 2376 intellectum

240 2416 339 2446 esse
367 2416 392 2445 a
419 2415 613 2459 corpore
639 2410 924 2459 separatum;
957 2410 1002 2445 et
1034 2410 1100 2445 est
1127 2411 1287 2460 quarta
1319 2400 1448 2445 ratio.
1483 2399 1562 2444 Est
1595 2399 1719 2444 enirn
1744 2399 1791 2443 in
1819 2399 1974 2443 anima
2005 2398 2207 2444 conside-

240 2483 340 2512 rare
359 2478 404 2512 et
415 2468 555 2527 ipsius
574 2470 819 2512 essentiam
839 2477 883 2511 et
898 2468 1152 2527 potentiam
1175 2470 1285 2526 ejus.
1313 2467 1578 2511 Secundum
1596 2467 1840 2511 essentiam
1862 2466 2047 2525 quidem
2062 2476 2210 2521 suam,

241 2536 318 2579 dat
343 2549 442 2580 esse
467 2534 548 2579 tali
570 2535 775 2593 corpori;
802 2534 1056 2579 secundum
1083 2535 1336 2592 potentiam
1359 2548 1485 2588 vero,
1512 2534 1804 2592 operationes
1827 2532 2034 2592 proprias
2055 2531 2207 2577 efficit.

243 2603 292 2646 Si
317 2603 455 2660 igitur
481 2602 685 2661 operatio
715 2602 894 2646 animae
927 2616 1008 2660 per
1039 2615 1266 2660 organum
1299 2600 1536 2661 corporale
1570 2599 1840 2660 completur,
1873 2609 2055 2659 oportet
2085 2598 2209 2659 quod

241 2670 445 2729 potentia
471 2670 666 2724 animae,
694 2683 810 2728 quae
838 2679 905 2713 est
929 2668 1051 2713 illius
1079 2669 1358 2728 operationis
1384 2668 1672 2727 principium,
1699 2668 1756 2712 sit
1782 2677 1908 2712 actus
1933 2666 2054 2711 illius
2068 2666 2210 2725 partis

245 2737 450 2796 corporis
481 2750 561 2796 per
594 2750 732 2795 quam
761 2737 965 2795 operatio
1000 2737 1095 2794 ejus
1129 2736 1398 2794 completur,
1431 2737 1548 2780 sicu:
1576 2737 1700 2780 visus
1734 2745 1802 2779 est
1835 2743 1962 2778 actus
1988 2733 2124 2779 oculi.
2158 2732 2209 2777 Si

245 2815 397 2849 autem
425 2805 630 2863 operatio
658 2805 753 2863 ejus
779 2818 874 2848 non
902 2804 1186 2863 compleatur
1218 2818 1296 2862 per
1329 2817 1554 2862 organum
1588 2802 1843 2862 corporale,
1874 2801 2080 2860 potentia
2111 2802 2209 2861 ejus

243 2886 338 2916 non
366 2872 449 2916 erit
476 2882 603 2916 actus
631 2871 821 2930 alicujus
845 2872 1073 2930 corporis;
1101 2881 1145 2916 et
1170 2885 1250 2929 per
1274 2871 1365 2915 hoc
1384 2871 1546 2915 dicitur
1571 2869 1828 2925 intellectus
1846 2881 1944 2932 esse
1961 2876 2208 2926 separatus,

243 2953 337 2983 non
365 2941 473 2998 quin
499 2939 747 2984 substantia
776 2939 971 2993 animae,
1000 2941 1128 2998 cujus
1156 2948 1224 2984 est
1248 2939 1452 2998 potentia
1482 2937 1755 2993 intellectus,
1781 2951 1866 2982 nec
1900 2936 2052 2981 anima
2083 2934 2210 2980 intel·

244 3007 408 3053 lectiva
434 3008 491 3053 sit
517 3007 722 3067 corporis
750 3017 890 3062 actus,
918 3018 967 3052 ut
992 3006 1142 3051 forma
1175 3008 1287 3051 dans
1312 3007 1392 3052 tali
1420 3007 1601 3065 corpori
1622 3020 1736 3051 esse.

298 3074 300 3077 ’
331 3075 440 3119 Non
474 3085 540 3120 est
572 3084 726 3119 autem
751 3075 1078 3129 necessarium,
1111 3077 1147 3119 si
1181 3075 1334 3118 anima
1366 3074 1618 3118 secundum
1651 3087 1780 3117 suam
1813 3071 2111 3117 substantiam
2144 3078 2218 3116 est·

243 3141 393 3186 forma
420 3143 638 3201 corporis,
665 3142 787 3201 quod
815 3142 965 3186 omnis
993 3142 1088 3199 ejus
1116 3141 1322 3201 operatio
1350 3141 1406 3185 sit
1431 3155 1511 3199 per
1538 3154 1718 3199 corpus,
1746 3153 1798 3184 ac
1824 3153 1905 3200 per
1933 3138 2025 3184 hoc
2057 3137 2211 3182 omnis

243 3212 338 3267 ejus
364 3211 504 3256 virtus
531 3211 588 3255 sit
614 3209 805 3269 alicujus
833 3210 1039 3269 corporis
1067 3219 1207 3263 actus,
1235 3219 1284 3253 ut
1310 3209 1466 3269 quinta
1493 3209 1607 3252 ratio
1634 3206 1924 3268 procedebat.
1949 3206 2053 3266 Jam
2086 3205 2210 3252 enim

243 3288 479 3323 ostensum
506 3286 572 3323 est
598 3277 721 3337 quod
749 3278 901 3321 anima
927 3277 1130 3320 humana
1155 3290 1250 3320 non
1277 3277 1335 3320 sit
1359 3275 1461 3320 talis
1488 3274 1638 3319 forma
1670 3289 1788 3334 quae
1814 3274 1872 3319 sit
1895 3273 2099 3319 totaliter
2127 3272 2211 3318 im-

243 3358 392 3389 mersa
419 3345 651 3399 materiae,
678 3344 757 3388 sed
785 3354 852 3388 est
876 3344 993 3388 inter
1025 3357 1187 3388 omnes
1220 3342 1333 3387 alias
1365 3342 1537 3386 formas
1572 3342 1770 3387 maxime
1804 3354 1938 3400 supra
1969 3339 2217 3402 materiam-

244 3411 442 3467 elevata3
471 3413 589 3456 unde
617 3421 661 3456 et
686 3412 1002 3470 operationem
1029 3410 1278 3470 producere
1306 3419 1457 3469 potest
1489 3410 1658 3469 absque
1686 3421 1894 3469 corpore,
1919 3406 1966 3453 id
1992 3417 2060 3452 est
2080 3404 2211 3467 quasi

236 3492 330 3522 non
358 3479 616 3537 dependens
643 3493 668 3523 a
695 3492 888 3539 corpore
913 3478 960 3522 in
988 3477 1237 3537 operandO,
1265 3477 1371 3536 quia
1397 3491 1483 3521 nec
1513 3478 1652 3521 etiam
1683 3475 1731 3520 in
1765 3473 1958 3520 essendo
1983 3472 2213 3534 dependet

245 3559 270 3589 a
296 3558 503 3604 corpore.
2184 3551 2199 3565 “

332 3611 507 3656 Eodem
535 3611 672 3658 etiam
697 3612 838 3658 modo
861 3622 985 3672 patet
1005 3610 1128 3672 quod
1147 3625 1214 3667 ea,
1233 3611 1394 3672 quibus
1411 3610 1639 3656 Averroes
1662 3605 2080 3669 suamopinionem
2102 3616 2218 3653 conr
2247 3669 2250 3672 ἢ

2308 2231 2332 2344 ’.ἶᾶἕέᾶἢῐω
2323 2223 2324 2226 Α
2314 2167 2332 2218 ἦλα
2320 2142 2322 2144 ⁴
2327 2110 2332 2134 ..t
