2332 3854
285 180 391 234 618
950 194 1102 233 LIBER
1143 194 1214 232 1v.
1256 194 1376 233 CAP.
1418 193 1582 233 xxxv.

281 296 465 351 turales,
492 305 540 341 ut
561 296 626 341 sic
655 311 815 342 eorum
841 297 990 341 unitas
1008 297 1151 355 possit
1176 296 1265 340 dici
1291 297 1438 341 unitas
1463 306 1665 341 naturae.
1694 295 1854 341 Tertio
1873 296 2032 353 modo,·
2057 308 2113 342 ex
2128 294 2240 358 ''plu-

281 364 402 407 ribus
444 364 493 407 fit
532 379 675 407 unum
712 378 792 422 per
825 363 1219 417 commixtionem,
1260 363 1377 407 sicut
1417 378 1470 407 ex
1503 373 1695 422 quatuor
1736 363 1974 407 elementis
2000 363 2239 424 fit'corpus

284 431 491 474 mixtum.
521 431 606 474 Hic
635 433 772 474 etiam
799 431 963 473 modus
989 429 1117 473 nullo
1141 430 1281 474 modo
1309 431 1528 488 competit
1550 431 1605 474 ad
1631 430 1943 489 propositum:
1970 431 2120 490 primo
2142 432 2241 491 qui-

284 498 405 551 dem,
440 498 544 556 quia
562 497 721 540 mixtio
748 511 842 539 non
876 506 944 539 est
964 497 1051 540 nisi
1069 508 1230 540 eorum
1248 511 1364 555 quae
1391 497 1735 541 communicant
1750 497 1797 540 in
1823 498 2028 551 materia,
2046 507 2099 542 et*
2121 511 2238 559 quae

285 578 422 622 agere
450 574 494 607 et
525 564 616 622 pati
641 564 694 605 ad
722 563 919 605 invicem
942 572 1047 606 nata
1067 573 1191 617 sunt;
1218 564 1339 621 quod
1363 563 1547 622 quidem
1572 564 1647 607 hic
1667 577 1764 608 esse
1785 577 1879 607 non
1901 573 2074 622 potest3·
2086 572 2240 609 women

283 644 383 674 sum
418 640 483 674 est
511 630 631 673 enim
658 630 704 672 in
737 629 887 687 primo
915 629 977 687 (c.
1010 628 1074 673 16.
1103 639 1148 674 et
1179 629 1266 687 17.)
1300 631 1422 688 quod
1464 630 1589 674 Deus
1621 629 1935 675 immaterialis
1975 641 2029 674 et
2048 629 2239 674 omnino

283 696 574 755 impassibilis
601 706 690 749 est3
717 696 935 750 secundo,
963 697 1068 755 quia
1095 711 1149 740 ex
1179 697 1251 740 his
1276 710 1472 755 quorum
1514 710 1655 740 unum
1682 696 1879 741 multum
1911 686 2087 741 excedit
2107 695 2239 742 aliud

282 765 447 808 mixtio
475 764 571 808 fieri
602 778 696 808 non
728 774 900 822 potest3
927 765 965 809 si
991 766 1090 824 quis
1118 765 1242 809 enim
1260 775 1436 823 guttam
1461 766 1556 809 vini
1582 766 1731 809 mittat
1761 765 1808 809 in
1840 765 1967 810 mille
1994 764 2240 825 amphoras

285 845 444 889 aquae,
471 845 564 874 non
599 831 681 874 erit
704 831 879 886 mixtio,
905 832 1243 891 sed'corruptio
1275 832 1383 886 vini,
1410 841 1594 891 propter
1620 831 1742 890 quod
1769 831 1907 876 etiam
1938 845 2023 875 nec
2050 830 2204 891 ligna'
2192 845 2239 874 in

218 905 220 907 ’
281 897 517 941 fornacem
544 897 660 955 ignis
701 898 840 941 missa
883 898 1077 942 dicimus
1104 898 1286 943 misceri
1311 899 1420 957 igni,
1454 899 1531 943 sed
1566 899 1620 942 ab
1657 899 1763 957 igne
1800 898 2024 952 consumi,
2055 906 2241 956 propter

282 964 581 1009 excellentem
608 965 725 1022 ignis
751 965 987 1018 virtutem3
1016 965 1167 1009 divina
1189 974 1343 1010 autem
1360 974 1519 1009 natura
1540 967 1585 1009 in
1603 965 1828 1008 infinitum
1847 964 2099 1008 humanam
2116 976 2242 1008 exce-

282 1031 360 1084 dit,
394 1045 534 1089 quum
565 1031 811 1075 virtus’Dei
837 1032 895 1075 sit
920 1031 1108 1085 infinita,
1127 1041 1175 1075 ut
1201 1041 1436 1076 ostensum
1462 1041 1530 1076 est
1548 1031 1668 1089 (Lib.
1693 1032 1726 1076 Ι.
1756 1045 1794 1075 c.
1820 1030 1938 1089 43.);
1959 1030 2088 1075 nullo
2104 1029 2241 1089 igitur

281 1098 422 1141 modo
456 1107 610 1156 posset
634 1097 733 1141 fieri
773 1098 933 1142 mixtio
975 1098 1207 1157 utriusque
1247 1107 1461 1152 naturae3
1503 1099 1650 1152 tertio,
1683 1098 1789 1156 quia
1821 1097 1929 1141 dato
1961 1096 2084 1156 quod
2114 1095 2242 1140 fieret

282 1164 457 1219 mixtio,
489 1174 650 1207 neutra
675 1174 835 1208 natura
858 1174 1115 1208 remaneret
1140 1164 1288 1220 salva;
1315 1164 1557 1208 miscibilia
1576 1164 1699 1208 enim
1725 1164 1771 1207 in
1800 1160 1942 1208 mixto
1958 1176 2053 1208 non
2070 1162 2242 1207 salvan-

279 1242 365 1284 tur,
393 1231 430 1274 si
451 1231 507 1274 sit
537 1245 645 1274 vera
686 1231 859 1275 mixtio.
888 1232 1025 1275 Facta
1057 1232 1194 1290 igitur
1224 1232 1528 1290 permixtione
1559 1232 1792 1289 utriusque
1825 1239 2029 1283 naturae,
2060 1224 2252 1273 divinae

283 1298 456 1341 scilicet
497 1306 541 1340 et
581 1298 825 1351 humanae,
853 1309 1012 1342 neutra
1038 1308 1199 1342 natura
1241 1306 1512 1352 remaneret,
1554 1298 1633 1342 sed
1661 1297 1830 1356 aliquid
1868 1298 2153 1351 tertium'yet
2177 1297 2265 1340 sic.

285 1364 496 1407 Christus
521 1377 615 1407 non
639 1375 756 1408 esset
786 1365 928 1417 DeuS,
954 1378 1103 1423 neque
1128 1365 1289 1408 homo.
1316 1365 1423 1408 Non
1456 1365 1592 1422 igitur
1618 1364 1682 1408 sic
1715 1372 1864 1422 potest
1894 1362 2242 1422 intelligi—quod

280 1431 510 1488 Eutyches
537 1430 660 1483 dixit,
693 1441 797 1474 ante
824 1432 1045 1474 unionem
1069 1430 1208 1475 fuisse
1235 1431 1347 1475 duas
1368 1441 1566 1484 naturas,
1593 1440 1698 1490 post
1723 1430 1942 1474 unionem
1967 1424 2079 1473 vero
2102 1440 2241 1472 unam

282 1497 326 1539 in
356 1497 562 1540 Domino
583 1496 687 1554 Jesu
717 1496 920 1552 Christ0,
946 1498 1077 1556 quasi
1103 1511 1156 1541 ex
1183 1498 1356 1541 duabus
1382 1498 1554 1541 naturis
1586 1498 1643 1541 sit
1674 1496 1921 1541 constituta
1950 1506 2044 1540 una
2067 1505 2243 1540 natura.

284 1563 570 1622 Relinquitur
587 1577 698 1622 ergo
725 1564 847 1622 quod
863 1564 970 1611 ,hoc
1003 1563 1282 1623 intelligatur
1313 1565 1404 1608 hoc
1422 1564 1565 1608 modo
1593 1562 1715 1623 quod
1734 1563 1874 1608 altera
1890 1572 2068 1608 tantum
2084 1572 2242 1608 earum

279 1639 384 1688 post
408 1630 629 1674 unionem
659 1631 943 1676 remanserit.
975 1631 1069 1675 Aut
1100 1631 1236 1689 igitur
1260 1630 1344 1675 fuit
1383 1631 1430 1675 in
1474 1630 1662 1675 Christo
1689 1630 1789 1675 sola
1820 1640 1981 1675 natura
2004 1629 2244 1684 divinaret

282 1697 327 1740 id
354 1697 473 1755 quod
498 1696 734 1741 videbatur
760 1697 805 1741 in
833 1711 889 1741 eo
923 1698 1179 1741 humanum
1203 1697 1287 1741 fuit
1318 1698 1672 1757 phantasticum,
1714 1707 1763 1741 ut
1787 1696 2091 1741 Manichacus
2113 1690 2243 1751 dixit}

282 1773 359 1806 aut
395 1763 545 1806 divina
575 1773 738 1807 natura
769 1777 991 1808 conversa
1018 1774 1085 1808 est
1109 1765 1155 1807 in
1181 1764 1435 1808 humanam
1467 1774 1692 1817 naturam,
1719 1773 1768 1807 ut
1799 1762 2242 1822 Apollinarisdixit3

281 1839 441 1873 contra
465 1844 580 1888 quos
602 1843 737 1887 supra
761 1830 1105 1889 disputavimus.
1124 1830 1412 1890 Relinquitur
1427 1831 1564 1889 igitur
1580 1831 1670 1874 hoc
1698 1842 1797 1874 esse
1818 1828 2116 1889 impossibile,
2136 1838 2243 1873 ante

284 1896 503 1940 unionem
529 1895 668 1941 fuisse
695 1897 806 1940 duas
831 1907 1014 1941 naturas
1031 1898 1087 1941 'in
1115 1897 1317 1951 Christo,
1344 1907 1446 1956 post
1473 1897 1692 1941 unionem
1718 1909 1829 1940 vero
1861 1908 2015 1941 uuam.

369 1962 603 2021 Amplius:
629 1977 864 2022 nunquam
891 1964 1118 2008 invenitur
1145 1978 1199 2007 ex
1225 1963 1397 2008 duabus
1434 1964 1606 2008 naturis
1639 1962 1928 2007 manentibus
1952 1961 2051 2007 fieri
2080 1956 2237 2017 unam,

279 2043 335 2074 eo
358 2030 480 2088 quod
507 2029 735 2088 quaelibet
759 2040 919 2074 natura
947 2041 1014 2075 est
1036 2031 1268 2090 quoddam
1285 2040 1449 2084 totum,
1478 2044 1532 2075 ea
1555 2043 1664 2073 vero
1683 2043 1736 2074 ex
1759 2029 1933 2088 quibus
1947 2028 2118 2088 aliquid
2136 2041 2244 2074 con-

279 2097 476 2140 stituitur
503 2097 670 2140 cadunt
681 2098 726 2140 in
752 2097 930 2141 ratione
953 2100 1104 2156 partis
1128 2098 1277 2151 Unde,
1296 2111 1437 2156 quum
1457 2111 1511 2141 ex
1538 2097 1692 2140 anima
1715 2105 1760 2140 et
1777 2095 2064 2155 corporefiat
2084 2090 2243 2150 unum,

279 2177 428 2222 neque
457 2177 620 2222 corpus
646 2177 795 2222 neque
815 2164 967 2207 anima
984 2173 1146 2208 natura
1163 2164 1253 2207 dici
1277 2174 1441 2223 potest,
1468 2163 1585 2208 sicut
1605 2177 1726 2206 nunc
1743 2162 1977 2221 loquimur
1991 2158 2049 2206 de
2065 2171 2244 2217 natura,
2318 2185 2320 2187 >

279 2230 385 2288 quia
410 2239 622 2274 neutrum
649 2230 789 2274 habet
821 2231 1024 2288 speciem
1067 2230 1362 2289 completam,
1395 2230 1475 2274 sed
1502 2239 1745 2288 utrumque
1778 2238 1847 2274 est
1877 2242 1981 2288 pars
2005 2229 2138 2274 unius
2168 2239 2246 2273 na-'
2319 2246 2331 2289 j

278 2307 420 2341 turae.
450 2296 609 2349 Quum
634 2297 772 2355 igitur
797 2307 959 2341 natura
983 2298 1188 2341 humana
1214 2298 1271 2341 sit
1292 2297 1490 2355 quedam
1515 2305 1677 2340 natura
1700 2294 1946 2354 completa,
1972 2305 2017 2340 et
2036 2294 2245 2340 similiter
2314 2293 2319 2333 ’Ῐ

278 2374 441 2407 natura
474 2364 639 2417 divina,
665 2363 948 2422 impossibile
975 2374 1044 2408 est
1069 2364 1190 2423 quod
1219 2373 1493 2408 concurrant
1517 2363 1565 2407 in
1597 2377 1738 2406 unam
1778 2372 2006 2416 naturam,
2039 2361 2130 2407 nisi
2168 2360 2244 2406 vel
2315 2417 2317 2421 ¹

280 2440 485 2489 utraque,
511 2429 586 2474 vel
612 2430 700 2474 alia
727 2441 1066 2489 corrumpatur;
1099 2430 1222 2489 quod
1250 2444 1347 2475 esse
1379 2444 1475 2474 non
1516 2439 1680 2489 potest,
1714 2443 1855 2488 quum
1897 2443 1952 2474 ex
1977 2427 2244 2488 supradictis
2312 2429 2326 2482 j

283 2508 436 2556 pateat
452 2511 595 2541 unum
623 2497 859 2542 Christum
887 2508 932 2542 et
947 2511 1108 2542 verum
1135 2498 1289 2542 Deum
1311 2507 1356 2542 et
1371 2511 1532 2541 verum
1557 2497 1796 2540 hominem
1824 2509 1936 2542 esse.
1954 2495 2243 2555 Impossibile
2307 2496 2325 2536 ἶ

282 2574 351 2609 est
382 2565 519 2623 igitur
543 2564 590 2607 in
619 2564 805 2609 Christo
833 2578 972 2608 unam
995 2578 1094 2608 esse
1125 2574 1302 2608 tantum
1334 2567 2314 2608 naturam.

369 2632 510 2676 Item:
539 2644 594 2675 ex
628 2631 804 2676 duobus
837 2631 1125 2675 manentibus
1157 2645 1247 2675 una
1278 2642 1439 2675 natura
1472 2630 1781 2675 constituitur.
1808 2629 1883 2674 vel
1913 2629 2030 2674 sicut
2064 2642 2119 2674 ex
2148 2640 2246 2689 par·
2313 2640 2315 2646 ’

278 2699 397 2742 tibus
425 2698 749 2757 corporalibus,
781 2698 898 2742 sicut
930 2712 984 2742 ex
1011 2697 1227 2742 membris
1254 2698 1540 2742 constituitur
1567 2696 1751 2750 animal,
1777 2696 1901 2756 quod
1923 2696 1999 2740 hic
2026 2696 2117 2740 dici
2146 2709 2247 2741 non
2306 2738 2308 2740 ,

279 2775 441 2825 potest,
465 2779 606 2823 quum
638 2765 790 2808 divina
815 2775 975 2809 natura
999 2778 1094 2809 non
1122 2765 1178 2808 sit
1205 2764 1372 2823 aliquid
1400 2777 1698 2823 corporeum3
1730 2763 1805 2808 vel
1831 2763 1951 2814 sicut
1972 2776 2027 2807 ex
2050 2757 2243 2810 materia

281 2842 326 2876 et
350 2831 496 2876 forma
531 2832 817 2876 constituitur
845 2831 1011 2890 aliquid
1038 2846 1196 2885 unum,
1224 2832 1339 2875 sicut
1366 2845 1418 2875 ex
1439 2831 1592 2874 anima
1619 2841 1662 2875 et
1684 2843 1876 2888 corpore
1903 2829 2096 2885 animal;
2120 2830 2242 2890 quod
2309 2833 2324 2871 §³

280 2899 417 2943 etiam
436 2912 529 2942 non
556 2908 705 2957 potest
720 2899 766 2942 in
783 2899 1018 2958 proposito
1037 2899 1145 2943 dici:
1175 2908 1412 2943 ostensum
1439 2908 1507 2942 est
1525 2898 1647 2941 enim
1674 2897 1720 2941 in
1739 2897 1892 2956 primo
1913 2893 1975 2956 (c.
2004 2909 2070 2955 17.
2088 2905 2134 2942 et
2149 2896 2244 2958 27.)
2302 2923 2307 2949 χ

280 2966 402 3024 quod
434 2966 561 3009 Deus
593 2979 741 3024 neque
775 2966 964 3009 materia
999 2975 1081 3020 est,
1121 2979 1268 3024 neque
1295 2965 1485 3022 alicujus
1518 2963 1665 3008 forma
1693 2977 1792 3008 esse
1828 2972 1991 3023 potest.
2025 2963 2076 3008 Si
2106 2963 2246 3024 igitur
2289 2983 2319 3022 2².-

283 3032 492 3076 Christus
526 3042 593 3076 est
618 3046 753 3076 verus
785 3033 910 3076 Deus
953 3042 997 3076 et
1037 3046 1170 3076 verus
1211 3032 1370 3085 homo,
1404 3041 1452 3075 ut
1479 3040 1712 3075 ostensum
1747 3040 1828 3086 est,
1859 3029 2142 3114 impossibile
2174 3037 2244 3076 est

284 3101 405 3158 quod
434 3101 479 3143 in
513 3114 568 3144 eo
595 3100 653 3143 sit
683 3115 773 3144 una
805 3109 966 3144 natura
998 3109 2327 3145 tantum.

371 3167 560 3210 Adhuc:
590 3167 836 3211 subtractio
863 3166 936 3210 vel
964 3166 1133 3210 additio
1153 3165 1343 3224 alicujus
1361 3165 1614 3210 essentialis
1640 3164 1852 3224 principii
1877 3164 2022 3209 variat
2041 3163 2251 3225 speeiemi

282 3234 362 3287 rei,
390 3244 433 3277 et
459 3248 539 3292 per
555 3244 851 3292 consequens
892 3242 1038 3277 mutat
1078 3243 1304 3285 naturam,
1345 3245 1461 3291 quae
1487 3231 1602 3275 nihil
1628 3240 1696 3276 est
1728 3229 1850 3275 aliud
1873 3244 2011 3290 quam
2048 3231 2294 3279 essenti&

284 3314 421 3358 quam
450 3300 674 3358 significat
691 3299 914 3353 diffinitio,
942 3309 990 3344 ut
1015 3300 1187 3343 dictum
1206 3309 1274 3343 est
1289 3299 1351 3357 (c.
1383 3311 1448 3357 33
1452 3298 1496 3355 );
1524 3308 1569 3342 et
1586 3297 1874 3357 propterhoc
1890 3297 2106 3343 videmus
2117 3291 2240 3363 quod
2286 3285 2332 3360 ξ’

284 3367 537 3410 differentia
563 3366 774 3424 specifica
801 3367 964 3420 addita,
992 3366 1065 3410 vel
1092 3367 1319 3410 subtracta
1345 3364 1604 3409 diffinitioni
1629 3365 1738 3409 facit
1777 3363 1964 3410 differre
1989 3361 2253 3411 secundum
2288 3350 2326 3439 }

285 3434 500 3492 speciem,
528 3434 644 3477 sicut
677 3433 846 3477 animal
873 3433 1094 3478 rationale
1127 3433 1172 3478 et
1203 3433 1378 3478 ratione
1405 3446 1564 3476 carens
1600 3431 1752 3491 specie
1788 3429 2027 3509 differunt,
2048 3441 2101 3476 et
2123 3423 2249 3478 sieut

280 3500 326 3543 in
354 3500 554 3544 numeris
581 3502 728 3544 unitas
757 3501 905 3544 addita
932 3500 1004 3544 vel
1031 3500 1259 3544 subtracta
1290 3498 1399 3543 facit
1425 3498 1563 3543 aliam
1593 3508 1637 3543 et
1663 3497 1801 3542 aliam
1820 3497 2039 3556 speciem·
2049 3496 2252 3544 numeri.
2307 3495 2315 3506 ‘²

282 3566 447 3610 Forma
481 3576 633 3611 autem
668 3577 734 3611 est
766 3566 1006 3612 essentiale
1040 3566 1326 3626 principium.
1362 3565 1530 3611 Omnis
1562 3565 1697 3624 igitur
1728 3563 1904 3610 formae
1932 3554 2102 3609 additio
2131 3561 2282 3610 facit
