2332 3854
286 235 387 303 108
984 249 1139 287 LIBER
1178 248 1215 286 1.
1258 248 1379 286 CAP.
1418 247 1531 286 xc1.

278 358 332 396 est
351 351 574 409 judicium.
604 351 715 396 Vidit
739 352 870 404 Deus,
897 352 997 408 quia
1021 364 1105 394 non
1130 356 1183 394 est
1206 351 1293 403 vir,
1321 355 1358 394 et
1377 351 1596 409 aporiatus
1618 356 1687 405 est,
1714 357 1753 396 et
1777 353 1877 410 quia
1901 366 1986 396 non
2007 353 2152 410 estqui
2171 366 2235 398 oc·

279 424 438 462 currat.

365 483 430 526 Ex
456 483 693 541 praedictis
718 493 870 526 autem
893 482 1145 527 excluditur
1162 495 1286 526 error
1303 483 1589 541 quorundam
1601 483 1879 542 Judaeorum
1897 483 2234 531 attribuentium

275 549 378 593 Deo
404 550 534 602 iram,
560 550 798 602 tristitiam,
821 549 1163 607 poenitentiam,
1186 558 1230 592 et
1252 562 1412 593 omnes
1430 550 1694 608 huJusmodi
1710 551 1957 609 passiones,
1983 550 2235 595 secundum

277 616 616 674 proprietatem,
642 630 736 659 non
759 616 1085 674 distinguentes
1113 615 1217 674 quid
1243 615 1291 659 in
1313 615 1556 675 Scripturis
1578 617 1717 661 sacris
1739 617 1934 676 proprie,
1955 625 2000 660 et
2021 616 2128 675 quid
2144 630 2236 662 me-

276 682 516 741 taphorice
543 683 731 726 dicatur.

1021 836 1275 894 CAPUT
1313 837 1493 894 XCII.

574 971 861 1017 QUOMODO
903 972 960 1012 IN
999 973 1113 1011 DEo
1148 972 1448 1013 PONANTUR
1479 973 1607 1011 ESSE
1645 972 1934 1012 vm'ruTES.

366 1080 666 1138 Consequens
694 1091 761 1124 est
786 1090 941 1125 autem
968 1095 1022 1126 ex
1048 1082 1179 1126 dictis
1205 1082 1459 1135 ostendere,
1487 1082 1722 1141 quomodo
1748 1082 1934 1126 virtutes
1958 1081 2006 1125 in
2032 1080 2135 1126 Deo
2157 1094 2234 1140 po-

273 1161 381 1191 nere
408 1156 600 1204 Oportet.
630 1147 827 1205 Oportet
853 1149 975 1192 enim
1002 1149 1118 1192 sicut
1143 1162 1239 1192 esse
1273 1150 1368 1206 ejus
1401 1158 1467 1193 est
1497 1148 1809 1193 universaliter
1840 1147 2106 1207 perfectum,
2138 1161 2236 1192 om-

271 1214 399 1256 nium
432 1214 605 1257 entium
637 1213 939 1272 perfectiones
964 1214 1011 1257 in
1043 1228 1091 1258 se
1118 1215 1463 1273 quodammodo
1496 1214 1906 1273 comprehendens,
1938 1214 2000 1258 ita
2033 1224 2079 1258 et
2107 1213 2234 1258 boni-

270 1290 410 1324 tatem
425 1281 519 1337 ejus
537 1280 747 1324 Omnium
758 1281 985 1324 bonitates
1002 1281 1048 1324 in
1062 1295 1110 1324 se
1128 1281 1473 1339 quodammodo
1492 1281 1896 1340 comprehendere.
1908 1279 2063 1324 Virtus
2081 1289 2234 1324 autem

271 1356 340 1390 est
362 1347 541 1391 bonitas
568 1347 815 1405 quaedam:
834 1347 1061 1391 virtuosus
1078 1362 1277 1406 namque
1294 1348 1546 1391 secundum
1564 1361 1667 1391 eam
1689 1347 1851 1391 dicitur
1865 1347 2028 1401 bonus,
2051 1356 2096 1391 et
2117 1360 2232 1405 opus

273 1414 368 1470 ejus
393 1414 581 1457 bonum.
611 1414 810 1471 Oportet
835 1428 944 1472 ergo
968 1414 1220 1458 bonitatem
1247 1414 1446 1458 divinam
1465 1428 1626 1458 omnes
1648 1414 1835 1458 virtutes
1856 1427 1940 1458 suo
1961 1413 2103 1458 modo
2125 1427 2235 1459 con-

270 1481 429 1534 tinere,
456 1480 575 1524 unde
602 1480 727 1523 nulla
754 1495 911 1524 earum
937 1481 1190 1525 secundum
1212 1480 1420 1525 habitum
1447 1483 1493 1525 in
1518 1481 1622 1525 Deo
1656 1481 1832 1535 dicitur,
1865 1481 1981 1526 sicut
2010 1480 2057 1524 in
2087 1480 2233 1526 nobis.

271 1547 374 1590 Deo
402 1547 524 1590 enim
550 1561 645 1591 non
672 1548 887 1591 convenit
911 1548 1086 1591 bonurn
1114 1561 1211 1591 esse
1238 1561 1318 1606 per
1344 1547 1513 1606 aliquid
1539 1547 1661 1591 aliud
1693 1547 1736 1591 ei
1767 1546 2122 1605 superadditum,
2153 1546 2234 1592 sed
2279 1552 2291 1566 '

271 1627 352 1672 per
377 1616 621 1658 essentiam
654 1627 800 1667 suam,
835 1628 941 1657 cum
973 1614 1030 1658 sit
1062 1614 1253 1658 omnino
1287 1613 1504 1672 simplex;
1535 1628 1635 1675 nec,
1654 1614 1793 1658 etiam
1824 1627 1904 1673 per
1929 1613 2100 1672 aliquid
2125 1627 2234 1658 suae

272 1681 493 1724 essentiae
520 1681 724 1724 additum
750 1681 857 1739 agit,
885 1695 991 1724 cum
1017 1695 1098 1724 sua
1125 1681 1244 1724 actio
1266 1681 1328 1728 ‚sit
1353 1695 1485 1724 suurn
1504 1695 1616 1734 esse,
1639 1690 1688 1724 ut
1703 1690 1939 1725 ostensum
1961 1689 2029 1725 est
2044 1680 2105 1738 (c.
2121 1680 2231 1738 45.).

271 1748 379 1792 Non
406 1758 473 1792 est
497 1748 632 1805 igitur
658 1748 799 1792 virtus
824 1748 872 1791 in
897 1748 999 1791 Deo
1028 1747 1189 1806 aliquis
1215 1747 1409 1801 habitus,
1436 1748 1515 1791 sed
1541 1761 1622 1791 sua
1649 1747 1855 1792 essentia.

359 1814 495 1859 Item:
516 1814 695 1858 habitus
713 1813 1006 1873 imperfectus
1026 1824 1151 1858 actus
1169 1824 1237 1858 est
1254 1814 1382 1873 quasi
1399 1814 1575 1858 medius
1592 1815 1709 1858 inter
1726 1815 1979 1873 potentiam
1996 1822 2040 1859 et
2056 1822 2232 1869 actum;

270 1880 390 1924 unde
418 1891 463 1925 et
486 1881 704 1925 habentes
721 1881 927 1925 habitum
945 1881 1274 1925 dormientibus
1293 1890 1628 1939 comparantur.
1646 1882 1702 1926 In
1723 1882 1826 1925 Deo
1850 1891 2004 1930 autem
2021 1890 2090 1925 est
2106 1889 2232 1926 actus

271 1947 641 2007 perfectissimus.
668 1948 812 1992 Actus
837 1948 974 2006 igitur
998 1948 1046 1991 in
1073 1961 1128 1992 eo
1153 1961 1248 1991 non
1275 1958 1342 1992 est
1367 1948 1484 1992 sicut
1508 1948 1688 1992 habitus
1714 1957 1759 1992 et
1784 1947 1988 2003 scientia,
2013 1947 2095 1992 sed
2115 1947 2233 1995 sicut

272 2014 576 2068 considerare,
603 2015 726 2072 quod
752 2024 820 2058 est
846 2024 972 2058 actus
999 2014 1182 2058 ultimus
1210 2023 1252 2058 et
1278 2013 1518 2071 perfectus.

356 2081 553 2124 Adhuc:
580 2081 758 2124 habitus
780 2081 1011 2140 potentiae
1039 2081 1229 2139 alicujus
1255 2080 1527 2139 perfectivus
1554 2090 1644 2136 est;
1670 2081 1717 2125 in
1742 2082 1846 2126 Deo
1864 2091 2017 2126 autem
2033 2079 2150 2126 nihil
2165 2089 2233 2126 est

269 2148 521 2191 secundum
547 2148 814 2207 potentiam,
841 2148 919 2192 sed
947 2147 1099 2192 solum
1125 2149 1378 2192 secundum
1405 2158 1582 2203 actum;
1604 2148 1652 2192 in
1684 2162 1740 2193 eo
1766 2149 1904 2207 igitur
1928 2148 2111 2194 habitus
2133 2162 2231 2194 esse

268 2228 364 2258 non
389 2224 552 2273 potest.

356 2282 620 2326 Praeterea:
647 2282 826 2326 habitus
853 2282 908 2326 de
935 2296 1101 2340 genere
1128 2282 1375 2326 accidentis
1402 2292 1482 2336 est,
1500 2282 1623 2341 quod
1638 2282 1685 2326 in
1701 2282 1804 2326 Deo
1827 2282 2020 2327 omnino
2035 2295 2130 2327 non
2149 2291 2230 2336 est,

267 2358 316 2392 ut
341 2363 476 2407 supra
502 2350 562 2405 (c.
591 2349 683 2408 23.)
712 2360 948 2393 ostensum
975 2359 1054 2393 est.
1077 2349 1220 2407 Igitur
1241 2363 1326 2393 nec
1354 2349 1495 2393 virtus
1519 2349 1670 2408 aliqua
1686 2349 1733 2394 in
1750 2350 1854 2394 Deo
1875 2349 2130 2395 secundum
2155 2349 2232 2394 ha·

266 2415 411 2459 bitum
437 2415 614 2470 dicitur,
639 2416 718 2460 sed
745 2416 898 2460 solum
925 2417 1177 2460 secundum
1203 2416 1464 2460 essentiam.

357 2483 480 2527 Cum
506 2492 659 2527 autem
684 2483 870 2528 virtutes
896 2484 1127 2527 humanae
1153 2484 1243 2527 sint
1268 2484 1427 2542 quibus
1453 2484 1656 2528 humana
1673 2484 1766 2528 vita
1784 2483 2009 2544 dirigitur;
2024 2485 2229 2530 humana

268 2559 421 2594 autem
446 2550 539 2594 vita
564 2550 622 2594 sit
639 2550 817 2609 duplex,
837 2550 1191 2609 contemplativa
1210 2559 1253 2595 et
1267 2551 1437 2606 activa3
1456 2565 1571 2610 quae
1590 2551 1774 2610 quidem
1792 2551 1849 2595 acl
1869 2552 2067 2597 activam
2087 2551 2228 2596 vitam

266 2617 452 2660 virtutes
479 2617 716 2675 pertinent,
744 2628 877 2676 prout
902 2618 1021 2681 hanc
1047 2618 1190 2662 vitam
1216 2617 1468 2677 perficiunt,
1493 2618 1597 2662 Deo
1625 2628 1887 2676 competere
1908 2633 2004 2663 non
2025 2628 2228 2678 possunt.

265 2683 370 2727 Vita
393 2683 516 2727 enim
543 2684 691 2728 activa
717 2684 920 2729 hominis
946 2685 992 2728 in
1020 2699 1103 2729 usu
1122 2684 1430 2744 corporalium
1446 2685 1675 2728 bonorum
1693 2685 1922 2740 consistit;
1944 2686 2064 2730 unde
2086 2695 2131 2730 et
2145 2685 2229 2729 vir-

265 2761 381 2795 tutes
409 2751 604 2795 activam
621 2752 763 2796 vitam
786 2752 997 2811 dirigunt,
1016 2752 1177 2811 quibus
1199 2753 1269 2796 his
1285 2752 1416 2796 bonis
1433 2761 1554 2796 recte
1578 2752 1760 2796 utimur.
1781 2751 2057 2811 Hujusmodi
2073 2761 2228 2797 autem

264 2818 367 2861 Deo
396 2819 641 2862 convenire
666 2833 761 2863 non
786 2829 998 2878 possunt;
1025 2819 1162 2879 igitur
1186 2833 1271 2863 nec
1297 2818 1563 2878 hujusmodi
1577 2819 1779 2873 virtutes,
1797 2828 1931 2878 prout
1949 2818 2069 2864 hanc
2084 2818 2228 2864 vitam

265 2884 475 2942 dirigunt.
868 2936 873 2941 ¹

353 2951 543 3011 Adhuc:
570 2951 834 3009 huJusmodi
860 2953 1046 2996 virtutes
1075 2966 1226 2996 mores
1254 2951 1497 2996 hominum
1516 2952 1768 2996 secundum
1790 2951 2026 3011 politicam
2043 2966 2228 2998 conver-

265 3018 491 3062 sationem
518 3018 778 3076 perficiunt:
806 3019 927 3062 unde
953 3018 1055 3073 illis,
1082 3020 1159 3076 qui
1185 3019 1371 3076 politica
1398 3018 1746 3062 conversatione
1772 3032 1867 3062 non
1893 3022 2094 3073 utuntur,
2120 3032 2227 3065 con·

262 3085 416 3128 venire
443 3099 537 3129 non
571 3085 765 3129 multum
802 3086 1022 3129 videntur.
1056 3085 1203 3129 Multo
1240 3085 1377 3143 igitur
1414 3086 1564 3129 minus
1600 3086 1703 3129 Deo
1741 3086 1987 3131 convenire
2022 3096 2225 3145 possunt,

264 3153 389 3209 cuius
418 3153 707 3196 conversatio
735 3162 779 3196 et
804 3153 896 3196 vita
922 3152 1060 3211 longe
1095 3163 1162 3196 est
1188 3166 1213 3196 a
1239 3152 1381 3196 modo
1408 3153 1640 3196 humanae
1665 3153 1799 3197 vitae.

352 3219 526 3263 Harum
552 3220 690 3264 etiam
722 3220 940 3264 virtutum
978 3234 1094 3278 quae
1131 3219 1251 3264 circa
1288 3220 1484 3263 activam
1511 3219 1653 3263 vitam
1690 3230 1808 3275 sunt,
1845 3219 2072 3279 quaedam
2104 3220 2226 3266 circa

263 3286 497 3342 passiones
513 3301 598 3331 nos
616 3287 827 3346 dirigunt,
845 3301 955 3346 quas
974 3287 1019 3330 in
1042 3287 1144 3330 Deo
1162 3299 1331 3345 ponere
1348 3300 1442 3330 non
1465 3300 1723 3344 possumus.
1744 3287 1945 3332 Virtutes
1966 3287 2088 3333 enim
2106 3300 2223 3347 quae

264 3352 383 3395 circa
410 3353 645 3410 passiones
671 3363 788 3408 sunt,
815 3367 868 3397 ex
894 3354 1002 3412 ipsis
1028 3352 1312 3411 passionibus
1338 3353 1540 3411 speciem
1563 3353 1812 3397 sortiuntur
1828 3353 1945 3399 sicut
1960 3367 2014 3398 ex
2031 3353 2223 3413 propriis

263 3418 483 3475 objectis:
510 3420 631 3464 unde
657 3430 702 3464 et
732 3419 1032 3479 temperantia
1069 3433 1094 3463 a
1126 3418 1390 3463 fortitudine
1417 3418 1578 3474 differt,
1614 3419 1661 3463 in
1697 3429 1918 3479 quantum
1948 3419 2065 3465 haec
2100 3419 2223 3466 circa

263 3485 633 3543 concupiscibilia
660 3496 740 3540 est,
766 3486 844 3530 illa
869 3500 980 3531 vero
1008 3486 1129 3530 circa
1154 3485 1343 3529 timores
1369 3495 1414 3530 et
1439 3486 1667 3531 audacias.
1686 3486 1738 3530 In
1758 3486 1863 3532 Deo
1879 3495 2034 3534 autem
2053 3483 2224 3546 passio-

261 3564 341 3595 nes
367 3564 461 3595 non
488 3562 606 3607 sunt,
632 3563 680 3597 ut
703 3563 939 3598 ostensum
965 3563 1033 3597 est
1058 3554 1119 3610 (c.
1148 3550 1255 3612 89.).
1282 3551 1425 3611 Igitur
1449 3566 1533 3598 nec
1556 3552 1826 3612 huJusmodi
1845 3553 2032 3599 virtutes
2052 3552 2220 3599 inDeo

263 3631 360 3662 esse
387 3629 589 3676 possunt.
