2332 3854
823 191 978 231 Lmen
1016 190 1092 231 111.
1134 190 1253 230 CAP.
1296 189 1465 229 xcvn.
2001 190 2108 245 437

159 293 316 339 omnia
347 291 435 337 alia
461 290 658 336 ordinari
682 289 902 335 videntur.
936 291 991 336 Et
1017 292 1270 336 secundum
1294 292 1387 337 hoc
1411 289 1738 335 rationabiliter
1764 290 1941 335 videtur
1963 305 2062 336 esse
2084 305 2110 335 a

160 359 322 404 Boetio
344 356 586 403 dictum·in
611 357 759 416 primo
776 371 884 402 suae
911 358 1240 403 Arithmeticae
1267 358 1327 416 (c.
1355 357 1434 415 2.)‚
1466 356 1589 416 quod
1611 357 1768 400 omnia
1794 370 2109 416 quaecumque

160 438 186 469 a
211 426 443 484 primaeva
467 437 619 469 rerum
660 433 819 469 natura
860 426 1103 470 constituta
1135 434 1253 479 sunt,
1292 438 1345 470 ex
1376 437 1674 475 numerorum
1700 423 1909 468 videntur
1934 423 2109 467 ratione

158 505 259 536 esse
284 491 491 537 formata.

246 557 326 602 Est
351 567 502 602 autem
530 556 924 610 considerandum,
958 557 1078 615 quod
1111 558 1344 617 operativa
1377 558 1508 612 ratio,
1545 553 1600 603 et'
1620 554 1912 616 speculativa,
1945 556 2110 616 partim

157 624 341 684 quidem
368 624 659 677 conveniunt,
685 623 848 682 partim
881 637 989 668 vero
1018 624 1239 669 differunt.
1269 625 1563 670 Conveniunt
1589 624 1773 683 quidem
1798 624 1846 669 in
1871 625 1961 669 hoc
1985 623 2109 683 quod

157 690 273 735 sicut
298 690 411 735 ratio
443 689 720 750 speculativa
752 690 909 748 incipit
942 690 995 733 ab
1030 690 1182 749 aliquo
1210 692 1449 750 principio,
1476 702 1521 736 et
1545 705 1624 749 per
1655 691 1806 736 media
1838 690 2022 736 devenit
2054 690 2110 734 ad

157 756 504 801 conclusionem
535 756 771 810 intentam,
812 757 873 799 ita
905 757 1019 800 ratio
1053 758 1474 819 operativaincipit
1506 759 1560 801 ab
1599 757 1753 817 aliquo
1795 758 2033 817 principio,
2066 766 2112 801 et

156 835 236 880 per
266 822 417 881 aliqua
450 823 601 867 media
632 822 837 880 pervenit
872 823 928 866 ad
961 824 1291 881 operationem,
1325 824 1398 868 vel
1425 834 1664 883 operatum
1696 825 1818 883 quod
1849 824 2110 869 intenditur.

155 889 435 948 Principium
460 899 619 946 ‚autem
645 890 691 933 in
722 888 1010 948 speculativis
1039 900 1105 933 est
1127 890 1289 942 forma,
1314 901 1359 935 et
1379 892 1500 950 quod
1525 892 1631 950 quid
1659 900 1751 944 est;
1785 892 1829 934 in
1863 890 2108 949 operativis

155 969 266 1000 vero
298 955 413 1009 finis,
449 956 570 1015 quod
614 957 886 1014 quandoque
928 956 1113 1014 quidem
1156 967 1223 1001 est
1254 957 1417 1011 forma,
1450 957 1723 1016 quandoque
1761 957 1930 1016 aliquid
1972 957 2109 1001 aliud.

154 1020 434 1081 Principium
467 1023 604 1066 etiam
636 1023 681 1065 in
714 1022 1003 1080 speculativis
1028 1037 1209 1082 semper
1241 1035 1422 1083 oportet
1448 1038 1545 1069 esse
1570 1024 1905 1078 necessarium;
1927 1024 1973 1067 in
2001 1037 2111 1082 ope-

153 1088 307 1133 rativis
334 1098 487 1133 autem
508 1089 781 1147 quandoque
808 1099 875 1133 est
905 1091 1228 1144 necessarium,
1272 1092 1543 1150 quandoque
1571 1101 1722 1135 autem
1754 1105 1872 1134 non:
1906 1102 2112 1134 necessa-

153 1154 271 1198 rium
299 1156 420 1199 enirn
445 1165 513 1200 est
538 1156 778 1199 hominem
803 1155 921 1200 velle
946 1155 1211 1202 felicitatem
1244 1168 1293 1202 ut
1314 1157 1474 1212 finem3
1505 1171 1599 1201 non
1615 1158 1925 1201 necessarium
1955 1166 2108 1200 autem

152 1221 271 1266 velle
302 1221 467 1266 domus
496 1221 874 1266 aedificationem.
908 1222 1125 1267 Similiter
1156 1225 1203 1268 in
1237 1224 1602 1269 demonstrativis
1644 1237 1826 1282 semper
1855 1223 2109 1283 posteriora

153 1288 210 1333 ad
226 1288 376 1348 priora
394 1288 449 1333 de
470 1290 738 1333 necessitate
757 1300 1027 1348 sequuntur:
1055 1305 1148 1334 non
1177 1301 1325 1335 autem
1344 1292 1390 1335 in
1417 1291 1659 1350 operativis
1685 1304 1879 1350 semper,
1905 1290 1983 1335 sed
1999 1299 2108 1334 tunc

151 1353 512 1414 solumquando
539 1356 596 1400 ad
627 1355 765 1400 finem
796 1370 891 1400 non
922 1357 1009 1401 nisi
1039 1371 1119 1416 per
1143 1358 1263 1402 hanc
1295 1358 1418 1402 viam
1442 1358 1667 1415 perveniri
1694 1363 1865 1416 potest;
1891 1358 2009 1402 sicut
2032 1374 2109 1404 ne·

147 1423 400 1466 cessarium
417 1432 486 1467 est
499 1422 671 1467 volenti
689 1423 928 1468 aedificare
945 1424 1137 1468 domum
1160 1425 1282 1483 quod
1300 1435 1488 1483 quaerat
1505 1424 1653 1482 ligna;
1676 1424 1756 1468 sed
1779 1425 1903 1483 quod
1920 1437 2109 1484 quaerat

151 1487 276 1547 ligna
308 1489 519 1543 abiedna,
550 1489 641 1534 hoc
675 1503 729 1533 ex
769 1489 966 1548 simplici
1010 1490 1245 1535 voluntate
1291 1492 1432 1549 ipsius
1465 1491 1703 1550 dependet,
1745 1505 1841 1536 non
1867 1502 2022 1536 autem
2052 1507 2107 1538 ex

150 1556 327 1600 ratione
359 1555 523 1600 domus
556 1556 875 1600 aedificandae.
905 1557 954 1600 Si
970 1557 1106 1615 igitur
1131 1557 1253 1615 quod
1280 1558 1405 1601 Deus
1429 1572 1558 1602 suam
1585 1559 1840 1602 bonitatem
1858 1569 1995 1613 amet,
2013 1559 2104 1604 hoc

149 1624 459 1667 necessarium
485 1633 575 1676 est;
602 1623 679 1667 sed
697 1623 786 1667 hoc
806 1637 898 1667 non
924 1625 1182 1667 necessario
1200 1624 1402 1682 sequitur
1428 1624 1550 1682 quod
1575 1639 1655 1682 per
1682 1635 1910 1669 creaturas
1935 1640 2107 1684 reprae-

150 1698 366 1743 sentetur,
399 1703 506 1733 cum
537 1689 633 1733 sine
660 1689 749 1733 hoc
777 1689 929 1732 divina
960 1690 1138 1734 bonitas
1172 1690 1227 1734 sit
1258 1689 1470 1749 perfecta.
1499 1691 1632 1734 Unde
1659 1691 1782 1749 quod
1806 1702 2037 1737 creaturae
2058 1694 2107 1736 in

141 1768 250 1799 ‘esse
274 1754 595 1813 producantur,
617 1755 701 1800 etsi
726 1770 780 1799 ex
811 1755 987 1800 ratione
1014 1756 1195 1800 divinae
1220 1756 1435 1800 bonitatis
1478 1757 1707 1815 originem
1738 1758 1918 1812 habeat,
1949 1768 2106 1803 tamen

151 1834 206 1865 ex
230 1821 427 1880 simplici
457 1822 547 1866 Dei
578 1821 813 1866 voluntate
846 1822 1082 1882 dependet.
1116 1823 1365 1882 Supposito
1399 1833 1552 1868 autem
1581 1824 1704 1882 quod
1729 1824 1855 1868 Deus
1888 1827 2106 1871 creaturis

148 1900 280 1932 suam
297 1888 547 1932 bonitatem
575 1889 934 1943 communicare,
955 1890 1207 1933 secundum
1240 1889 1363 1948 quod
1389 1899 1457 1934 est
1488 1889 1718 1948 possibile,
1739 1890 1848 1935 velit
1879 1904 1959 1949 per
1984 1892 2105 1936 simi-

148 1953 349 1999 litudinis
374 1954 582 2009 modum,
615 1967 673 2000 ex
702 1955 793 2000 hoc
820 1957 1043 2000 rationem
1073 1956 1237 2014 accipit
1262 1956 1384 2014 quod
1403 1956 1491 2000 sint
1508 1967 1740 2001 creaturae
1762 1956 1990 2012 diversae;
2008 1972 2103 2003 non

149 2030 302 2065 autem
342 2035 396 2065 ex
426 2021 695 2066 necessitate
727 2023 927 2081 sequitur
953 2022 1074 2081 quod
1107 2022 1359 2067 secundum
1391 2023 1509 2067 hanc
1542 2023 1615 2067 vel
1640 2022 1769 2067 illam
1809 2022 2100 2082 perfectionis

150 2101 429 2143 mensuram,
461 2097 539 2132 aut
569 2089 820 2133 secundum
837 2089 958 2134 hunc
985 2088 1205 2134 velillum
1230 2103 1473 2133 numerum
1492 2103 1657 2134 rerum.
1678 2090 1926 2149 Supposito
1952 2101 2104 2136 autem

149 2167 206 2199 ex
234 2154 388 2199 divina
418 2154 652 2200 voluntate
683 2156 806 2214 quod
837 2155 958 2200 hunc
990 2169 1234 2200 numerum
1266 2157 1313 2199 in
1344 2156 1477 2200 rebus
1509 2166 1705 2201 statuere
1744 2156 1867 2210 velit,
1909 2167 1954 2202 et
1983 2158 2103 2202 hanc

147 2220 391 2280 unicuique
422 2223 487 2266 rei
517 2221 809 2281 perfectionis
842 2237 1120 2277 mensuram,
1155 2237 1207 2266 ex
1233 2223 1324 2267 hoc
1358 2225 1581 2267 rationem
1607 2223 1773 2282 accipit
1793 2224 1915 2282 quod
1939 2224 2128 2272 habeat*

146 2285 344 2332 formam
362 2287 516 2342 talem,
543 2298 586 2333 et
613 2289 852 2333 materiam
878 2289 1042 2345 talem;
1061 2300 1105 2334 et
1130 2289 1338 2334 similiter
1362 2290 1409 2333 in
1437 2291 1818 2348 consequentibus
1853 2300 1989 2349 patet.
2011 2291 2105 2335 Ma-

145 2352 360 2405 nifestum
379 2354 516 2413 igitur
531 2354 581 2399 fit
597 2356 718 2414 quod
741 2355 1025 2415 providentia
1051 2356 1303 2401 secundum
1326 2357 1551 2401 rationem
1569 2357 1816 2415 quamdam
1835 2370 1906 2402 res
1928 2357 2105 2416 dispen-

142 2430 297 2475 sat,-et
316 2430 470 2465 tamen
486 2422 601 2466 haec
623 2422 739 2466 ratio
772 2423 963 2467 sumitur
989 2437 1045 2467 ex
1070 2423 1382 2482 suppositione
1408 2424 1655 2468 voluntatis
1688 2424 1882 2468 divinae.

237 2487 314 2533 Sic
334 2488 471 2547 igitur
501 2502 581 2548 per
604 2490 852 2549 praemissa
877 2490 1042 2548 duplex
1068 2505 1192 2535 error
1218 2491 1485 2545 excluditur,
1511 2505 1672 2536 eorum
1705 2491 1879 2536 scilicet
1908 2491 1986 2550 qui
2011 2506 2104 2536 cre-

146 2553 260 2598 dunt
282 2554 405 2613 quod
431 2555 587 2599 omnia
618 2555 874 2614 simplicem
899 2556 1183 2603 voluntatem
1209 2567 1455 2616 sequantur
1487 2558 1656 2616 absque
1692 2558 1892 2612 ratione;
1925 2559 2003 2617 qui
2034 2569 2103 2604 est

145 2633 271 2665 error
284 2619 571 2680 loquentium
602 2623 648 2666 in
683 2622 786 2681 lege
820 2622 1170 2678 Saracenorum,
1202 2634 1250 2667 ut
1283 2623 1430 2667 Rabbi
1454 2625 1640 2683 Moyses
1679 2625 1808 2669 dicit:
1847 2625 2100 2669 secundum

147 2701 262 2745 quos
293 2687 418 2732 nulla
449 2687 701 2732 differentia
726 2699 793 2733 est
824 2689 945 2747 quod
967 2690 1085 2747 ignis
1118 2687 1353 2734 calefaciat
1380 2699 1425 2734 et
1455 2689 1699 2748 infrigidet,
1725 2691 1811 2734 nisi
1837 2691 1943 2749 quia
1974 2691 2101 2735 Deus

146 2754 211 2799 ita
239 2755 349 2799 vult.
380 2755 644 2799 Excluditur
683 2756 822 2799 etiam
855 2769 980 2800 error
1014 2770 1174 2800 eorum
1211 2757 1288 2815 qui
1309 2756 1489 2810 dicunt,
1523 2771 1762 2801 causarum
1805 2758 2014 2801 ordinem
2047 2762 2101 2801 ex

147 2821 300 2865 divina
331 2821 615 2880 providentia
645 2835 725 2880 per
755 2822 947 2866 modum
987 2822 1271 2868 necessitatis
1302 2823 1559 2882 provenire.
1603 2823 1818 2875 Quorum
1858 2834 2100 2883 utrumque

147 2897 271 2947 patet
296 2901 395 2933 esse
421 2887 586 2933 falsum
613 2902 667 2932 ex
699 2889 842 2933 dictis.

237 2955 353 2999 Sunt
384 2965 536 3000 autem
569 2956 794 3015 quaedam
816 2956 953 3000 verba
978 2971 1132 3002 sacrae
1160 2956 1420 3016 Scripturae
1442 2971 1558 3015 quae
1579 2957 1788 3002 videntur
1804 2957 1999 3016 simplici
2024 2972 2102 3002 vo-

146 3021 309 3067 luntati
334 3022 514 3066 divinae
540 3023 698 3067 omnia
723 3023 988 3068 attribuere:
1023 3038 1139 3082 quae
1165 3024 1490 3068 non‘dicuntur
1513 3024 1569 3068 ad
1590 3024 1682 3068 hoc
1700 3034 1749 3068 ut
1780 3025 1895 3068 ratio
1916 3023 2102 3068 tollatur

149 3102 175 3133 a
206 3088 518 3148 providentiae
557 3089 904 3148 dispensatione,
930 3090 1009 3135 sed
1042 3100 1091 3134 ut
1123 3090 1330 3135 omnium
1362 3092 1560 3149 primum
1592 3091 1864 3150 principium
1906 3091 1996 3136 Dei
2025 3105 2103 3135 vo·

147 3154 297 3200 luntas
322 3155 600 3210 ostendatur,
618 3156 734 3200 sicut
757 3156 850 3213 jam
882 3171 1017 3215 supra
1034 3157 1207 3201 dictum
1237 3167 1317 3210 est,
1345 3158 1461 3201 sicut
1477 3167 1544 3201 est
1570 3157 1710 3215 (Psal.
1731 3157 1986 3202 CXXXIV.
2011 3156 2098 3214 6.):

151 3222 308 3267 Omnia
332 3236 612 3281 quaecumque
627 3222 777 3276 voluit,
803 3223 1012 3267 Dominus
1027 3224 1132 3282 fecit
1145 3239 1161 3275 ;
1197 3233 1241 3267 et
1261 3223 1365 3281 (Job
1384 3223 1463 3267 IX.
1489 3223 1601 3279 12.):
1631 3225 1738 3280 Quis
1753 3226 1789 3269 ei
1805 3224 1937 3269 dicere
1953 3230 2099 3283 potest,

148 3302 224 3332 cur
239 3289 300 3332 ita
316 3289 458 3347 facis?
479 3298 525 3332 et
554 3287 711 3347 (Rom.
728 3289 809 3334 IX.
830 3289 941 3350 19.):
973 3290 1186 3334 Voluntati
1207 3293 1292 3348 ejus
1314 3292 1386 3348 qui
1407 3292 1590 3336 resistit?
1608 3301 1652 3335 et
1683 3291 1967 3349 Augustinus
1993 3291 2102 3335 dicit

148 3355 195 3398 in
220 3357 352 3400 tertio
386 3355 456 3399 De
485 3354 730 3400 Trinitate:
748 3356 854 3401 Non
885 3357 973 3400 nisi
998 3357 1086 3401 Dei
1116 3357 1328 3401 voluntas
1355 3371 1490 3401 causa
1507 3358 1653 3416 prima
1669 3358 1872 3402 sanitatis
1895 3367 1938 3402 et
1959 3358 2102 3417 aegri·
2124 3377 2127 3379 ·

147 3421 329 3476 tudinis,
355 3422 664 3481 praemiorum
689 3432 734 3467 et
764 3436 1032 3482 poenarum,
1059 3425 1307 3483 gratiarum
1333 3433 1467 3482 atque
1500 3424 1864 3468 retributionum.

237 3487 314 3532 Sic
340 3502 452 3547 ergo
478 3502 583 3533 cum
601 3489 831 3548 quaeritur
854 3500 1038 3549 propter
1055 3491 1161 3549 quid
1184 3491 1239 3534 de
1258 3490 1410 3549 aliquo
1426 3489 1619 3535 naturali
1647 3489 1827 3546 effectu,
1859 3504 2104 3550 possumus

148 3553 336 3600 reddere
367 3554 593 3600 rationem
625 3569 681 3601 ex
722 3555 871 3616 aliqua
903 3556 1112 3617 proxima
1153 3571 1312 3612 causa3
1346 3557 1455 3602 dum
1496 3566 1652 3602 tamen
1687 3557 1804 3602 sicut
1834 3557 1881 3602 in
1908 3557 2103 3617 primam
