2332 3854
320 230 426 283 590
979 228 1132 266 LIBER
1172 228 1243 265 IV.
1285 229 1406 266 CAP.
1447 227 1600 268 xxm.

1042 415 1298 472 CAPUT
1339 415 1554 472 XXIII.

554 545 797 583 somn-10
839 543 1133 584 RATIONUM
1172 545 1342 584 SUPRA
1384 528 1463 603 (e.
1512 530 1624 605 16.)
1666 543 2038 588 INDUCTARUM

710 619 935 658 CONTRA
975 619 1344 658 DIVINITATEM
1385 619 1627 659 sium-rus
1668 621 1885 661 sANcT1.

406 728 564 771 Restat
591 737 743 771 autem
771 726 952 772 solvere
984 741 1119 787 supra
1151 729 1322 786 positas
1354 729 1570 783 rationes,
1602 730 1764 789 quibus
1797 729 2012 776 concludi
2042 691 2277 824 videbatur

317 795 439 853 quod
468 795 660 852 Spiritus
689 795 883 838 Sanctus
911 795 968 838 sit
989 804 1210 850 creatura,
1238 805 1282 839 et
1302 810 1397 840 non
1424 796 1563 840 Deus.

406 862 542 905 Circa
569 863 691 920 quod
719 862 1101 906 considerandum
1129 872 1198 906 est
1222 863 1372 921 primo
1395 863 1518 922 quod
1544 877 1716 908 nomen
1731 864 1920 924 spiritus
1931 879 1958 911 a
1978 866 2276 926 respiratione

317 928 583 972 animalium
606 939 839 987 sumptum
861 929 1087 983 videtur,'
1076 944 1122 972 m
1150 943 1241 988 quo
1266 934 1342 974 aer
1369 944 1474 974 cum
1493 931 1695 988 quodam
1722 941 1851 976 motu
1875 931 2064 977 infertur
2089 935 2277 979 etemit⁴

315 997 446 1050 titur3
481 996 600 1039 unde
624 1010 795 1040 nomen
837 998 1011 1055 spiritus
1043 997 1099 1040 ad
1132 1010 1320 1040 omnem
1353 997 1603 1056 impulsum
1635 1007 1679 1041 et
1710 998 1994 1044 motum·vel
2025 1001 2279 1059 cujuscum-

316 1077 403 1122 que
437 1063 556 1106 aerei
590 1063 792 1121 corporis
835 1063 1047 1117 trahitur;
1082 1073 1127 1107 et
1158 1063 1222 1107 sic
1255 1073 1416 1108 ventus
1450 1064 1614 1108 dicitur
1645 1065 1840 1123 spiritus,
1873 1067 2125 1113 secundum
2164 1067 2276 1112 illud

317 1129 506 1187 (Psalm.
536 1129 786 1174 CXLVIII.
816 1131 904 1188 8.):
932 1131 1061 1188 Ignis,
1087 1129 1266 1189 grando,
1293 1133 1385 1185 nix,
1417 1132 1582 1189 glacies,
1607 1138 1644 1175 et
1667 1134 1836 1191 spiritus
1852 1133 2154 1192 procellarum,
2170 1149 2276 1195 quae

314 1198 476 1254 faciunt
514 1198 690 1241 verbum
721 1199 836 1255 ejus;
865 1197 929 1241 sic
953 1197 1093 1241 etiam
1118 1210 1262 1255 vapor
1292 1198 1440 1241 tenuis
1473 1197 1660 1242 diffusus
1687 1212 1767 1257 per
1792 1199 2002 1243 membra
2028 1199 2084 1244 ad
2115 1212 2278 1245 eorum

315 1274 466 1308 motus
494 1264 674 1322 spiritus
705 1274 910 1308 vocatur.
938 1264 1124 1318 Rursus,
1152 1264 1257 1322 quia
1291 1268 1367 1307 aer
1393 1264 1629 1308 invisibilis
1658 1275 1738 1318 est,
1771 1265 2041 1310 translatum
2067 1276 2135 1311 est
2164 1259 2278 1312 ulte-

315 1332 406 1375 rius
433 1331 611 1389 spiritus
640 1345 812 1375 nomen
841 1328 895 1374 ad
931 1345 1093 1375 omnes
1120 1331 1308 1374 virtutes
1335 1340 1380 1374 et
1405 1331 1677 1375 substantias
1701 1332 1949 1377 invisibiles
1981 1342 2027 1378 et
2050 1334 2273 1389 motiva33

315 1408 360 1442 et
386 1407 567 1457 propter
583 1398 673 1442 hoc
701 1408 743 1442 et
771 1397 923 1442 anima
943 1397 1181 1451 sensibilis,
1206 1407 1250 1441 et
1272 1398 1425 1440 anima
1448 1397 1696 1453 rationalis,
1716 1408 1760 1442 et
1785 1398 1949 1458 angeli,
1972 1400 2277 1461 et'Deusspi-

316 1465 425 1508 ritus
453 1465 689 1518 dicuntur;
724 1475 768 1508 et
800 1465 983 1524 proprie
1016 1465 1144 1508 Deus
1171 1478 1252 1522 per
1283 1465 1476 1508 modurn
1509 1464 1678 1508 amoris
1711 1466 1979 1523 procedens,
2012 1469 2116 1526 quia
2142 1474 2280 1512 amor

317 1534 532 1576 virtutem
559 1533 807 1590 quamdam
826 1532 1050 1575 motivam
1073 1532 1285 1575 insinuat.
1316 1531 1391 1575 Sic
1420 1531 1556 1589 igitur
1577 1533 1699 1590 quod
1725 1532 1875 1577 Amos
1901 1532 1988 1589 (IV
1990 1566 2002 1577 .
2034 1535 2124 1592 1-3.)
2146 1526 2277 1596 dicit:

319 1600 476 1644 Creans
492 1601 701 1658 spiritum,
723 1599 777 1642 de
799 1609 937 1642 vento
960 1598 1187 1656 intelligit,
1209 1608 1259 1642 ut
1275 1608 1430 1642 nostra
1447 1597 1684 1642 translatio
1708 1598 1959 1658 expressius
1974 1600 2132 1645 habet:
2147 1601 2279 1661 quod

315 1668 451 1711 etiarn
480 1675 703 1710 consonat
729 1666 771 1710 ei
797 1666 919 1724 quod
941 1666 1262 1724 praemittitur:
1292 1666 1503 1709 Formans
1527 1672 1696 1710 montes.
1731 1667 1872 1719 Quod
1898 1679 2008 1712 vero
2031 1667 2278 1713 Zacharias

316 1734 436 1790 (XII.
469 1735 526 1790 1.)
562 1734 616 1777 de
639 1733 741 1776 Deo
769 1733 892 1786 dicit,
919 1733 1041 1791 quod
1069 1742 1135 1776 est
1163 1746 1321 1776 creans
1340 1732 1414 1776 vel
1430 1734 1592 1791 fingens
1617 1734 1814 1791 spiritum
1841 1734 2023 1779 hominis
2048 1736 2094 1778 in
2125 1750 2187 1796 oo,
2214 1734 2279 1797 def

319 1801 472 1844 anima
504 1801 706 1844 humana
723 1799 958 1858 intelligit:
988 1800 1108 1843 unde
1137 1798 1350 1843 concludi
1371 1813 1465 1843 non
1479 1808 1630 1857 potest
1645 1800 1767 1858 quod
1786 1799 1978 1859 Spiritus
2000 1801 2198 1853 'Sanctius
2223 1801 2281 1846 sit

318 1878 538 1912 creatura.
2144 1865 2147 1870 ¹

407 1934 627 1978 Similiter
667 1944 836 1988 autem,
862 1949 947 1978 nec
993 1949 1046 1978 ex
1087 1934 1178 1978 hoc
1218 1933 1340 1992 quod
1381 1933 1612 1978 Dominus
1651 1933 1760 1978 dicit
1795 1933 1851 1979 de
1898 1930 2084 1994 Spiritu
2105 1933 2278 1981 Sancto

318 2002 499 2059 (Joann.
528 2002 651 2045 XVI.
689 2002 800 2060 13.):
828 2002 928 2046 Non
954 2002 1144 2060 loquetur
1175 2016 1201 2045 a
1233 2002 1456 2059 semetipso,
1490 2000 1557 2044 sed
1588 2015 1867 2059 quaecumque
1893 2001 2044 2055 audiet,
2073 2003 2280 2061 loquetur,

317 2068 531 2112 concludi
557 2079 708 2127 potest
734 2069 855 2127 quod
883 2068 939 2112 sit
966 2078 1186 2112 creatura.
1211 2067 1464 2112 Ostensum
1491 2077 1558 2111 est
1584 2068 1706 2111 enirn
1729 2068 1851 2127 quod
1871 2068 2062 2128 Spiritus
2084 2069 2278 2133 Sanctus

316 2145 383 2179 est
424 2136 550 2179 Deus
588 2135 643 2180 de
679 2135 782 2179 Deo
816 2136 1091 2193 procedens;
1125 2135 1244 2178 unde
1287 2144 1467 2193 oportet
1500 2135 1623 2193 quod
1659 2135 1903 2179 essentiam
1935 2150 2066 2180 suam
2098 2137 2153 2181 ab
2186 2136 2281 2182 alio
2303 2151 2324 2193 χ

318 2202 499 2255 habeat,
527 2202 643 2246 sicut
670 2212 714 2246 et
739 2202 794 2246 de
821 2202 936 2245 Filio
960 2202 1049 2246 Dei
1075 2202 1247 2245 dictum
1275 2210 1342 2245 est
1367 2215 1502 2260 supra
1529 2203 1592 2258 (e.
1626 2202 1738 2258 14.);
1766 2212 1810 2254 et
1836 2203 1916 2257 sic,
1934 2217 2073 2262 quum
2099 2203 2149 2248 in'
2171 2204 2277 2249 Deo

318 2279 362 2313 et
388 2269 576 2313 scientia
604 2278 648 2312 et
668 2269 810 2312 virtus
837 2277 882 2312 et
907 2267 1113 2326 operatio
1139 2267 1229 2311 Dei
1255 2267 1313 2310 sit
1338 2267 1433 2324 ejus
1463 2268 1672 2322 essentia,
1699 2268 1850 2312 omnis
1875 2267 1978 2313 Filii
2003 2278 2048 2315 et
2066 2269 2269 2329 Spiritus
2312 2278 2328 2284 ‘

320 2336 477 2379 Sancti
499 2335 688 2379 scientia
711 2345 756 2379 et
780 2335 921 2378 virtus
945 2344 988 2379 et
1015 2334 1220 2393 operatio
1240 2344 1307 2378 est
1333 2334 1387 2377 ab
1407 2333 1512 2387 alio,
1537 2335 1615 2378 sed
1637 2334 1740 2378 Filii
1762 2349 1787 2378 a
1808 2335 1942 2380 Patre
1967 2339 2159 2391 tantum,
2175 2337 2279 2397 spi·
2321 2364 2326 2398 1

316 2403 426 2446 ritus
445 2412 596 2446 autem
627 2401 784 2445 Sancti
808 2415 832 2444 a
858 2402 992 2445 Patre
1015 2411 1059 2445 et
1080 2401 1210 2446 Filio.
1231 2400 1354 2452 Quia
1380 2401 1516 2458 igitur
1542 2415 1631 2444 una
1651 2402 1706 2445 de
1729 2402 2068 2460 operationibus
2086 2403 2278 2466 Spiritus
2317 2399 2329 2462 ‘f

318 2469 474 2513 Sancti
503 2478 570 2512 est
596 2468 719 2527 quod
745 2467 1016 2528 loquaturin
1038 2467 1206 2512 sanctis
1230 2467 1352 2521 viris,
1379 2477 1428 2511 ut
1444 2477 1680 2511 ostensum
1706 2478 1788 2523 est,
1809 2476 1994 2528 propter
2008 2469 2100 2514 hoc
2114 2470 2280 2516 dicitur
2307 2468 2331 2530 j·

316 2536 438 2595 quod
465 2549 558 2579 non
586 2535 786 2594 loquitur
813 2549 838 2578 a
864 2535 1126 2594 semetipso,
1154 2534 1259 2593 quia
1283 2549 1307 2577 a
1330 2549 1378 2578 se
1405 2545 1498 2578 non
1523 2545 1748 2593 operatur.
1775 2536 1948 2580 Audire
1963 2541 2128 2598 autem
2135 2538 2279 2597 ipsit&
2305 2558 2314 2595 g

318 2612 385 2647 est
412 2603 618 2661 accipere
648 2602 900 2656 scientiam,
924 2603 1039 2646 sicut
1062 2612 1106 2645 et
1132 2601 1392 2654 essentiam,
1420 2615 1444 2644 a
1466 2601 1601 2646 Patre
1627 2611 1672 2646 et
1696 2601 1827 2658 Filio,
1854 2614 1911 2647 eo
1939 2604 2062 2663 quod
2086 2616 2180 2649 nos
2191 2611 2278 2664 per
2303 2611 2328 2651 ili:

319 2670 525 2713 auditum
558 2669 796 2713 scientiam
831 2671 1103 2727 accipimu33
1138 2678 1205 2712 est
1238 2669 1361 2712 enim
1394 2677 1666 2712 consuetum
1698 2669 1744 2712 in
1778 2669 2013 2730 Scriptura
2043 2680 2094 2715 ut
2123 2671 2281 2718 divini

317 2751 399 2796 per
425 2736 618 2781 modum
650 2736 960 2781 humanorum
992 2737 1237 2780 tradantur.
1270 2736 1368 2780 Nec
1396 2750 1585 2780 movere
1618 2747 1799 2796 oportet
1831 2740 1954 2797 qu‘od
1978 2739 2095 2784 dicit
2108 2740 2296 2796 audin,

315 2805 444 2863 quasi
477 2804 531 2847 de
557 2803 710 2847 futuro
743 2803 950 2862 loquens,
978 2818 1119 2862 quum
1154 2803 1361 2862 accipere
1396 2803 1615 2862 Spiritum
1655 2804 1876 2849 Sanctum
1917 2805 1993 2851 sit
2015 2806 2331 2868 aeternum*

243 2923 246 2926 ,
314 2885 422 2914 nam
455 2880 640 2914 aeterno
671 2871 809 2914 verba
843 2870 1083 2929 cujuslibet
1113 2870 1334 2929 temporis
1367 2870 1511 2929 aptari
1541 2881 1746 2928 possunt,
1785 2885 1842 2916 eo
1875 2864 2014 2932 quod
2027 2875 2329 2959 aeternitas·

297 2947 461 2982 -totum
488 2947 668 2996 tempus
692 2936 1024 2996 complectitur.
2263 2928 2276 2969 ἶ

405 3004 668 3048 Secundum
697 3004 858 3048 eadem
886 3003 1024 3047 etiam
1048 3013 1234 3062 apparet
1260 3003 1381 3062 quod
1414 3004 1573 3047 missio
1601 3018 1690 3063 qua
1717 3004 1910 3064 Spiritus
1932 2979 2127 3052 Sanctus
2153 3005 2332 3056 mittis-f⁴

314 3070 476 3115 dicitur
504 3086 528 3114 a
554 3071 688 3115 Patre
716 3080 761 3115 et
786 3070 902 3114 Filio
929 3085 1022 3114 non
1046 3080 1197 3129 potest
1223 3070 1499 3114 concludere
1526 3085 1633 3114 eum
1659 3084 1758 3116 esse
1785 3081 2055 3118 creaturam.
2082 3060 2329 3121 Dictuffi

314 3149 380 3182 est
406 3138 527 3181 enim
552 3152 686 3196 supra
713 3137 834 3196 quod
858 3136 997 3181 Filius
1023 3137 1112 3181 Dei
1139 3138 1391 3182 secundum
1417 3137 1509 3180 hoc
1538 3137 1701 3182 missus
1726 3136 1866 3183 fuisse
1892 3139 2066 3184 dicitur
2080 3136 2220 3200 quod
2215 3136 2302 3187 ΒΡ

314 3219 447 3249 carne
475 3205 642 3248 visibili
667 3205 931 3248 horninibus
959 3205 1190 3263 apparuit3
1218 3214 1263 3248 et
1284 3204 1348 3248 sic
1371 3217 1494 3248 novo
1521 3204 1723 3263 quodam
1749 3205 1891 3250 modo
1917 3205 2038 3252 fuit
2025 3221 2073 3251 m
2099 3208 2320 3275 ιιιιιιιάοξ
2290 3200 2312 3229 ³'

313 3286 404 3330 quo
433 3273 555 3330 prius
581 3285 673 3315 non
701 3270 861 3325 fuerat,
888 3270 1062 3315 scilicet
1084 3271 1369 3324 visibiliter,
1358 3285 1404 3314 m
1439 3285 1529 3330 quo
1555 3281 1711 3315 tamen
1737 3285 1917 3332 semper
1940 3273 2100 3328 fuerat,
2125 3273 2307 3326 mua-

313 3338 462 3382 biliter
498 3349 547 3382 ut
587 3339 726 3382 Deus.
767 3338 908 3390 Quod
949 3348 1101 3381 autem
1140 3338 1229 3382 hoc
1262 3337 1402 3381 Filius
1437 3347 1604 3396 ageret,
1637 3338 1679 3382 ei
1711 3352 1737 3382 a
1768 3338 1902 3384 Patre
1933 3338 2042 3394 fuit3
2073 3340 2283 3420 unde-et

315 3407 567 3448 secundum
609 3405 698 3448 hoc
742 3419 766 3447 a
804 3405 937 3449 Patre
965 3405 1126 3449 dicitur
1159 3406 1337 3449 missus
1367 3404 1442 3448 Sic
1476 3414 1628 3448 autern
1661 3415 1705 3449 et
1737 3405 1927 3465 Spiritus
1954 3406 2149 3453 Sanctus
2172 3350 2332 3453 ἐξ

314 3471 462 3515 biliter
497 3472 703 3531 apparuit
730 3474 845 3516 etin
882 3472 1032 3530 specie
1076 3471 1318 3516 columbae
1354 3486 1487 3531 super
1515 3472 1749 3517 Christum
1783 3473 1828 3517 in
1864 3474 2108 3534 baptismo,
2144 3482 2192 3519 et
2223 3474 2300 3531 ius}

315 3539 478 3597 linguis
512 3539 656 3596 igneis
683 3553 815 3597 super
841 3538 1117 3597 Apostolos3
1144 3548 1201 3594 et,
1228 3539 1334 3583 licet
1354 3553 1447 3582 non
1473 3538 1607 3582 fuerit
1626 3538 1771 3583 factus
1796 3539 2010 3585 columba
2040 3538 2151 3585 vel
2138 3540 2296 3600 ignis,

317 3605 432 3649 sicut
471 3604 608 3649 Filius
650 3605 794 3649 factus
836 3615 902 3650 est
933 3605 1094 3659 home,
1125 3615 1295 3660 tamen,
1336 3605 1451 3650 sicut
1483 3606 1529 3649 in
1562 3607 1702 3665 signis
1734 3599 2002 3665 quibusdam
2033 3605 2201 3667 ipsius,
2206 3607 2268 3654 ιιι

2314 1895 2332 2123 ’ἏςμᾺικ-.ι..-ᾱκ,μ..ιγ.
2329 1876 2332 1877 ,
2330 1856 2332 1860 r
2330 1824 2332 1828 .
2319 1698 2332 1790 „umam
2328 1654 2332 1658 f
2328 1572 2332 1589 .«
2330 1551 2332 1555 .

2291 3747 2332 3854 &5351
2324 3736 2325 3741 „
2313 3724 2325 3730 3
2320 3701 2322 3703 ,
