2332 3854
194 288 301 343 300
896 288 1050 326 LIBER
1090 288 1166 326 111.
1209 287 1329 326 CAP.
1363 287 1417 326 X.

189 401 331 435 tatem
362 405 456 435 non
482 391 757 449 pertinente3
791 389 1065 433 claudicatio
1092 389 1212 434 enim
1240 404 1335 434 non
1362 400 1429 434 est
1452 390 1614 435 vitium
1648 391 1804 444 moris,
1837 391 1917 435 sed
1948 401 2150 437 naturae:

189 458 466 517 Hujusmodi
491 458 627 515 igitur
658 457 832 500 virtutis
860 456 1145 515 exsequentis
1172 455 1372 500 defectus
1400 457 1541 501 moris
1566 457 1729 501 vitium
1755 456 1830 501 vel
1851 457 2055 503 totaliter
2082 469 2152 502 ex-

190 534 318 569 cusat
341 524 415 568 vel
437 525 612 567 minuit.
639 524 782 567 Actus
800 537 908 567 vero
928 537 1018 581 quo
1041 537 1112 567 res
1129 533 1284 567 movet
1302 524 1679 583 apprehensivam
1695 524 1909 568 virtutem
1927 523 2151 569 immunis

189 602 256 636 est
274 606 298 634 a
324 592 435 635 vitio
463 591 628 644 moris;
656 599 811 633 movet
832 590 968 643 enim,
987 589 1238 634 secundum
1258 590 1466 635 ordinem
1492 591 1762 645 naturalem,
1779 591 1956 636 visibile
1981 591 2148 647 visum,

190 669 234 708 et
259 658 491 717 quodlibet
518 658 745 715 obiectum
773 658 1026 715 potentiam
1052 657 1294 714 passivam.
1327 658 1426 717 Ipse
1460 658 1599 702 etiam
1632 667 1758 702 actus
1792 651 2150 717 apprehensivae

187 725 363 768 virtutis
390 725 435 767 in
462 738 509 767 se
537 723 848 767 consideratus
876 722 1042 767 morali
1067 723 1177 768 vitio
1206 734 1342 778 caret,
1366 739 1508 783 quum
1535 726 1631 783 ejus
1649 723 1853 769 defectus
1869 724 2032 769 vitium
2055 735 2152 770 mo-

188 791 295 845 rale,
321 791 394 835 vel
421 800 614 845 excuset,
641 789 715 833 vel
746 790 937 844 minuat,
970 790 1088 834 sicut
1119 800 1163 835 et
1194 786 1396 836 defectus
1429 792 1715 850 exsequentis
1752 791 1959 846 virtutis;
1986 791 2152 851 pariter

190 859 311 902 enim
338 857 574 901 infirmitas
601 867 645 900 et
669 857 927 915 ignorantia
960 867 1176 903 excusant
1207 869 1465 916 peccatum,
1498 858 1572 903 vel
1604 859 1830 903 minuunt.
1863 857 2153 918 Relinquitur

188 925 323 983 igitur
349 923 470 982 quod
496 923 673 967 morale
698 924 858 967 vitium
885 924 932 967 in
958 923 1060 968 solo
1088 935 1191 969 actu
1217 923 1465 969 voluntatis
1492 925 1642 983 primo
1677 935 1720 968 et
1745 922 2056 984 principaliter
2081 924 2150 969 in-

190 991 390 1044 venitur;
418 1001 462 1034 et
487 990 829 1045 rationabiliter,
857 1005 998 1049 quum
1026 1005 1079 1035 ex
1108 991 1199 1035 hoc
1228 1001 1354 1035 actus
1387 991 1576 1036 moralis
1609 991 1786 1036 dicatur
1817 992 1924 1051 quia
1948 991 2154 1036 volunta-

192 1058 281 1101 rius
324 1068 403 1101 est.
445 1058 497 1101 In
540 1067 643 1101 actu
679 1058 815 1116 igitur
855 1057 1103 1102 voluntatis
1144 1058 1402 1117 quaerenda
1440 1069 1508 1103 est
1549 1058 1674 1102 radix
1713 1068 1757 1102 et
1799 1060 1931 1118 origo
1972 1057 2151 1117 peccati

193 1124 395 1168 moralis.

277 1191 468 1235 Videtur
499 1200 652 1235 autem
677 1191 797 1235 hanc
814 1190 1158 1250 inquisitionem
1175 1191 1396 1250 consequi
1413 1190 1666 1236 difficultas.
1692 1191 1853 1244 Quum
1875 1193 1998 1236 enim
2029 1201 2155 1237 actus

180 1258 403 1302 'deficiens
430 1259 666 1317 proveniat
691 1268 874 1317 propter
907 1257 1136 1302 defectum
1163 1258 1299 1314 activi
1324 1258 1549 1317 principii,
1577 1269 1759 1318 oportet
1784 1250 2150 1318 praeintelligere

193 1324 420 1369 defectum
446 1325 492 1367 in
524 1324 758 1369 voluntate
785 1335 888 1369 ante
921 1335 1161 1384 peccatum
1195 1324 1386 1370 morale.
1431 1324 1525 1376 Qui
1562 1325 1746 1383 quidem
1781 1324 1997 1380 defectus,
2029 1325 2067 1370 si
2099 1324 2157 1370 sit

191 1391 422 1445 naturalis,
449 1406 630 1450 semper
654 1392 860 1436 inhaeret
883 1392 1134 1446 voluntati3
1161 1406 1344 1451 semper
1369 1392 1506 1450 igitur
1532 1391 1744 1436 voluntas
1771 1392 1817 1436 in
1846 1392 2024 1451 agendo
2058 1396 2155 1436 mo-

194 1458 346 1502 raliter
371 1459 591 1517 peccabit,
619 1458 741 1517 quod
775 1469 901 1503 actus
935 1459 1154 1503 virtutum
1190 1458 1357 1502 falsum
1399 1473 1496 1503 esse
1537 1458 1795 1503 ostendunt.
1825 1458 1874 1502 Si
1901 1453 2055 1503 autem
2081 1459 2154 1503 d‘e2

192 1525 336 1569 fectus
363 1526 419 1569 sit
443 1525 741 1580 voluntarius,
767 1527 862 1584 jam
899 1535 967 1570 est
1002 1536 1242 1584 peccatum
1268 1525 1468 1580 morale,
1506 1527 1633 1584 cujus
1661 1539 1798 1570 causa
1823 1526 1988 1570 iterum
2012 1524 2158 1585 inqui·

193 1594 332 1638 renda
358 1593 565 1648 restabit3
594 1604 638 1637 et
663 1593 727 1637 sic
754 1593 870 1637 ratio
904 1595 950 1638 in
982 1593 1210 1638 infinitum
1243 1592 1450 1638 deducet.
1481 1593 1680 1652 Oportet
1709 1605 1820 1651 ergo
1848 1585 1999 1638 dicere
2032 1589 2157 1651 quod

195 1659 396 1705 defectus
422 1660 468 1703 in
500 1659 734 1704 voluntate
757 1659 1085 1719 Praeexsistens
1112 1674 1206 1704 non
1229 1661 1286 1704 sit
1307 1659 1540 1713 naturalis,
1562 1673 1619 1703 ne
1638 1669 1852 1718 sequatur
1873 1657 2158 1703 voluntatem

195 1728 241 1771 in
269 1726 472 1786 quolibet
498 1737 600 1771 actu
627 1741 842 1786 peccare3
869 1741 1017 1786 neque
1046 1727 1184 1771 etiam
1211 1727 1403 1771 casualis
1431 1737 1475 1771 et
1498 1725 1735 1781 fortuitus;
1767 1739 1862 1771 non
1884 1726 2008 1771 enim
2035 1735 2157 1771 esset

194 1796 240 1838 in
266 1795 396 1840 nobis
432 1794 608 1838 morale
634 1804 900 1853 peccatum;
929 1793 1129 1838 casualia
1155 1794 1278 1838 enim
1304 1803 1408 1838 sunt
1440 1793 1835 1852 impraemeditata
1861 1803 1906 1838 et
1937 1802 2062 1838 extra
2083 1806 2156 1837 ra·
2217 1802 2222 1804 “

196 1864 384 1905 tionem.
413 1860 492 1904 Est
516 1860 653 1918 igitur
679 1860 976 1915 voluntarius,
1002 1875 1097 1905 non
1123 1870 1280 1905 tamen
1301 1871 1543 1920 peccatum
1569 1859 1760 1915 morale,
1783 1874 1840 1904 ne
1864 1873 2087 1920 cogamus
2108 1859 2157 1903 in

198 1928 423 1971 infinitum
452 1927 713 1986 procedere.
918 1967 932 1980 ,

287 1994 428 2046 Quod
455 1994 639 2052 quidem
666 1993 859 2052 qualiter
877 2008 975 2039 esse
994 1996 1138 2053 possit
1156 1993 1538 2039 considerandum
1557 2003 1637 2038 est.
1662 1992 1918 2052 Cujuslibet
1933 1992 2159 2053 siquidem

199 2061 334 2105 activi
359 2061 567 2120 principii
593 2060 812 2120 perfectio
840 2061 1015 2105 virtutis
1058 2076 1112 2105 ex
1145 2061 1366 2120 superiori
1399 2061 1547 2104 activo
1581 2060 1828 2120 dependet;
1861 2072 2002 2120 agens
2034 2059 2159 2105 enim

197 2127 449 2172 secundum
477 2127 570 2186 agit
595 2142 676 2186 per
706 2128 920 2172 virtutem
958 2127 1094 2186 primi
1130 2128 1319 2186 agentis.
1362 2127 1521 2179 Quum
1557 2127 1695 2186 igitur
1726 2127 1979 2171 secundum
2019 2140 2160 2186 agens

196 2206 352 2239 manet
377 2196 457 2239 sub
486 2195 644 2239 ordine
672 2195 807 2253 primi
834 2196 1024 2253 agentis,
1042 2194 1356 2239 indeficienter
1373 2195 1487 2253 agit3
1514 2193 1694 2238 deficiet
1721 2203 1874 2238 autem
1895 2194 1943 2237 in
1964 2192 2160 2253 agendo,

196 2264 233 2306 si
260 2262 494 2320 contingat
519 2261 668 2320 ipsum
692 2262 745 2305 ab
774 2261 932 2306 ordine
950 2261 1085 2320 primi
1102 2261 1276 2320 agentis
1295 2261 1488 2315 deflecti,
1502 2261 1619 2305 sicut
1633 2270 1756 2320 patet
1772 2261 1819 2304 in
1840 2256 2159 2314 instrumento,

196 2343 338 2387 quum
365 2327 517 2372 deficit
544 2342 569 2371 a
597 2338 728 2372 motu
756 2328 946 2387 agentis.
979 2328 1169 2372 Dictum
1204 2338 1272 2373 est
1305 2338 1458 2372 autem
1485 2327 1623 2386 quod,
1654 2327 1701 2371 in
1734 2327 1892 2371 ordine
1925 2326 2160 2373 actionum

196 2395 458 2450 moralium,
485 2394 575 2438 duo
618 2395 840 2454 principia
872 2394 1159 2439 voluntatem
1193 2393 1692 2454 praecedunt,.scilicet
1726 2394 1794 2437 vis
1832 2393 2159 2453 apprehensiva

199 2471 241 2506 et
278 2462 510 2519 objectum
553 2462 905 2520 apprehensum,
940 2462 1062 2520 quod
1097 2472 1164 2506 est
1194 2461 1308 2507 finis.
1351 2461 1511 2513 Quum
1544 2470 1697 2505 autem
1724 2460 1969 2520 unicuique
2000 2458 2162 2504 mobili

198 2529 472 2587 respondeat
497 2529 732 2587 proprium
759 2529 1000 2582 motivum,
1026 2543 1121 2572 non
1148 2528 1376 2587 quaelibet
1399 2528 1466 2571 vis
1500 2527 1827 2586 apprehensiva
1859 2536 1928 2572 est
1959 2521 2162 2571 debiturn

198 2596 425 2640 motivum
453 2595 691 2653 cujuslibet
718 2596 956 2654 appetitus,
990 2596 1068 2639 sed
1095 2596 1228 2654 hujus
1256 2595 1387 2649 haec,
1416 2605 1459 2639 et
1490 2594 1610 2639 illius
1639 2594 1741 2638 alia.
1770 2594 1898 2638 Sicut
1921 2594 2059 2652 igitur
2089 2607 2163 2653 ap·

199 2663 363 2721 petitus
396 2662 598 2706 sensitivi
630 2663 864 2722 proprium
900 2663 1126 2706 motivum
1164 2672 1231 2707 est
1262 2663 1330 2707 vis
1367 2662 1698 2721 apprehensiva
1724 2660 1964 2716 sensualis,
1993 2661 2060 2705 ita‘
2085 2673 2164 2705 vo·

199 2730 383 2774 luntatis
409 2730 644 2788 proprium
671 2730 897 2773 motivum
924 2739 991 2773 est
1017 2730 1130 2773 ratio
1156 2729 1268 2788 ipsa.

288 2797 483 2841 Rursus:
518 2811 660 2855 quum
699 2797 816 2859 ratio
850 2796 994 2840 multa
1029 2796 1151 2840 bona
1193 2806 1237 2840 et
1276 2795 1446 2840 multos
1483 2795 1596 2840 fines
1633 2794 1972 2855 apprehendere
2005 2795 2162 2857 possit,

201 2863 441 2922 cujuslibet
468 2874 620 2907 autem
653 2863 710 2907 sit
740 2863 949 2922 proprius
982 2863 1099 2917 finis,
1140 2873 1185 2907 et
1216 2863 1464 2908 voluntatis
1498 2864 1582 2907 erit
1613 2863 1859 2921 objectum,
1892 2871 1937 2906 et
1966 2860 2085 2916 finis,
2118 2870 2164 2906 et

200 2932 398 2989 primum
418 2931 658 2984 motivum,
675 2945 769 2975 non
793 2931 967 2975 bonum
985 2930 1234 2990 quodlibet,
1254 2931 1333 2975 sed
1345 2931 1528 2975 bonum
1546 2930 1777 2990 quoddam
1795 2921 2161 2974 determinatum.

203 2998 362 3050 Quum
388 2998 524 3055 igitur
549 2997 762 3041 voluntas
788 2998 931 3041 tendit
962 2998 1007 3041 in
1042 3008 1209 3052 actum,
1238 3007 1364 3041 mota
1397 2998 1452 3041 ab
1486 2997 1850 3056 apprehensione
1882 2995 2070 3040 rationis
2097 3009 2163 3040 re-

202 3065 531 3123 praesentantis
558 3065 642 3108 sibi
667 3065 903 3122 proprium
930 3065 1118 3118 bonum,
1146 3064 1349 3123 sequitur
1375 3064 1524 3108 debita
1552 3064 1685 3108 actio.
1717 3063 1874 3115 Quum
1904 3072 2055 3107 autem
2087 3074 2164 3107 vo·

199 3132 347 3175 luntas
374 3132 419 3174 in
444 3131 623 3175 actione
646 3131 902 3190 prorumpit
929 3131 983 3174 ad
1009 3131 1421 3190 apprehensionem
1446 3130 1804 3189 apprehensivae
1831 3128 2067 3183 sensualis,
2088 3128 2163 3174 vel

199 3198 337 3255 ipsius
363 3198 551 3242 rationis
580 3197 763 3256 aliquod
784 3197 904 3241 aliud
927 3198 1101 3241 bonum
1124 3199 1504 3256 rapraesentantis
1523 3212 1547 3240 a
1566 3197 1749 3256 proprio
1771 3196 1895 3240 bono
1913 3195 2158 3250 diversum,

201 3265 403 3323 sequitur
419 3265 464 3308 in
484 3267 662 3308 actione
682 3263 928 3308 voluntatis
956 3274 1197 3322 peccatum
1218 3264 1406 3308 morale.
1435 3264 1671 3308 Praecedit
1696 3263 1834 3322 igitur
1857 3262 1903 3306 in
1926 3261 2162 3306 voluntate

201 3341 440 3390 peccatum
467 3331 659 3375 actionis
688 3330 891 3375 defectus
919 3331 1089 3375 ordinis
1119 3330 1173 3374 ad
1207 3331 1447 3385 rationem,
1476 3341 1519 3374 et
1551 3329 1607 3374 ad
1634 3329 1870 3389 proprium
1900 3328 2053 3373 finem.
2087 3328 2169 3389 Ad,

200 3399 425 3442 rationem
452 3398 651 3457 quidem,
679 3398 796 3442 sicut
822 3412 977 3456 quum,
1006 3397 1061 3441 ad
1088 3397 1284 3441 subitam
1313 3397 1726 3456 apprehensionem
1752 3408 1924 3452 sensus,
1945 3395 2159 3457 voluntas

201 3466 246 3508 in
273 3466 444 3508 bonum
473 3464 742 3509 delectabile
761 3465 1014 3509 secundum
1032 3478 1217 3509 sensum
1243 3465 1410 3518 tendit3
1440 3464 1494 3507 ad
1513 3463 1652 3508 finem
1670 3475 1780 3508 vero
1806 3461 2023 3518 debitum,
2044 3461 2164 3506 sicut

202 3546 341 3591 quum
370 3532 484 3575 ratio
511 3532 556 3575 in
586 3532 770 3590 aliquod
797 3532 969 3575 bonum
997 3531 1330 3584 ratiocinando,
1363 3530 1547 3575 devenit
1572 3530 1695 3590 quod
1721 3542 1816 3574 non
1841 3538 1910 3574 est
1939 3526 2013 3573 vel
2036 3540 2159 3572 nunc

201 3598 274 3642 vel
300 3599 389 3642 hoc
418 3599 559 3642 modo
586 3600 775 3651 bonum,
803 3609 847 3643 et
878 3608 1034 3643 tamen
1065 3597 1277 3642 voluntas
1309 3597 1355 3641 in
1381 3596 1491 3641 illud
1519 3596 1661 3641 tendit
1688 3595 1817 3656 quasi
1846 3594 1894 3640 in
1925 3594 2161 3655 proprium

201 3659 389 3710 bonum.
418 3665 502 3709 Hic
532 3675 684 3710 autem
712 3665 881 3710 ordinis
909 3664 1107 3710 defectus
1134 3664 1416 3710 voluntarius
1445 3673 1534 3719 est3
1560 3677 1669 3707 narn
1694 3662 1747 3707 in'
1768 3665 1991 3722 potestate
2016 3660 2162 3720 ipsius
