2332 3854
785 265 940 307 mann
978 266 1055 306 ιιι.
1097 266 1217 310 CAP.
1257 263 1386 308 xm.
1953 264 2051 327 341

94 375 254 425 ,potest
277 364 534 412 intellectus
559 378 698 424 agens
723 379 822 411 esse
849 366 1133 430 intelligibile
1160 381 1239 426 per
1270 364 1554 416 intellectum
1581 363 1627 408 in
1653 362 1824 419 habitu,
1849 364 2061 423 impossi-

104 431 194 482 bile
219 432 303 479 erit
327 432 448 492 quod
474 432 531 478 sit
554 431 702 476 forma
734 434 845 490 ejus.

190 499 326 545 Item:
348 498 602 557 intelligere
625 498 809 557 aliquod
831 499 1065 558 tripliciter
1082 500 1297 546 dicimur:
1316 500 1423 544 Uno
1446 499 1603 552 mod0,
1623 499 1739 543 sicut
1762 498 2060 557 intelligimus

75 565 348 620 intellectu,
386 566 463 625 qui
495 577 563 611 est
592 568 732 610 virtus
759 581 784 611 a
810 581 899 624 qua
925 568 1152 625 egreditur
1176 567 1278 611 talis
1316 567 1546 626 operati03
1574 566 1692 610 unde
1724 576 1770 610 et
1801 567 1895 624 ipse
1935 564 2062 609 intel-

101 631 244 680 lectus
255 633 509 691 intelligere
522 633 696 686 dicitur,
719 642 763 677 et
779 633 927 690 ipsum
945 633 1196 692 intelligere
1216 634 1471 678 intellectus
1494 632 1542 676 fit
1558 632 1810 691 intelligere
1826 642 2061 684 nostrum3

98 698 193 744 ³alio
216 700 372 752 modo,
398 700 515 745 sicut
539 699 690 758 specie
708 698 993 756 intelligibili,
1011 714 1100 757 qua
1118 700 1301 758 quidem
1321 700 1514 743 dicimur
1531 698 1801 757 intelligere,
1817 712 1912 743 non
1935 698 2062 757 quasi

98 765 198 824 ipsa
221 765 457 824 intelligat,
483 767 560 810 sed
587 766 693 823 quia
723 765 790 809 vis
822 764 1098 808 intellectiva
1124 765 1353 823 perficitur
1379 780 1458 823 per
1485 780 1587 809 eam
1618 766 1666 808 in
1701 775 1820 818 actu,
1852 765 1968 809 sicut
1993 763 2060 807 vis

101 830 243 878 visiva
261 845 348 889 -per
373 833 575 889 speciem
593 830 784 883 coloris;
810 831 944 874 tertio
972 831 1129 883 modo,
1157 832 1273 874 sicut
1299 832 1469 884 medio,
1497 846 1576 890 per
1595 833 1723 890 cujus
1747 832 2062 890 cognitionem

84 896 368 946 ..devenimus
381 898 430 941 in
448 898 760 955 cognitionem
778 896 975 942 alterius.
1000 897 1048 940 Si
1064 897 1202 954 igitur
1219 897 1364 941 homo
1391 899 1664 956 quandoque
1684 913 1762 956 per
1780 898 2063 943 intellectum

90 973 312 1021 sugentem
339 963 562 1022 intelligat
593 964 863 1009 substantias
890 975 1133 1022 separatas,
1167 975 1348 1022 oportet
1375 964 1527 1022 aliquo
1557 966 1803 1009 modorum
1829 966 2057 1011 dictorum

101 1029 191 1074 hoc
219 1028 321 1073 dici.
347 1030 454 1074 Non
482 1043 633 1074 autem
661 1031 822 1074 dicitur
847 1030 937 1073 hoc
966 1031 1107 1075 modo
1132 1030 1282 1086 tertio,
1314 1030 1419 1089 quia
1444 1045 1538 1074 non
1566 1032 1778 1075 concedit
1803 1031 2060 1076 Alexander

38 1088 44 1095 ’
101 1096 224 1156 quod
249 1095 471 1154 intelligat
502 1096 783 1140 intellectum
811 1107 1024 1155 agentem
1050 1096 1124 1140 vel
1149 1095 1404 1140 intellectus
1438 1097 1678 1155 possibilis,
1706 1097 1778 1140 vel
1806 1096 2063 1141 intellectus

100 1162 149 1207 in
173 1162 343 1207 habitu.
374 1163 472 1207 Nec
499 1163 637 1207 etiarn
664 1163 864 1207 secundo
892 1163 1048 1216 modo,
1081 1163 1185 1221 quia
1212 1163 1466 1221 intelligere
1503 1177 1582 1222 per
1617 1165 1819 1222 speciem
1857 1163 2065 1221 intelligi-

100 1228 240 1273 bilem
266 1229 519 1273 attribuitur
544 1230 695 1273 virtuti
721 1229 1280 1287 intellectivae,cu1usilla
1298 1230 1470 1288 species
1489 1229 1784 1288 intelligibilis
1805 1240 1871 1273 est
1888 1229 2062 1284 forma;

101 1308 186 1340 nec
213 1306 365 1340 autem
398 1296 607 1340 concedit
638 1295 896 1340 Alexander
928 1296 1049 1355 quod
1081 1296 1337 1340 intellectus
1369 1296 1597 1354 possibilis
1629 1296 1702 1340 vel
1734 1296 1990 1340 intellectus
2018 1297 2064 1340 in

99 1361 257 1406 habitu
282 1362 506 1421 intelligat
536 1363 807 1407 substantias
834 1372 1085 1422 separatas;
1113 1362 1232 1406 unde
1257 1377 1351 1406 non
1374 1372 1523 1421 potest
1550 1377 1648 1407 esse
1676 1363 1797 1422 quod
1816 1363 1879 1406 sic
1903 1362 2066 1406 intelli-

101 1442 263 1488 gamus
279 1429 551 1504 substantias
572 1440 810 1488 separatas.
827 1444 906 1488 per
930 1428 1212 1475 intellectum
1233 1430 1580 1487 agentemsicut
1596 1429 1893 1487 intelligimus
1911 1429 2063 1488 aliqua

101 1509 181 1554 per
204 1495 406 1554 speciem
431 1494 776 1554 intelligibilem.
804 1495 856 1539 Si
881 1505 1033 1543 autem
1052 1496 1166 1539 sicut
1185 1509 1262 1553 per
1287 1496 1499 1539 virtutem
1522 1496 1863 1548 intellectivam,
1888 1506 2067 1553 oportet

101 1561 261 1621 quod
249 1575 399 1620 ipsum
415 1561 670 1620 intelligere
695 1561 952 1605 intellectus
980 1562 1154 1626 agentis
1181 1562 1237 1605 sit
1262 1561 1516 1637 intelligere
1540 1562 1754 1606 hominis.
1783 1562 1884 1606 Hoc
1912 1574 2065 1606 autem

67 1641 200 1678 ..esse
225 1641 320 1675 non
346 1638 508 1687 potest,
525 1628 611 1672 nisi
629 1642 683 1673 ex
705 1629 953 1672 substantia
971 1620 1228 1672 intellectus
1247 1629 1421 1686 agentis
1439 1639 1483 1672 et
1500 1629 1748 1673 substantia
1770 1629 1971 1673 hominis
1989 1628 2065 1673 fiat

84 1706 241 1750 ,ωηιξη
259 1695 510 1741 secundum
528 1708 648 1747 esse3
664 1693 945 1752 impossibile
968 1704 1036 1738 est
1057 1695 1195 1746 enim,
1217 1694 1253 1737 si
1271 1695 1361 1737 sint
1379 1694 1494 1738 duae
1513 1695 1788 1738 substantiae
1811 1695 2064 1738 secundum

17 1778 19 1782 .
0 1634 20 1752 «βψ,
0 1434 17 1645 ,-‘⁹’*rq-.·v=-‚·=·r=⁷.,2
11 1463 17 1480 .,
0 1327 14 1444 «την-σι.

18 1818 19 1822 ¹
101 1759 439 1814 essemdiversae,
465 1760 587 1819 quod
614 1762 819 1819 operatio
842 1761 974 1804 unius
1001 1761 1057 1804 sit
1083 1760 1288 1818 operatio
1313 1759 1509 1803 alterius.
1529 1759 1623 1805 Erit
1650 1761 1785 1819 igitur
1811 1760 2066 1805 intellectus

98 1840 244 1886 :agens
260 1841 401 1872 unum
418 1827 668 1874 secundum
693 1841 791 1873 esse
819 1841 923 1874 cum
942 1827 1157 1880 homine3
1184 1840 1278 1870 non
1302 1837 1454 1870 autem
1477 1828 1727 1872 secundum
1747 1841 1843 1871 esse
1862 1827 2078 1881 acciden-·

64 1893 215 1948 ¹vitale„
232 1895 446 1954 quiajam
462 1907 558 1939 non
583 1905 699 1938 esset
725 1893 981 1941 intellectus
1008 1907 1148 1952 agens
1174 1893 1438 1947 substantia,
1465 1894 1543 1938 sed
1571 1894 1808 1946 accidens;
1841 1894 1905 1938 sic
1939 1897 2063 1938 enim

0 1927 19 2021 Ξῖ
103 1974 158 2005 ex
182 1961 339 2005 colore
362 1972 409 2005 et
434 1974 625 2019 corpore
647 1959 696 2004 fit
722 1974 864 2003 unum
890 1961 1141 2004 secundum
1169 1973 1266 2003 esse
1290 1959 1585 2004 accidentale.
1613 1960 1897 2019 Relinquitur
1930 1961 2066 2019 igitur

1 2049 22 2086 ,j
62 2054 64 2057 v
89 2027 225 2086 quod
248 2025 512 2077 intellectus
542 2041 681 2085 agens
714 2027 771 2070 sit
802 2040 908 2071 cum
940 2026 1130 2071 homine
1161 2040 1304 2070 unum
1335 2027 1589 2070 secundum
1621 2041 1720 2071 esse
1753 2027 2062 2071 substantiale.

8 2097 12 2106 ³
82 2092 199 2143 :Erit
222 2092 358 2152 igitur
381 2092 457 2137 vel
482 2093 635 2136 anima
666 2092 884 2145 humana,
915 2092 989 2137 vel
1022 2107 1123 2151 pars
1151 2094 1262 2150 ejus,
1295 2103 1339 2136 et
1370 2107 1462 2136 non
1497 2092 1645 2151 aliqua
1669 2093 1917 2139 substantia
1942 2107 2067 2152 sepa-

102 2160 214 2214 rata,
239 2160 355 2207 sicut
375 2159 632 2204 Alexander
654 2160 795 2218 ponit.
821 2160 927 2203 Non
954 2159 1102 2217 igitur,
1129 2159 1380 2208 secundum
1403 2159 1671 2217 opinionem
1703 2159 1966 2214 Alexandri,
1984 2173 2066 2219 ,po-

102 2226 330 2285 testt,poni
361 2226 483 2285 quod
510 2226 655 2270 homo
682 2226 905 2284 intelligat
929 2226 1199 2271 substantias
1226 2224 1469 2283 separatas,

8 2339 22 2347 ζ,
170 2292 423 2371 Amplius.
456 2293 494 2337 si
525 2292 780 2341 intellectus
814 2306 953 2350 agens
986 2293 1259 2350 quandoque
1295 2291 1373 2336 fiet
1404 2291 1553 2335 forma
1590 2292 1717 2336 istius
1745 2291 1968 2346 hominis,
2002 2292 2063 2336 ita

9 2359 26 2408 i
66 2358 224 2419 ,ηᾳᾳοά
250 2370 330 2418 per
355 2361 503 2418 ipsum
528 2358 780 2417 intelligere
807 2358 965 2417 possit,
994 2358 1152 2402 eadem
1186 2359 1362 2402 ratione
1390 2359 1556 2418 poterit
1581 2358 1678 2402 fieri
1703 2357 1852 2402 forma
1880 2357 2063 2413 alterius

55 2424 305 2476 h10minis
322 2439 408 2484 per
431 2425 581 2484 ipsum
607 2425 814 2470 similiter
845 2425 1151 2483 intelligentis.
1186 2424 1399 2482 Sequitur
1425 2439 1542 2482 ergo
1575 2425 1697 2483 quod
1730 2425 1821 2468 duo
1849 2425 2062 2469 homines

19 2487 26 2507 ³
102 2490 240 2542 simul
263 2506 343 2551 per
368 2491 650 2536 intellectum
667 2501 879 2550 agentern
897 2490 1155 2548 intelligent
1171 2491 1288 2535 sicut
1304 2505 1382 2549 per
1407 2490 1606 2535 formam
1624 2505 1769 2536 suam.
1788 2491 1901 2536 Hoc
1908 2502 2062 2536 autem

15 2614 18 2615 ⁷
72 2567 173 2608 ..est
195 2557 404 2617 itaquod
435 2558 585 2617 ipsum
615 2557 869 2617 intelligere
901 2556 1157 2602 intellectus
1195 2558 1369 2616 agentis
1402 2558 1459 2602 sit
1488 2558 1741 2616 intelligere
1767 2542 2062 2616 intelligentis

92 2638 183 2684 ,per
205 2624 370 2684 ipsum,
388 2634 445 2674 rut
469 2627 562 2683 jam
594 2625 766 2669 dictum
799 2634 879 2669 est.
912 2623 1008 2668 Erit
1033 2637 1144 2682 ergo
1170 2623 1294 2668 idem
1315 2623 1570 2683 intelligere
1596 2625 1793 2669 duorum
1809 2624 2063 2683 >intelligen-

96 2690 244 2747 ,κώπη
269 2690 392 2750 quod
418 2701 490 2736 est
519 2690 813 2749 impossibile.

27 2755 39 2820 ,’
76 2768 78 2773 “
172 2758 328 2806 Ratio
353 2761 491 2804 etiam
523 2759 620 2815 ejus
651 2757 816 2803 frivola
841 2766 911 2803 est
935 2757 1142 2801 omnino.
1170 2756 1326 2801 Primo
1353 2757 1551 2815 quidem,
1578 2757 1698 2815 quia,
1725 2756 1908 2815 quando
1934 2755 2061 2816 perfi-

21 2830 28 2838 ”
60 2825 478 2884 ⁴⁷‹citur,generatio
511 2824 700 2883 alicujus
726 2824 919 2882 generis,
951 2832 1133 2881 oportet
1164 2824 1285 2881 quod
1313 2822 1568 2881 perficiatur
1604 2824 1700 2879 ejus
1735 2824 1956 2881 operatio,
1979 2822 2061 2868 sed

70 2935 73 2937 Α
104 2901 260 2939 tamen
277 2891 534 2937 ,secundum
560 2891 750 2935 modum
777 2890 848 2934 sui
873 2892 1066 2948 generis,
1092 2903 1185 2933 non
1205 2888 1365 2933 'autern
1387 2889 1639 2933 secundum
1667 2891 1857 2934 modum
1884 2889 2062 2948 generis

37 2965 68 3006 ζ
93 2956 303 3010 ;31ῑίοι·ἰ8;
328 2971 469 3015 quum
493 2958 615 3002 enim
632 2956 861 3015 perficitur
878 2957 1110 3014 generatio
1137 2956 1268 3010 aeris,
1285 2956 1422 2999 habet
1443 2956 1786 3014 generationem
1813 2966 1858 3000 et
1882 2967 2061 3000 motum

34 3038 39 3073 j·
82 3022 386 3082 ..completum
402 3037 596 3077 sursum,
621 3037 716 3071 non
739 3033 896 3073 tamen
923 3032 972 3066 ut
997 3032 1237 3073 moveatur
1255 3022 1310 3065 ad
1332 3022 1487 3066 locum
1504 3022 1636 3080 ignis.
1657 3021 1876 3073 Similiter
1894 3032 2061 3077 autem,

35 3091 82 3135 ζῖμ-
106 3103 248 3149 quum
273 3089 529 3148 completur
550 3089 786 3148 generatio
820 3088 1073 3133 intellectus
1107 3090 1151 3132 in
1183 3089 1354 3142 habitu,
1383 3088 1684 3146 complebitur
1716 3089 1811 3146 ejus
1841 3089 2061 3147 operatio,

76 3170 222 3215 ..quae
248 3166 317 3200 est
340 3155 606 3214 intelligere,
633 3155 883 3205 secundum
910 3169 1041 3199 suum
1061 3155 1266 3206 modum,
1292 3169 1386 3198 non
1414 3166 1565 3199 autem
1592 3155 1844 3199 secundum
1870 3156 2060 3199 modum

106 3221 483 3284 quojntelligunt
513 3222 788 3268 substantiae
820 3232 1070 3280 separatae,
1098 3231 1147 3265 ut
1171 3221 1346 3265 scilicet
1378 3222 1600 3280 intelligat
1625 3221 1897 3266 substantias
1924 3235 2064 3279 sepa-

52 3298 240 3340 &gratas
273 3288 407 3335 Unde
438 3302 493 3332 ex
524 3289 816 3347 generatione
840 3287 1104 3332 intellectus
1130 3288 1177 3331 in
1204 3288 1359 3331 habitu
1392 3302 1484 3332 non
1519 3298 1668 3346 potest
1701 3287 1914 3331 concludi
1940 3287 2060 3347 quod

43 3387 51 3414 ·,
107 3353 251 3399 homo
278 3355 550 3413 quandoque
571 3354 798 3413 intelligat
821 3354 1092 3399 substantias
1110 3366 1352 3413 separatas.
1377 3355 1605 3408 Secundo,
1622 3354 1727 3412 quia
1754 3354 1959 3411 ejusdem
1980 3355 2063 3398 vir-

33 3421 214 3474 Ututis
239 3422 722 3479 estcomplementum
749 3421 1028 3480 oper-ationis
1055 3422 1183 3478 cujus
1217 3432 1283 3465 est
1315 3421 1520 3479 operatio
1553 3421 1660 3479 ipsa.
1696 3420 1743 3464 Si
1775 3420 1912 3478 igitur
1938 3419 2056 3464 intel·

44 3485 249 3546 „„,.ligere
274 3488 545 3532 substantias
569 3498 797 3547 separatas
822 3488 880 3532 sit
910 3486 1301 3545 complementum
1329 3487 1606 3546 operationis
1631 3486 1888 3531 intellectus
1914 3486 1961 3530 in
1986 3486 2062 3531 ha-

31 3547 218 3610 spitii,
250 3554 452 3613 sequitur
493 3554 616 3613 quod
654 3553 910 3598 intellectus
939 3553 987 3597 in
1025 3553 1179 3599 habitu
1219 3553 1445 3611 intelligat
1481 3552 1756 3611 quandoque
1789 3553 2061 3608 substantias

80 3663 82 3667 ,
110 3615 352 3678 separatas,
374 3619 497 3679 quod
524 3619 783 3671 Alexander
807 3633 902 3666 non
928 3619 1079 3679 ponit3
1106 3630 1368 3678 sequeretur
1390 3620 1512 3665 enim
1538 3619 1660 3678 quod
1686 3618 1940 3678 intelligere
1965 3619 2063 3665 sub·
