2332 3854
301 182 411 236 228
969 199 1123 237 LIBER
1162 198 1219 238 11.
1261 199 1383 238 CAP.
1427 200 1590 240 Lxxv.

299 300 562 355 materialis,
590 310 634 345 et
659 315 738 360 per
765 315 1048 359 consequens
1075 301 1198 359 quod
1222 315 1318 346 non
1345 301 1531 362 recipiat
1558 302 1727 363 aliquid
1751 319 1900 364 neque
1928 308 2252 365 operetur'sine

299 382 474 426 organo
502 369 753 428 corporali;
781 368 903 427 quod
930 378 998 412 est
1014 369 1151 412 etiam
1171 379 1331 414 contra
1347 379 1558 415 naturam
1574 370 1832 417 intellectus
1850 373 2093 431 possibilis.
2108 375 2255 435 Igitur

298 435 554 479 intellectus
580 435 806 494 possibilis
834 449 927 478 non
961 434 1288 493 multiplicatur
1319 436 1367 480 in
1399 437 1586 482 diversis
1623 438 1902 494 hominibus,
1937 439 2112 501 sedest
2140 455 2257 493 unus

299 503 507 546 omniurn
535 503 791 545 hominum.

387 569 524 612 Item:
554 569 590 612 si
617 568 870 611 intellectus
898 567 1126 625 possibilis
1155 578 1275 613 esset
1298 568 1411 614 alius
1443 570 1489 614 in
1515 570 1605 614 hoc
1634 579 1677 614 et
1702 571 1749 615 in
1774 571 1856 616 illo
1889 572 2107 628 homine,
2128 588 2261 641 opor·

297 645 412 679 teret
437 636 558 694 quod
586 635 759 692 species
786 633 1018 678 intellecta
1045 645 1164 679 esset
1189 635 1279 680 alia
1310 650 1505 681 numero
1532 637 1578 681 in
1610 637 1700 681 hoc
1734 648 1780 683 et
1814 640 1860 686 in
1895 637 1992 694 illo,
2024 653 2258 693 una23ero

297 702 343 745 in
370 703 544 759 specie;
573 716 711 759 quum
742 701 864 743 enim
892 702 1148 759 specierum
1173 702 1510 747 intellectarum
1529 704 1583 758 ¹in
1611 714 1713 748 actu
1738 705 1975 764 proprium
2001 700 2256 766 submm

297 769 354 812 sit
379 768 633 812 intellectus
660 767 905 825 possibilis,
935 777 1115 826 oportet
1140 770 1278 828 quod,
1305 770 1608 829 multiplicato
1634 770 1869 816 intellectu
1895 772 2260 830 possibilLv‘mul-

296 835 554 893 tiplicentur
569 834 742 892 species
757 833 1066 892 intelligibiles
1078 837 1333 880 secundum
1351 851 1595 881 numerum
1610 838 1658 881 in
1675 838 1878 883 diversis.
1894 839 2082 898 Species
2104 843 2258 888 autem

298 911 374 944 aut
398 901 574 945 formae
603 914 718 958 quae
745 910 848 944 sunt
875 902 1064 945 eaedem
1091 903 1342 947 secundum
1370 904 1573 962 speciem
1605 914 1650 948 et
1675 905 1879 950 diversae
1905 906 2160 953 secundum
2181 922 2259 952 nu-

296 982 489 1020 merum,
507 977 613 1010 sunt
629 966 804 1010 formae
822 967 1138 1023 individuales,
1158 983 1274 1027 quae
1297 984 1390 1013 non
1409 981 1598 1029 possunt
1616 985 1714 1015 esse
1730 971 1908 1017 formae
1925 972 2256 1031 intelligibiles;

296 1035 400 1093 quia
426 1034 728 1093 intelligibilia
754 1044 858 1078 sunt
890 1035 1176 1090 universalia,
1216 1051 1310 1081 non
1346 1038 1649 1095 particularia.
1688 1039 1977 1098 Impossibile
2012 1051 2081 1086 est
2116 1041 2253 1099 igitur

294 1101 578 1145 intellectum
604 1100 871 1158 possibilem
898 1116 996 1145 esse
1023 1102 1378 1162 multiplicatum
1408 1104 1455 1148 in
1489 1105 1676 1149 diversis
1706 1105 1951 1151 individuis
1982 1107 2253 1162 hominum3

293 1182 480 1212 necesse
507 1178 574 1212 est
598 1168 735 1226 igitur
757 1167 879 1227 quod
906 1169 965 1212 sit
990 1183 1105 1213 unus
1131 1170 1178 1213 in
1212 1171 1439 1215 omnibus.

383 1235 571 1278 Adhuc:
599 1235 816 1292 magister
849 1235 1088 1279 scientiam
1125 1250 1264 1295 quam
1297 1237 1434 1281 habet
1458 1237 1732 1282 transfundit
1763 1238 1811 1282 in
1842 1238 2148 1299 discipulum3
2180 1251 2258 1285 aut

292 1302 430 1362 igitur
457 1301 668 1345 eamdem
694 1316 905 1355 numero,
933 1312 1011 1346 aut
1037 1302 1175 1346 aliam
1199 1303 1427 1348 diversam
1443 1319 1653 1360 numero,
1673 1305 1757 1349 etsi
1773 1306 1831 1350 sit
1848 1306 2010 1351 eadem
2026 1307 2074 1351 in
2090 1307 2256 1367 specie.

296 1369 559 1414 Secundum
577 1369 755 1413 videtur
771 1369 1055 1428 impossibile
1073 1383 1185 1424 esse,
1204 1371 1310 1429 quia
1327 1371 1392 1415 sic
1413 1373 1630 1430 magister
1646 1382 1852 1416 causaret
1868 1373 2107 1419 scientiam
2123 1388 2258 1424 suam

292 1437 339 1480 in
367 1436 590 1496 discipulo
618 1437 736 1480 sicut
763 1447 918 1481 causat
943 1437 1142 1481 formam
1175 1453 1306 1482 suam
1337 1438 1384 1483 in
1418 1439 1587 1497 aliquo,
1621 1439 1883 1498 generando
1909 1439 1995 1485 sibi
2024 1439 2176 1486 simile
2207 1441 2256 1485 in

293 1505 465 1563 specie3
494 1504 616 1563 quod
642 1504 818 1548 videtur
840 1504 1064 1563 pertinere
1083 1505 1139 1548 ad
1157 1506 1338 1563 agentia
1357 1506 1624 1550 materialia.
1645 1506 1844 1565 Oportet
1860 1521 1972 1567 ergo
1990 1508 2113 1567 quod
2129 1522 2253 1553 eam-

293 1573 398 1616 dem
425 1572 664 1616 scientiam
690 1586 885 1615 numero
915 1582 1070 1615 causet
1094 1572 1141 1615 in
1169 1572 1419 1631 discipu103
1447 1573 1572 1632 quod
1594 1587 1692 1618 esse
1718 1587 1813 1618 non
1838 1583 2009 1632 posset,
2030 1573 2119 1620 nisi
2135 1586 2256 1623 esset

293 1653 407 1683 unus
435 1638 691 1683 intellectus
719 1638 947 1697 possibilis
974 1639 1219 1698 utriusque.
1246 1641 1447 1685 Necesse
1474 1640 1610 1698 igitur
1634 1641 1813 1686 videtur
1844 1641 2130 1692 intellectum
2152 1656 2254 1701 pos-

292 1706 471 1751 sibilem
500 1720 597 1749 esse
624 1720 767 1749 unum
794 1706 1004 1749 omnium
1030 1706 1288 1750 hominum.

383 1774 512 1817 Sicut
538 1783 689 1816 autem
716 1773 947 1831 praedicta
972 1773 1140 1831 positivo
1167 1774 1404 1818 veritatem
1443 1787 1537 1817 non
1563 1774 1714 1828 habet,
1740 1784 1790 1819 ut
1815 1784 2051 1820 ostensum
2075 1783 2159 1830 est,
2188 1775 2253 1820 ita

292 1841 492 1884 rationes
519 1841 693 1899 positae
721 1841 778 1883 ad
803 1840 951 1898 ipsam
979 1840 1342 1884 confirmandam
1368 1840 1501 1885 facile
1528 1841 1742 1886 solubiles
1769 1851 1886 1886 sunt.
2140 1882 2142 1887 ,

384 1907 671 1951 Confitemur
703 1908 825 1950 enim
866 1906 1149 1950 intellectum
1187 1906 1450 1965 possibilem
1489 1922 1587 1951 esse
1621 1922 1765 1951 unum
1801 1910 1952 1967 specie
1987 1908 2035 1953 in
2068 1908 2257 1962 divensis

292 1975 570 2028 hominibus,
598 1973 746 2032 plures
774 1984 926 2017 autem
954 1974 1207 2017 secundum
1232 1988 1502 2028 numerum3
1529 1985 1578 2017 ut
1603 1983 1758 2018 tamen
1784 1989 1879 2019 non
1905 1974 1984 2019 fiat
2003 1975 2052 2026 in
2076 1975 2168 2028 hoc
2186 1976 2257 2027 vis

292 2042 414 2100 quod
440 2052 588 2099 partes
625 2040 827 2084 hominis
861 2054 955 2083 non
990 2050 1222 2098 ponuntur
1258 2041 1303 2083 in
1331 2054 1497 2098 genere
1523 2040 1596 2084 vel
1629 2041 1780 2100 specie
1807 2041 2057 2086 secundum
2083 2056 2147 2098 se,
2177 2043 2256 2088 sed

292 2108 443 2152 solum
469 2117 519 2151 ut
544 2118 648 2152 sunt
664 2107 884 2166 principia
901 2107 1053 2150 totius.
1075 2107 1173 2151 Nec
1201 2117 1355 2150 tamen
1379 2107 1581 2166 sequitur
1606 2108 1728 2167 quod
1756 2108 1812 2152 sit
1833 2107 1984 2152 forma
2009 2109 2256 2155 materialis

292 2175 544 2220 secundum
572 2189 669 2219 esse
697 2174 957 2233 dependens
977 2188 1001 2217 a
1021 2188 1238 2232 corpore;
1266 2174 1382 2217 sicut
1400 2174 1522 2217 enim
1547 2175 1727 2219 animae
1744 2175 1975 2219 humanae
2001 2176 2256 2221 secundum

292 2238 422 2287 suam
450 2242 651 2300 speciem
671 2241 893 2300 competit
910 2241 1032 2300 quod
1053 2240 1133 2285 tali
1151 2241 1334 2299 corpori
1359 2241 1613 2285 secundum
1632 2241 1832 2300 speciem
1849 2241 2044 2296 uniatur,
2065 2243 2128 2286 ita
2139 2243 2256 2288 haec

293 2310 446 2353 anima
473 2308 622 2352 differt
649 2309 701 2352 ab
729 2308 807 2351 illa
828 2322 1021 2352 numero
1046 2307 1162 2362 solo,
1191 2322 1244 2351 ex
1271 2308 1361 2351 hoc
1385 2308 1506 2366 quod
1526 2308 1581 2351 ad
1600 2307 1721 2352 aliud
1739 2322 1932 2353 numero
1950 2323 2116 2369 corpus
2132 2309 2258 2355 habi-

290 2378 496 2422 tudinem
521 2376 680 2429 habet;
709 2385 752 2419 et
778 2376 842 2418 sic
868 2375 1208 2418 individuantur
1235 2375 1415 2419 animae
1442 2375 1689 2429 humanae,
1717 2385 1762 2419 et
1778 2390 1858 2435 per
1884 2390 2169 2436 consequens
2189 2379 2254 2423 in-
2295 2388 2301 2394 ⁴

290 2444 500 2488 tellectus
527 2443 768 2502 possibilis,
795 2442 873 2500 qui
895 2452 962 2486 est
978 2442 1180 2500 potentia
1209 2442 1388 2486 animae
1410 2443 1640 2487 humanae
1659 2444 1911 2487 secundum
1934 2458 2144 2504 corpora,
2159 2460 2254 2491 non

292 2512 418 2571 quasi
446 2510 803 2554 individuatione
827 2524 850 2552 a
880 2509 1146 2568 corporibus
1174 2519 1372 2552 causata.

382 2577 593 2622 Secunda
619 2590 729 2621 vero
756 2576 871 2620 ratio
898 2577 1036 2635 ipsius
1064 2575 1216 2619 deficit
1237 2590 1289 2619 ex
1307 2576 1413 2631 hoc,
1432 2576 1553 2635 quod
1579 2590 1674 2620 non
1700 2576 1936 2636 distinguit
1960 2579 2079 2622 inter
2091 2578 2139 2623 id
2161 2594 2252 2638 quo

290 2646 557 2705 intelligitur
575 2655 619 2689 et
639 2645 683 2687 id
708 2644 829 2703 quod
856 2643 1138 2701 intelligitur.
1164 2643 1350 2702 Species
1368 2643 1491 2687 enim
1513 2654 1698 2702 recepta
1723 2645 1770 2687 in
1793 2643 2026 2689 intellectu
2050 2645 2256 2704 possibili

290 2729 383 2758 non
410 2714 548 2757 habet
574 2726 622 2756 se
649 2722 698 2755 ut
724 2711 847 2769 quod
874 2710 1166 2768 intelligitur3
1194 2725 1334 2768 quum
1363 2711 1487 2754 enim
1513 2711 1568 2754 de
1594 2711 1666 2754 his
1692 2725 1808 2769 quae
1834 2710 2150 2769 intelliguntur
2165 2714 2254 2758 sint

291 2795 452 2826 omnes
480 2790 596 2824 artes
624 2789 668 2823 et
684 2778 915 2831 scientiae,
939 2787 1203 2836 sequeretur
1221 2777 1343 2836 quod
1362 2791 1523 2821 omnes
1540 2777 1756 2821 scientiae
1774 2786 1925 2822 essent
1946 2778 2002 2822 de
2017 2778 2253 2837 speciebus

291 2848 604 2893 exsistentibus
617 2846 663 2889 in
679 2844 913 2889 intellectu
931 2844 1292 2903 possibi113quod
1315 2854 1440 2903 patet
1457 2858 1555 2888 esse
1572 2844 1763 2898 falsum3
1780 2843 1907 2888 nulla
1920 2844 2042 2889 enim
2064 2845 2254 2891 scientia
2328 2883 2332 2892 ,‚

290 2916 344 2960 de
370 2916 435 2959 eis
463 2913 632 2973 aliquid
659 2911 931 2965 considerat,
957 2912 1044 2955 nisi
1075 2910 1293 2955 naturalis
1327 2921 1371 2955 et
1397 2911 1738 2970 metaphysica3
1765 2910 1846 2956 sed
1877 2921 2033 2956 tamen
2064 2925 2145 2971 per
2174 2926 2252 2958 eas

289 2995 605 3043 quaecumque
632 2990 735 3040 sugit
761 2980 806 3023 in
835 2979 1047 3023 omnibus
1075 2979 1276 3023 scientiis
1304 2989 1658 3036 cognoscuntur.
1685 2978 1835 3022 Habet
1851 2991 1900 3022 se
1915 2978 2055 3036 igitur
2077 2980 2253 3037 species

286 3049 586 3108 intelligibilis
612 3057 793 3106 recepta
820 3049 865 3090 in
891 3045 1126 3090 intellectu
1144 3044 1364 3104 possibili,
1391 3045 1437 3088 in
1456 3045 1772 3103 intelligendo,
1798 3045 1918 3089 sicut
1940 3045 1987 3089 id
2012 3059 2104 3104 quo
2125 3045 2256 3092 intel·

287 3117 461 3176 ligitur;
485 3117 600 3160 sicut
626 3124 670 3159 et
696 3114 870 3173 species
898 3112 1065 3157 coloris
1091 3113 1137 3155 in
1165 3111 1301 3156 oculo
1328 3126 1422 3155 non
1456 3122 1525 3156 est
1549 3112 1593 3155 id
1622 3112 1744 3171 quod
1769 3111 1961 3166 videtur,
1983 3111 2062 3157 sed
2087 3112 2134 3157 id
2158 3126 2251 3172 quo

287 3185 510 3228 videmus.
546 3183 595 3226 Id
622 3196 731 3226 vero
765 3181 889 3240 quod
930 3179 1196 3238 intelligitur
1223 3189 1291 3223 est
1325 3179 1423 3237 ipsa
1449 3181 1564 3223 ratio
1597 3193 1749 3222 rerum
1783 3178 2094 3224 exsistentium
2127 3188 2252 3225 extra

290 3253 493 3296 animam
511 3266 521 3305 ;
549 3250 664 3294 sicut
683 3251 822 3293 etiam
845 3257 887 3292 et
913 3261 984 3291 res
1002 3256 1126 3290 extra
1153 3247 1355 3290 animam
1374 3245 1639 3290 exsistentes
1656 3245 1756 3290 visu
1773 3244 2002 3304 corporali
2021 3245 2252 3302 videnum

290 3318 345 3362 ad
371 3319 461 3362 hoc
497 3317 618 3361 enim
645 3316 856 3359 inventae
889 3324 994 3358 sunt
1021 3323 1138 3357 artes
1171 3323 1215 3357 et
1245 3312 1461 3356 scientiae
1497 3322 1545 3356 ut
1576 3326 1647 3357 res
1677 3312 1725 3356 in
1756 3312 1848 3357 suis
1881 3311 2051 3357 naturis
2081 3325 2252 3372 eogno-

289 3397 484 3429 scantur.
511 3384 672 3443 Neque
699 3394 853 3427 tamen
881 3390 1061 3441 oportet
1086 3380 1223 3439 quod,
1257 3380 1295 3424 si
1317 3380 1534 3424 scientiae
1561 3389 1667 3424 sunt
1702 3379 1758 3423 de
1783 3377 2132 3433 universalibus,
2154 3379 2253 3425 uni·

288 3453 482 3496 versalia
509 3454 598 3496 sint
624 3461 748 3495 extra
777 3450 978 3493 animam
1001 3461 1079 3507 per
1105 3461 1153 3491 se
1175 3447 1476 3500 subsistentia,
1509 3447 1626 3491 sicut
1656 3445 1789 3491 Plato
1820 3445 1999 3505 posuit:
2020 3444 2250 3498 Quamvis

291 3519 412 3563 enim
441 3518 495 3562 ad
532 3520 771 3563 veritatem
805 3515 1080 3575 cognitionis
1112 3528 1301 3559 necesse
1334 3516 1390 3558 sit
1422 3524 1472 3558 ut
1504 3513 1706 3573 cognitio
1738 3513 1805 3558 rei
1834 3511 2123 3574 respondeat,
2151 3525 2247 3558 nen

289 3596 442 3631 tamen
470 3595 652 3646 oportet
677 3584 799 3644 quod
827 3583 950 3628 idem
967 3583 1025 3628 sit
1050 3583 1214 3628 modus
1233 3581 1510 3640 cognitionis
1536 3591 1581 3626 et
1604 3580 1691 3637 rei;
1717 3593 1835 3640 quae
1851 3579 1976 3627 enim
1999 3580 2247 3640 conjuncta
