2332 3854
306 184 409 251 642
991 192 1147 230 LIBER
1185 192 1257 230 ιν.
1298 192 1420 229 CAP.
1461 191 1554 236 LII.

303 311 418 356 quae
450 305 553 340 sunt
584 297 715 338 unius
742 293 975 346 individui,
1004 302 1047 335 et
1074 291 1240 336 aliter'
1229 307 1275 335 m
1300 292 1373 335 his
1399 305 1516 350 quae
1548 300 1652 336 sunt
1675 292 1815 336 totius
1854 301 2042 337 naturae
2068 293 2260 352 speciei;

302 377 410 406 narn
433 362 777 421 participatione
800 359 967 418 speciei
993 369 1098 402 sunt
1122 357 1274 417 plures
1299 358 1512 403 homines
1532 357 1658 402 velut
1683 373 1799 402 unus
1817 358 1977 412 homo,
1994 368 2042 404 ut
2058 358 2262 417 Porphy-

301 430 393 472 rius
420 429 541 472 dicit
570 429 816 471 Peccatum
840 427 975 483 igitur
997 425 1119 483 quod
1144 426 1198 467 ad
1223 423 1407 483 aliquod
1430 424 1712 479 individuum
1735 425 1830 468 sive
1852 438 2095 483 personam
2115 424 2263 468 horni-

301 496 371 540 nis
397 496 603 553 pertinet,
638 493 764 536 alteri
796 507 889 536 non
917 492 1165 550 imputatur
1191 492 1246 535 ad
1274 491 1458 550 culpam
1489 491 1577 535 nisi
1612 492 1832 550 peccanti,
1865 505 1921 536 eo
1954 492 2076 551 quod
2111 504 2264 550 perso·

301 562 462 605 naliter
487 575 602 603 unus
630 561 682 602 ab
712 559 801 601 alio
828 558 997 601 divisus
1031 569 1109 602 est.
1146 557 1195 601 Si
1227 558 1350 616 quod
1378 567 1530 601 autem
1572 567 1811 616 peccatum
1855 567 1923 602 est
1962 558 2084 617 quod
2113 557 2262 617 ⁴ipsam

301 638 511 672 naturam
543 626 712 684 speciei
737 625 963 682 respiciat,
988 638 1082 668 non
1116 634 1184 668 est
1208 625 1537 669 inconveniens
1569 624 1692 683 quod
1719 638 1775 668 ex
1799 637 1892 668 uno
1918 632 2196 683 propagent
2214 623 2262 667 in

302 695 509 747 alterum,
535 693 650 736 sicut
677 702 721 735 et
741 702 901 734 natura
927 691 1094 749 speciei
1120 705 1200 749 per
1224 705 1368 734 unum
1391 690 1490 734 aliis
1517 690 2086 743 communicatunQuum
2108 700 2263 736 autem

300 770 540 818 peccatum
574 757 747 802 malurn
780 757 1013 815 quoddam
1040 757 1097 801 sit
1122 757 1357 801 rationalis
1378 767 1581 811 naturae,
1608 756 1781 801 malum
1810 756 2262 816 auzemsitprivatio

300 826 424 877 boni,
458 825 709 869 secundum
736 823 846 867 illud
879 824 1053 867 bonurn
1087 825 1208 882 quod
1235 824 1449 882 privatur,
1476 823 1773 880 judicandum-
1808 832 1877 872 est
1902 832 2153 882 ‘peccatum
2188 821 2265 873 ali·

301 892 423 951 quod
452 892 506 934 ad
534 901 743 935 naturam
772 904 1072 934 communem
1093 890 1167 934 vel
1194 891 1250 934 ad
1277 890 1478 948 aliquam
1504 903 1747 948 personam
1771 889 2002 948 propriam
2024 890 2262 949 per-tinere,

302 962 497 1004 Peccata
533 959 670 1016 igitur
703 957 913 1010 actualia,
939 971 1055 1016 quae
1084 959 1390 1001 communiter
1416 957 1470 1000 ab
1502 957 1769 1000 hominibus
1809 965 2017 1015 aguntur,
2059 956 2265 1008 adimunt

301 1020 484 1086 aliquod
515 1026 689 1070 bonum
723 1038 948 1082 personae
987 1025 1233 1083 peccantis,
1261 1034 1368 1082 puta
1395 1025 1590 1082 gratiam
1623 1033 1667 1068 et
1698 1023 1908 1073 ordinem
1939 1022 2264 1081 debitum-par*

2307 208 2330 220 d

2326 239 2332 270 5

2324 333 2332 353 „l

296 1090 413 1138 ‘tium
441 1092 645 1145 animae3
669 1091 789 1135 unde
807 1090 1065 1149 personalia
1087 1100 1205 1145 sunt,
1224 1105 1324 1148 nec,
1347 1104 1439 1134 uno
1457 1100 1691 1149 peccante,
1714 1089 1848 1135 alteri
1862 1090 2153 1148 imputantur.
2174 1088 2266 1137 Pri·
2318 1123 2324 1134 -,

301 1174 429 1203 mum
457 1169 609 1203 autern
636 1167 879 1216 peccatum
906 1157 1043 1216 primi
1062 1157 1263 1201 hominis
1285 1171 1379 1200 non
1406 1156 1556 1201 solum
1574 1166 1844 1215 peccantem
1861 1156 2065 1206 destituit
2076 1156 2262 1215 proptio
2326 1151 2329 1173 ³

300 1237 344 1270 et
375 1225 604 1285 personali
629 1225 770 1279 bono,
797 1225 970 1269 scilicet
997 1224 1155 1283 gratia,
1184 1234 1228 1268 et
1254 1224 1406 1267 debito
1439 1223 1599 1268 ordine
1626 1224 1822 1277 animae,
1848 1222 1930 1274 sed
1965 1222 2263 1274 etiam-bono
2321 1228 2329 1270 Ῐ

301 1293 356 1336 ad
389 1302 599 1335 naturam
627 1305 925 1335 communem
953 1291 1219 1350 pertinente.
1255 1291 1319 1334 Ut
1345 1291 1468 1333 enim
1496 1305 1628 1348 supra
1672 1291 1844 1335 dictum
1886 1298 1967 1343 est,
1988 1290 2264 1341 §insuetum

299 1360 503 1403 humana
527 1357 612 1401 fuit
637 1358 839 1401 instituta
866 1359 913 1401 in
939 1357 1008 1402 sui
1034 1357 1286 1416 primordio
1319 1357 1440 1416 quod
1464 1356 1703 1401 inferiores
1730 1357 1849 1403 vires
1874 1354 2077 1416 perfeeto.
2098 1355 2266 1410 notioni
2307 1367 2310 1371 ·

300 1426 644 1483 subjicerentur,
678 1425 794 1468 ratio
827 1425 947 1478 Deo,
973 1434 1017 1468 et
1043 1424 1223 1468 animae
1265 1438 1445 1482 corpus,
1478 1424 1580 1467 Deo
1608 1437 1687 1482 per
1713 1424 1921 1483 gratiam<
1948 1421 2264 1482 supplenta‘id

302 1493 424 1551 quod
450 1492 506 1535 ad
531 1491 623 1534 hoc
652 1491 806 1534 deerat
834 1505 912 1548 per
933 1501 1160 1536 naturam.
1185 1491 1458 1548 Huiusmodi
1487 1500 1641 1540 autern
1666 1490 1956 1544 beneficium,
1978 1488 2105 1549 quod
2125 1489 2267 1548 aqui-
2317 1482 2321 1527 vs

299 1559 492 1602 busdam
524 1557 758 1616 originalis
785 1558 952 1615 justitia
979 1557 1156 1611 dIcitur,
1183 1557 1248 1601 sic
1275 1557 1423 1616 primo
1450 1556 1631 1600 homini
1664 1556 1884 1600 collatum
1917 1555 2015 1611 fuit,
2042 1555 2264 1610 ιιι-ψει)
2308 1569 2326 1592 ‘-

301 1624 438 1669 simul
460 1638 564 1669 cum
588 1633 747 1668 natura
771 1624 972 1668 humana
996 1634 1323 1682 propagaretur
1348 1624 1394 1667 in
1421 1633 1644 1682 posteros.
1666 1622 1863 1669 Ratione
1890 1632 2043 1675 autem
2069 1635 2266 1682 perpec-
2315 1617 2325 1676 ‚s

304 1700 457 1736 catum
483 1691 619 1750 primi
659 1691 862 1735 hominis
888 1705 935 1734 se
961 1691 1254 1735 subtrahente
1286 1705 1312 1734 a
1347 1690 1630 1748 subjectione
1671 1689 1838 1744 divina,
1869 1689 2167 1743 subsecutum
2189 1690 2266 1742 :ebt
2310 1686 2311 1689 ’

301 1759 423 1818 quod
450 1772 536 1803 nec
563 1756 798 1803 inferiores
823 1758 941 1802 vires
968 1757 1166 1817 perfecte
1198 1757 1366 1802 rationi
1391 1757 1699 1815 subjiciantur,
1725 1771 1811 1801 nec
1854 1757 2036 1803 animae
2076 1769 2265 1815 corpu&
2282 1757 2310 1811 ’-

302 1837 346 1869 et
367 1826 457 1870 hoc
480 1838 575 1868 non
601 1835 779 1870 tantum
801 1826 847 1869 in
869 1825 1020 1884 primo
1043 1835 1277 1883 peccante,
1300 1824 1380 1868 sed
1408 1824 1529 1868 idem
1552 1823 1754 1868 defectus
1776 1823 2267 1881 communispemenit

302 1892 358 1936 ad
381 1903 601 1951 posteros,
625 1892 681 1936 ad
703 1906 819 1951 quos
846 1893 984 1936 etiam
1007 1893 1126 1937 dicta
1153 1891 1387 1950 originalis
1414 1891 1581 1949 justitia
1607 1899 1878 1949 perventura
1900 1889 2108 1945 (ἐπῳδὴ
2128 1889 2266 1948 igitur
2301 1919 2306 1922 »

300 1968 543 2017 peccatum
575 1958 709 2017 primi
742 1957 958 2012 hominis,
991 1972 1016 2003 a
1038 1972 1129 2016 quo
1157 1972 1320 2002 ornnes
1342 1957 1433 2011 alii,
1460 1957 1713 2001 secundum
1739 1956 2007 2004 doctrinam
2008 1948 2139 2011 Q
2150 1964 2266 2007 sum
2297 1957 2311 1989 ἶ·

299 2025 503 2080 derivati,
527 2035 571 2069 et
588 2024 829 2084 personale
846 2024 944 2079 fuit,
970 2025 1016 2068 in
1043 2035 1263 2084 quantum
1283 2025 1432 2083 ipsum
1450 2024 1649 2082 primum
1673 2023 1914 2078 hominem
1930 2036 2124 2093 proptio
2139 2022 2265 2075 bouq
2298 2015 2310 2070 Ϊ,

299 2092 504 2150 privavit,
531 2101 576 2135 et
599 2091 857 2145 naturale,
846 2105 893 2135 m
927 2101 1149 2150 quantum
1182 2091 1366 2138 abstulit
1396 2091 1481 2135 sibi
1514 2101 1557 2136 et
1589 2090 1681 2134 suis
1714 2090 1908 2150 posteris
1927 2098 2268 2148 consequentes
2292 2102 2308 2126 z

300 2159 575 2203 beneficium
602 2157 823 2202 collatum
849 2158 934 2202 toti
959 2158 1191 2209 humanae
1223 2167 1427 2203 naturae.
1461 2157 1538 2201 Sic
1574 2157 1713 2215 igitur
1742 2151 2035 2215 hujusmodi
2046 2154 2294 2216 defectiva-v

301 2228 347 2270 in
376 2225 473 2269 aliis
501 2239 788 2282 consequens
820 2238 874 2270 ex
906 2225 1057 2283 primo
1089 2234 1290 2283 parente,
1316 2224 1455 2269 etiam
1481 2224 1528 2267 in
1546 2223 1655 2268 aliis
1675 2222 1902 2281 rationem
1926 2221 2103 2282 cisspae
2114 2221 2295 2277 habeti,¹

299 2301 434 2350 prout
456 2305 619 2335 omnes
644 2291 858 2334 homines
887 2300 1212 2367 computantur
1237 2305 1352 2334 unus
1375 2291 1523 2335 horno
1547 2303 1628 2347 per
1653 2289 2053 2348 participationem
2067 2295 2293 2344 *natum*

300 2358 574 2403 communis.
603 2357 678 2401 Sic
707 2358 830 2401 enim
863 2358 1089 2401 invenitur
1114 2356 1425 2401 voluntarium
1450 2356 1719 2415 hujusmodi
1755 2364 2014 2415 peccatum
2028 2354 2296 2410 voluntatff,

297 2424 430 2483 primi
456 2424 666 2483 parentis,
691 2424 1082 2500 quemadmodum
1109 2433 1154 2468 et
1180 2424 1299 2468 actio
1327 2437 1489 2467 manus
1511 2423 1738 2467 rationem
1764 2421 1925 2480 culpae
1945 2422 2085 2470 habet
2109 2435 2167 2475 ειιι
2188 2429 2280 2492 vqs

298 2492 470 2536 luntate
502 2491 638 2550 primi
671 2491 912 2544 moventis,
947 2490 1069 2549 quod
1097 2500 1164 2534 est
1189 2491 1330 2544 rati03
1348 2499 1399 2533 ut
1414 2489 1477 2533 sic
1497 2499 1791 2533 aestimentur
1806 2503 1853 2533 ιιι
1870 2498 2064 2548 peccato
2078 2495 2290 2567 natura&

299 2558 462 2602 diversi
486 2557 702 2601 homines
725 2558 853 2616 quasi
879 2567 1067 2601 naturae
1086 2557 1348 2601 communis
1365 2566 1528 2616 partes,
1548 2556 1672 2601 sicut
1686 2556 1733 2599 in
1749 2565 1940 2615 peccato
1956 2555 2196 2616 personali}
2206 2554 2294 2634 6ξῇ

298 2639 457 2669 versae
484 2624 619 2668 unius
645 2624 847 2668 hominis
875 2635 1038 2682 partes.
2053 2651 2074 2675 ‹,
2131 2654 2154 2675 4
2187 2648 2279 2691 '⁸³1

388 2691 652 2736 Secundum
678 2691 768 2734 hoc
795 2691 932 2749 igitur
957 2704 1118 2734 verum
1146 2699 1212 2734 est
1239 2690 1389 2735 dicere
1416 2689 1553 2748 quod,
1580 2703 1675 2734 uno
1701 2699 1936 2748 peccamoe,
1964 2699 2179 2743 emm

301 2769 516 2804 caverunt
541 2761 586 2802 in
612 2758 727 2818 ipso,
751 2768 800 2802 ut
817 2758 1068 2817 Apostolus
1096 2758 1206 2801 dicit
1222 2758 1380 2816 (Rom.
1398 2757 1453 2800 V.
1457 2757 1493 2813 ),
1511 2757 1763 2803 secundum
1784 2757 1914 2816 queck
1926 2757 2139 2814 secunda
2149 2771 2196 2809 ιε

300 2826 600 2902 proponebat,
624 2839 719 2869 non
746 2825 869 2883 quod
897 2834 1049 2869 essent
1074 2834 1178 2868 actu
1205 2825 1251 2868 in
1277 2825 1377 2882 ipso
1406 2823 1483 2867 alii
1507 2823 1736 2878 homines,
1762 2824 1841 2869 sed
1861 2823 2042 2878 mute,
2074 2820 2254 2875 stem«

300 2893 511 2952 originali
536 2892 784 2951 principio;
810 2906 894 2936 nec
922 2892 1131 2937 dicuntur
1158 2904 1371 2950 peccasse
1404 2891 1451 2934 in
1478 2904 1534 2935 eo
1555 2890 1690 2968 quasi
1723 2890 1940 2950 aliquem
1955 2899 2136 2938 actum

301 2970 469 3014 centes,
497 2959 613 3004 sed
601 2973 648 3003 m
675 2968 897 3019 quantum
923 2959 1151 3018 pertinent
1171 2957 1227 3004 ad
1250 2967 1461 3004 naturam
1482 2957 1638 3016 ipsius,
1660 2970 1785 3016 quae
1799 2970 1880 3017 per
1892 2966 2189 3058 peceatum

302 3042 355 3072 ru
389 3037 434 3071 ta
461 3036 542 3070 est.
2114 3052 2133 3069 ,-
2145 3035 2278 3070 μιμεῖ

358 3042 488 3137 pNec
514 3103 670 3136 tamen
696 3091 912 3151 sequitur,
934 3091 973 3135 si
995 3100 1234 3168 peccatum
1259 3105 1285 3134 a
1306 3090 1455 3148 primo
1482 3100 1667 3149 parente
1688 3071 1965 3150 propagatur
1980 3089 2062 3141 ιιι
2170 3115 2201 3140 ι
2243 3095 2245 3097 ’

302 3174 444 3220 quum
477 3160 731 3216 subjectum
764 3159 942 3217 peccati
974 3158 1032 3202 sit
1064 3157 1216 3201 anima
1249 3156 1497 3210 rationalis,
1525 3157 1648 3215 quod
1675 3157 1834 3208 anima
1865 3156 2104 3210 rationalis
2154 3155 2168 3167 ⁸

303 3241 408 3271 cum
427 3226 600 3270 semine
619 3235 892 3284 propagetur
915 3224 1166 3268 secundum
1183 3236 1448 3281 processum
1466 3224 1625 3269 tertiae
1643 3223 1848 3269 rationis
1860 3222 1967 3273 stoc
1980 3223 2140 3275 enim,

301 3303 576 3368 propagatur
596 3292 686 3335 hoc
714 3301 953 3367 peccatum
975 3300 1176 3344 naturae,
1201 3290 1321 3348 quod
1344 3289 1566 3347 originale
1583 3289 1763 3344 dicitur,
1775 3289 1913 3344 sicut
1917 3298 1963 3344 et
1982 3289 2138 3349 ipsa*

302 3359 486 3418 speciei,
514 3372 644 3416 quae,
668 3358 877 3416 quamvis
904 3371 984 3416 per
1011 3357 1213 3400 animam
1247 3355 1518 3399 rationalem
1552 3355 1825 3413 perficiatur,
1854 3368 1973 3407 non,
1981 3365 2181 3409 tamen

304 3435 493 3483 pagatur
521 3438 625 3467 curn
653 3425 841 3476 semine,
868 3423 948 3467 sed
975 3422 1127 3467 solum
1155 3436 1319 3481 corpus
1344 3422 1398 3467 ad
1422 3422 1761 3480 susceptionem
1781 3420 1885 3471 talis
1907 3420 2102 3477 animae
2108 3429 2188 3477 a]

2259 3288 2288 3317 ’ἐι

2204 3401 2213 3417 ιζ
2254 3390 2276 3434 ιζ
2317 3409 2319 3414 ,

2245 3420 2289 3454 C-

2255 3503 2274 3513 2»

305 3501 478 3545 natum,
504 3500 554 3534 ut
577 3491 622 3534 in
650 3490 851 3535 secundo
879 3491 940 3548 (c.
971 3487 1063 3546 86.)
1097 3499 1335 3535 ostensum
1360 3497 1440 3535 est.
2169 3499 2275 3543 ψ’

395 3557 452 3605 Et
481 3555 588 3603 licet
620 3555 830 3605 Christus
865 3571 891 3602 a
927 3557 1077 3616 primo
1111 3565 1296 3617 parente
1335 3554 1586 3608 secundum
1625 3568 1827 3605 carnem
1844 3552 2189 3612 denaqdentt

2273 3721 2282 3737 ς
