2332 3854
0 1405 11 1421 Υ,

0 1592 13 1617 ἰ,

17 3276 23 3290 ⁴⁴
11 3229 21 3250 *a*
8 3016 25 3218 *fu-ewam&
6 2904 25 3001 ‘Wff'w
13 2863 16 2865 v
4 2792 23 2852 “<'⁸J²'‹
2 2738 15 2766 ‘'³''
2 2716 14 2731 ’
3 2699 7 2702 ’
5 2682 8 2686 ’

787 231 940 270 mnan
979 231 1052 270 ιν.
1094 231 1214 270 CAP.
1255 230 1363 269 xm.
1965 218 2070 285 629

113 334 436 387 instrumenta3
460 332 577 376 haec
604 333 726 376 enim
753 332 939 378 dolabra
955 347 1050 378 non
1076 343 1144 378 est
1166 334 1400 393 proprium
1420 332 1788 385 instrumentum,
1812 332 1930 376 sicut
1956 332 2074 376 haec

113 412 301 454 manus-»3
324 414 404 459 per
429 397 663 443 dolabram
692 399 816 443 enim
842 399 975 444 multi
998 410 1190 459 possunt
1221 401 1414 458 operari,
1438 398 1519 443 sed
1545 398 1659 442 haec
1687 412 1849 442 manus
1884 398 1940 442 ad
1974 412 2074 457 pro·

112 465 258 525 priam
283 466 603 525 operationem
625 463 758 522 hujus
786 466 965 510 animae
997 466 1264 525 deputatur;
1289 475 1473 524 propter
1504 463 1629 523 quod
1661 477 1824 507 manus
1850 473 1919 507 est
1946 476 2074 521 orga-

111 544 224 575 num
246 532 423 575 unitum
450 540 493 574 et
518 532 766 590 proprium,
793 531 980 575 dolabra
1003 542 1155 576 autem
1178 532 1530 575 instrumentum
1552 530 1857 574 extrinsecum
1885 539 1928 573 et
1951 542 2074 572 com-

112 611 264 642 mune.
293 597 367 641 Sic
390 597 526 656 igitur
548 607 592 641 et
607 598 654 640 in
677 598 845 649 unione
870 599 956 642 Dei
978 608 1022 642 et
1045 598 1246 642 hominis
1265 597 1542 642 considerari
1569 606 1730 656 potest.
1752 595 1930 641 Omnes
1949 595 2070 639 enim

112 663 324 708 homines
352 673 674 723 comparantur
699 664 753 707 ad
779 664 931 708 Deum
968 674 1016 708 ut
1053 664 1278 723 quaedam
1312 664 1615 708 instrumenta
1640 662 1802 723 quibus
1837 672 2072 723 operatur:

112 730 202 790 Ipse
233 732 342 775 enim
368 731 518 789 estqui
550 736 745 788 operatur
770 731 814 773 in
846 732 961 774 nobis
986 731 1088 774 velle
1120 738 1157 775 et
1185 731 1382 789 perficere
1406 738 1488 789 pro
1522 731 1630 774 bona
1654 729 1887 784 voluntate,
1914 742 2072 773 secun·

113 796 223 841 dum
245 795 527 855 Apostolum
553 796 769 855 (Philipp.
798 796 853 840 II.
885 797 986 855 13.).
1015 797 1103 840 Sed
1134 796 1208 840 alii
1233 796 1447 840 hemines
1474 806 1796 855 comparantur
1833 795 1889 840 ad
1922 795 2076 839 Deum

112 862 243 922 quasi
266 863 565 907 instrumenta
589 862 841 907 extrinseca
863 872 907 907 et
928 874 1158 921 separata3
1185 874 1427 907 moventur
1444 863 1567 907 enim
1595 877 1620 906 a
1646 863 1764 916 Deo,
1781 877 1875 907 non
1896 863 1952 907 ad
1971 876 2077 922 ope-

111 928 310 973 rationes
334 929 539 988 proprias
565 929 649 973 sibi
675 938 865 984 tantum,
891 928 971 973 sed
998 929 1053 973 ad
1081 929 1369 988 operationes
1402 943 1675 974 communes
1701 929 1831 973 omni
1847 927 2070 973 rationali

57 1006 62 1013 ·
111 1005 312 1053 naturae,
337 1003 386 1040 ut
412 1005 479 1040 est
503 994 757 1053 intelligere
781 996 1033 1049 veritatem,
1056 996 1244 1055 diligere
1270 996 1405 1050 bona,
1430 1005 1474 1039 et
1506 996 1682 1054 operari
1713 996 1846 1054 justa.
1879 995 1971 1040 Sed
1995 995 2076 1039 hu-

111 1074 250 1107 mana
273 1071 433 1106 natura
456 1061 505 1105 in
533 1061 718 1107 Christo
745 1072 977 1120 assumpta
1009 1071 1076 1107 est
1107 1072 1156 1106 ut
1187 1061 1592 1107 instrumentaliter
1623 1073 1835 1122 operetur
1866 1077 1922 1107 ea
1954 1076 2072 1122 quae

110 1138 216 1174 sunt
239 1128 529 1188 operationes
554 1129 762 1187 propriae
787 1128 930 1173 solius
955 1129 1059 1182 Dei,
1091 1129 1207 1174 sicut
1232 1139 1300 1173 est
1323 1129 1546 1173 mundare
1577 1139 1780 1188 peccata,
1812 1128 2071 1173 illuminare

109 1204 287 1240 mmtes
319 1209 399 1253 per
424 1195 631 1253 gratiam,
659 1204 703 1239 et
726 1195 1013 1240 introducere
1038 1196 1085 1239 in
1111 1194 1440 1254 perfectionem
1467 1195 1586 1240 vitae
1614 1206 1838 1240 aeternae.
1862 1196 2067 1254 Compa-

70 1298 74 1301 .
108 1271 232 1306 ratur
254 1261 392 1321 igitur
411 1262 614 1306 humana
645 1271 804 1307 natura
839 1261 1009 1306 Christi
1041 1262 1097 1306 ad
1127 1263 1281 1306 Deum
1306 1261 1424 1306 sicut
1453 1261 1809 1307 instrumentum
1833 1261 2069 1321 proprium

111 1337 157 1384 et
182 1329 491 1386 conjunctum,
518 1338 567 1372 ut
592 1342 754 1372 manus
781 1328 837 1372 ad
865 1328 1082 1373 animam.

198 1393 298 1439 Nec
325 1394 549 1454 discrepat
576 1409 601 1438 a
627 1409 778 1438 rerum
805 1394 1079 1438 naturalium
1113 1394 1440 1439 consuetudine
1467 1394 1590 1454 quod
1619 1394 1791 1454 aliquid
1818 1395 1874 1439 sit
1899 1405 2078 1438 natura·

110 1458 215 1504 liter·
237 1460 469 1519 proprium
496 1462 847 1505 instrumentum
871 1461 1060 1519 alicujus
1087 1461 1208 1520 quod
1230 1471 1385 1505 tamen
1407 1475 1501 1505 non
1525 1462 1581 1506 sit
1601 1460 1751 1505 forma
1771 1462 1927 1520 ipsius.
1950 1461 2074 1507 Nam

113 1525 285 1586 lingua,
311 1537 446 1586 prout
471 1537 539 1571 est
555 1527 904 1571 instrumentum
931 1526 1190 1581 locutionis,
1208 1537 1275 1571 est
1291 1527 1524 1585 proprium
1543 1542 1768 1586 organum
1786 1526 2066 1582 intellectus;

116 1593 194 1652 qui
218 1602 388 1647 tamen,
416 1603 464 1638 ut
489 1593 799 1652 Philosophus
824 1594 986 1651 probat
1011 1594 1165 1652 (tertio
1191 1594 1262 1638 De
1298 1594 1463 1648 anima,
1489 1603 1519 1637 t.
1556 1608 1594 1637 c.
1618 1592 1696 1650 6.),
1729 1594 1896 1638 nullius
1928 1594 2065 1653 partis

113 1659 316 1719 corporis
343 1668 467 1704 actus
495 1669 574 1705 est.
603 1659 822 1704 Similiter
848 1659 986 1704 etiam
1011 1660 1237 1704 invenitur
1263 1659 1447 1719 aliquod
1479 1659 1832 1704 instrumentum
1860 1660 1983 1719 quod
2010 1661 2065 1704 ad

111 1736 322 1771 naturam
347 1726 516 1787 speciei
540 1738 634 1770 non
661 1726 873 1785 pertinet:
902 1735 946 1770 et
971 1736 1126 1770 tamen
1153 1740 1205 1770 ex
1230 1736 1357 1785 parte
1384 1726 1602 1770 materiae
1630 1727 1848 1785 competit
1873 1726 1980 1770 huic
2006 1726 2070 1770 in-

112 1792 313 1847 dividuo,
338 1802 388 1837 ut
404 1786 562 1837 'sextus
581 1792 745 1852 digitus
771 1792 846 1837 vel
869 1790 1037 1851 aliquid
1063 1791 1342 1850 hujusmodi.
1369 1791 1497 1836 Nihil
1519 1792 1655 1850 igitur
1681 1792 1890 1850 prohibet
1915 1806 2073 1836 secun-

114 1859 223 1904 dum
234 1859 357 1904 hunc
370 1860 559 1904 modum
573 1873 743 1918 ponere
758 1860 979 1904 unionem
989 1859 1219 1903 humanae
1236 1868 1424 1903 naturae
1438 1859 1492 1903 ad
1507 1857 1709 1902 Verbum
1730 1858 1852 1917 quod
1869 1858 2073 1902 humana

111 1936 274 1970 natura
298 1928 355 1971 sit
379 1926 507 1986 quasi
532 1927 671 1971 Verbi
706 1926 1075 1980 instrumentum,
1111 1940 1205 1969 non
1231 1935 1505 1984 separatum,
1532 1925 1609 1969 sed
1638 1926 1958 1983 conjunctum3
1984 1940 2072 1970 nec

107 2002 267 2037 ⁴tamen
299 1992 509 2037 humana
549 2002 710 2037 natura
753 1993 809 2036 ad
839 2001 1050 2036 naturam
1089 1991 1229 2036 Verbi
1260 1991 1467 2050 pertinet,
1499 2005 1584 2036 nec
1616 1990 1820 2035 Verbum
1862 2002 1932 2037 est
1955 1992 2069 2051 -ejus

111 2057 283 2114 forma;
310 2060 503 2118 pertinet
528 2069 682 2103 tamen
708 2059 762 2103 ad
792 2060 888 2117 ejus
913 2072 1172 2118 personam.

200 2125 438 2170 Praedicta
462 2135 617 2170 tamen
640 2124 846 2184 exempla
862 2139 954 2169 non
983 2125 1047 2169 sic
1074 2125 1222 2184 posita
1245 2135 1348 2169 sunt
1364 2135 1413 2169 ut
1436 2124 1707 2169 omnimoda
1733 2124 1983 2170 similitudo
2009 2125 2069 2170 sit

112 2192 162 2237 in
185 2193 257 2237 his
282 2192 572 2252 requirenda;
604 2192 953 2250 intelligendum
978 2201 1049 2236 est
1073 2192 1197 2237 enim
1222 2192 1427 2236 Verbum
1458 2192 1547 2236 Dei
1572 2192 1720 2237 multo
1752 2192 1990 2237 sublimius
2024 2202 2069 2237 et

111 2259 315 2304 intimius
339 2259 570 2303 humanae
592 2269 778 2304 naturae
805 2259 1005 2317 potuisse
1038 2259 1156 2302 uniri
1182 2273 1319 2317 quam
1347 2259 1500 2302 anima
1527 2258 1849 2318 qualicumque
1886 2259 2072 2318 proprio

108 2325 439 2380 'instrumentm
476 2325 717 2384 praecipue
753 2339 893 2385 quum
929 2327 1012 2370 toti
1048 2324 1279 2371 humanae
1315 2336 1518 2380 naturae,
1555 2326 1785 2370 mediante
1821 2324 2072 2380 intellectu,

113 2391 411 2450 conjunctum
437 2391 624 2436 dicatur.
651 2391 707 2435 Et
723 2391 830 2436 licet
846 2391 1051 2436 Verbum
1076 2392 1164 2436 Dei
1191 2405 1272 2436 sua
1298 2392 1461 2436 virtute
1487 2402 1694 2450 penetret
1719 2392 1890 2446 omnia,
1913 2402 2071 2452 utpote

108 2458 268 2502 omnia
293 2472 568 2503 conservans
593 2468 639 2503 et
662 2468 873 2518 portans3
901 2458 1118 2503 creaturis
1133 2468 1291 2503 tamen
1318 2458 1714 2513 intellectualibus,
1740 2472 1856 2517 quae
1883 2459 2068 2518 proprie

110 2522 264 2568 Verbo
280 2523 446 2583 perfrui
462 2535 654 2584 possunt
672 2535 719 2569 et
734 2526 828 2584 ejus
848 2525 1088 2584 participes
1107 2538 1219 2581 esse,
1237 2540 1291 2570 ex
1308 2525 1507 2585 quadarn
1524 2525 1830 2571 similitudinis
1853 2525 2069 2571 affinitate

111 2599 157 2635 et
181 2591 454 2636 eminentius
479 2600 526 2636 et
550 2590 819 2636 ineffabilius
843 2601 994 2650 potest
1018 2592 1149 2636 uniri.

850 2805 1104 2862 CAPUT
1144 2805 1321 2861 XLII.

511 2946 671 2993 QUOD
722 2947 1033 3000 ASSUMPTIO
1086 2947 1353 2987 HUMANAE
1402 2949 1661 2988 NATURAE

624 3022 836 3060 MAXIME
876 3022 1175 3060 COMPETAT
1216 3023 1390 3061 VERBO
1432 3023 1543 3061 DEI.

717 3131 822 3189 (III.
843 3131 953 3177 Sent.
971 3130 1061 3176 dist.
1079 3147 1115 3176 1.
1133 3146 1171 3191 q.
1190 3130 1265 3175 XI.
1284 3137 1364 3176 art.
1382 3133 1459 3190 2.).

200 3252 266 3298 Ex
289 3253 380 3299 hoc
406 3255 545 3300 etiam
570 3265 692 3316 patet
718 3256 1096 3316 quod‘humanae
1113 3267 1301 3302 naturae
1319 3257 1569 3316 assumptio
1587 3256 1823 3316 potissime
1846 3258 2070 3319 competit

114 3334 337 3380 personae
358 3321 512 3366 Verbi.
826 3374 839 3385 .

203 3387 339 3441 Nam,
374 3389 413 3433 si
450 3390 701 3449 assumptio
741 3400 929 3435 naturae
964 3390 1194 3435 humanae
1222 3390 1278 3435 ad
1312 3390 1506 3436 salutem
1543 3390 1784 3436 hominum
1817 3392 2067 3448 ordinatur,

111 3452 276 3498 ultima
299 3465 454 3500 autem
467 3455 588 3501 salus
614 3457 815 3503 hominis
835 3468 972 3502 estut
988 3457 1239 3502 secundum
1266 3457 1592 3503 intellectivam
1614 3468 1793 3517 partem
1806 3458 2065 3518 perficiatur

116 3520 504 3581 contemplatione
529 3522 728 3568 veritatis
745 3524 932 3583 primae,
960 3524 1160 3584 oportuit
1177 3538 1255 3584 per
1271 3523 1491 3579 Verbum,
1518 3525 1639 3585 quod
1669 3527 2072 3574 secundumema·

115 3586 350 3633 nationem
375 3587 729 3635 intellectualem
749 3604 783 3635 a
808 3589 942 3635 Patre
969 3590 1189 3650 procedit,
1215 3591 1466 3636 humanam
1492 3602 1703 3636 naturam
1729 3592 1913 3637 assumi.
