2332 3854
276 223 379 278 532
930 219 1085 257 LIBER
1124 217 1200 257 111.
1242 217 1362 256 CAP.
1405 216 1568 255 CLVII.

363 322 597 382 Amplius:
623 321 749 366 nulla
767 320 969 381 potentia
996 319 1174 379 passiva
1199 317 1426 370 invenitur
1451 317 1497 361 in
1523 331 1675 362 rerum
1694 327 1855 363 natura
1882 333 1999 378 quae
2023 318 2125 366 non
2134 322 2235 382 pns-

273 390 330 435 sit
355 389 509 434 reduci
534 389 581 432 in
604 399 756 432 actum
782 401 862 447 per
890 385 1090 445 aliquam
1116 385 1370 444 potentiam
1398 384 1594 429 activam
1621 384 1890 429 naturalem.
1912 385 2070 431 Multo
2096 386 2234 447 igitur

274 456 424 501 minus
452 466 519 500 est
545 455 693 514 aliqua
720 453 922 529 potentia
939 453 984 495 in
1009 452 1163 495 anima
1185 451 1387 495 humana
1405 464 1521 510 quae
1537 465 1632 495 non
1654 451 1711 496 sit
1730 451 1989 496 reducibilis
2010 453 2057 496 in
2079 454 2233 505 actum

273 537 353 582 per
377 522 626 582 potentiam
656 521 853 564 activam
881 519 1094 563 divinam.
1123 517 1279 562 Manet
1305 527 1457 562 autem
1483 532 1535 573 ιε
1553 517 1705 562 anima
1726 516 1943 572 humana,
1970 518 2120 563 etiam
2129 530 2234 597 post

273 600 527 650 peccatum,
561 587 771 663 potentia·
795 586 849 630 ad
883 586 1072 639 bonum,
1105 586 1210 644 quia
1240 599 1320 645 per
1350 595 1592 644 peccatum
1623 598 1718 628 non
1753 583 1975 630 tolluntur
2003 584 2235 646 potentiae

273 657 500 701 naturales
522 656 680 714 quibus
700 653 853 697 anima
872 653 1104 696 ordinatur
1131 652 1186 696 ad
1213 664 1346 696 suum
1370 652 1558 696 bonum.
1582 651 1740 695 Potest
1764 650 1901 710 igitur
1925 655 2007 723 per
2031 650 2232 698 di‘v'tnam

274 724 523 783 potentiam
551 720 748 780 reparari
765 721 810 763 in
827 720 967 773 bono,
986 729 1030 763 et
1051 719 1114 764 sic
1135 718 1300 763 auxilio
1328 721 1498 778 gratiae
1520 718 1664 763 horno
1683 725 1831 778 potest
1849 718 2067 778 consequi
2080 717 2234 764 'remis-

275 791 451 833 sionem
478 797 787 847 peccatorum.

363 855 480 898 Hinc
512 864 578 897 est
606 854 727 912 quod
754 853 915 897 dicitur
958 852 1064 910 (Isa.
1092 853 1125 897 I.
1157 852 1271 909 18.):
1297 853 1343 898 Si
1365 853 1532 912 fuerint
1555 858 1727 911 peccata
1757 858 1895 897 vestra
1925 857 1971 898 ut
2001 854 2230 909 coccinum,

272 924 389 980 quasi
414 923 489 964 nix
514 920 842 965 dealbabuntur:
886 930 930 964 et
964 919 1198 977 (Proverb.
1231 919 1288 963 X.
1326 919 1437 978 12.):
1481 920 1685 964 Universa
1719 917 1865 963 delicta
1897 921 2028 980 operit
2063 921 2230 965 caritas.

273 989 374 1032 Hoc
402 988 540 1032 etiam
566 987 768 1046 quotidie
797 1001 820 1030 a
847 987 1054 1031 Domino
1086 1000 1180 1030 non
1212 985 1376 1031 frustra
1407 988 1616 1045 petimus,
1644 984 1872 1049 dicente8²
1887 986 2086 1050 Dimitte
2115 987 2232 1032 nobis

271 1055 407 1100 debita
437 1062 594 1099 nostra.

361 1122 447 1166 Per
471 1122 562 1166 hoc
590 1129 742 1165 autem
768 1119 1019 1165 excluditur
1042 1134 1166 1166 error
1188 1119 1554 1165 Novatianorum
1581 1095 1812 1176 (Philastr.
1838 1099 1914 1165 lib.
1936 1118 1993 1164 de
2015 1119 2190 1166 haeres.
2201 1144 2232 1154 -

271 1189 492 1266 Epiphan.
520 1189 721 1233 secundo
748 1189 871 1233 haer.
904 1202 968 1248 59.
972 1189 1008 1246 )‚
1035 1188 1114 1247 qui
1138 1187 1345 1232 dixerunt
1371 1186 1494 1246 quod
1519 1187 1574 1231 de
1601 1186 1799 1246 peccatis
1830 1185 1992 1246 quibus
2021 1196 2126 1247 post
2157 1185 2232 1231 ba-

269 1257 487 1316 ptismum
514 1265 674 1316 peccat
698 1256 843 1300 homo
869 1255 1054 1300 veniam
1081 1254 1302 1314 consequi
1326 1268 1420 1298 non
1446 1263 1611 1313 potest.

976 1430 1233 1488 CAPUT
1277 1430 1533 1486 CLVIII.

273 1568 434 1614 QUOD
476 1568 639 1607 HOMO
673 1570 708 1607 A
733 1568 990 1608 PECCATO
1023 1567 1270 1607 LIBERARI
1301 1567 1418 1606 NON
1450 1537 1666 1605 POTEST
1697 1535 1805 1605 lel
1832 1563 2221 1611 PRRGRA'rtAM.

905 1668 1023 1727 (J-JJ.
1057 1675 1210 1728 quaest.
1247 1668 1365 1714 cm.
1401 1674 1481 1714 art.
1515 1668 1592 1728 7.).
1829 1654 1833 1656 ’
2004 1650 2006 1652 ’
2112 1658 2114 1662 ’

358 1782 425 1826 Ex
451 1781 624 1826 eisdem
651 1782 788 1826 etiam
816 1781 993 1825 ostendi
1015 1789 1165 1840 potest
1190 1778 1312 1839 quod
1338 1778 1484 1823 homo
1510 1793 1535 1822 a
1558 1785 1757 1838 peccato
1773 1759 2221 1837 mortali‘resurg'ere

268 1863 363 1893 non
396 1858 544 1908 potest
576 1849 662 1893 nisi
694 1863 774 1908 per
806 1848 1014 1925 gratiam.

357 1918 445 1961 Per
476 1925 716 1975 peccatum
749 1916 872 1960 enim
905 1913 1098 1959 mortale
1130 1914 1275 1957 homo
1299 1913 1353 1956 ab
1376 1912 1539 1957 ultimo
1566 1911 1655 1956 fine
1678 1910 1905 1955 avertitur.
1932 1911 1984 1955 In
2011 1910 2226 1956 ultimum

269 1994 423 2029 autem
455 1983 594 2026 finem
626 1983 772 2027 homo
804 1996 898 2026 non
932 1982 1167 2025 ordinatur
1198 1980 1285 2024 nisi
1316 1994 1396 2039 per
1429 1980 1636 2038 gratiam.
1667 1979 1754 2023 Per
1786 1977 1955 2042 solam
1967 1979 2121 2037 igitur
2129 1990 2226 2038 gra·

266 2054 377 2097 tiam
409 2052 555 2095 homo
587 2060 737 2108 potest
769 2064 793 2094 a
826 2059 1016 2109 peccato
1050 2061 1300 2106 resurgere.

357 2118 545 2162 Adhuc:
580 2116 753 2161 offensa
775 2131 869 2160 non
893 2116 980 2159 nisi
998 2130 1077 2174 per
1100 2114 1394 2158 dilectionem
1416 2112 1604 2157 tollitur.
1631 2112 1721 2156 Sed
1744 2124 1824 2170 per
1844 2120 2085 2171 peccatum
2106 2124 2227 2156 mor-

265 2186 354 2230 tale
380 2186 525 2229 homo
561 2183 781 2228 offensam
810 2184 898 2227 Dei
923 2183 1132 2235 incurrit3
1167 2182 1329 2224 dicitur
1355 2181 1480 2224 enim
1513 2179 1634 2238 quod
1664 2179 1790 2222 Deus
1817 2175 2224 2238 peccatores'odit,

267 2254 313 2297 in
358 2262 576 2312 quantum
608 2251 704 2294 vult
737 2265 816 2295 eos
849 2252 1023 2309 privare
1057 2249 1220 2292 ultimo
1254 2247 1341 2290 fine
1376 2261 1513 2306 quem
1545 2247 1616 2289 his
1648 2259 1764 2305 quos
1796 2244 1944 2304 diligit
1974 2255 2224 2305 praeparat.

263 2320 371 2364 Non
404 2333 513 2377 ergo
546 2319 691 2362 homo
724 2328 873 2376 potest
906 2332 931 2361 a
963 2315 1148 2360 mortali
1181 2324 1372 2374 peccato
1405 2327 1642 2372 resurgere
1674 2312 1761 2356 nisi
1791 2325 1873 2371 per
1904 2312 2115 2370 gratiam,
2145 2324 2225 2372 per

266 2401 406 2446 quam
430 2385 481 2430 fit
505 2386 731 2444 quaedam
757 2385 959 2428 amicitia
985 2385 1102 2427 inter
1127 2383 1280 2426 Deum
1308 2394 1352 2425 et
1377 2381 1631 2425 hominem.

356 2453 545 2497 Adhuc:
580 2453 714 2496 etiarn
749 2451 903 2495 induci
935 2459 1126 2508 possunt
1158 2462 1319 2493 omnes
1351 2448 1550 2492 rationes
1583 2446 1787 2504 superius
1813 2446 1875 2503 (c.
1906 2445 2038 2503 148.)
2051 2446 2242 2524 positae-

266 2520 321 2565 de
348 2520 519 2577 gratiae
546 2520 831 2563 necessitate.

353 2587 470 2631 Hinc
498 2596 565 2630 est
596 2586 719 2645 quod
752 2585 914 2628 dicitur
942 2585 1048 2641 (Isa.
1082 2583 1246 2627 XLIII.
1283 2595 1352 2639 25.
1357 2581 1402 2639 ):
1430 2582 1519 2640 Ego
1546 2596 1636 2625 sum
1655 2582 1737 2640 ipse
1759 2582 1831 2639 qui
1853 2579 1966 2625 deleo
1993 2581 2226 2640 iniquitates

264 2661 353 2699 tuas
379 2660 556 2713 propter
586 2668 673 2705 me,·
709 2663 753 2696 et
796 2651 985 2709 (Psalm
1022 2650 1273 2694 LXXXIV
1314 2648 1401 2707 3.:)
1436 2649 1646 2694 Remisisti
1671 2649 1935 2706 iniquitatem
1962 2646 2092 2720 plebis
2112 2653 2223 2702 ricae,

266 2723 462 2781 operuisti
488 2722 631 2765 omnia
657 2726 831 2780 peccata
862 2734 1020 2763 eorum.

353 2789 440 2832 Per
471 2788 562 2832 hoc
596 2796 748 2832 autem
782 2785 1035 2831 excluditur
1068 2797 1193 2828 error
1225 2781 1596 2841 Pelagianorum,
1629 2781 1707 2841 qui
1739 2776 1953 2826 dixerunt
1982 2780 2222 2826 h'o'mitaem

268 2869 403 2916 posse
436 2870 462 2900 a
494 2863 684 2915 peccato
717 2867 952 2912 resurgere
986 2865 1066 2912 per
1096 2850 1288 2894 liberum
1323 2849 1570 2893 arbitrium.

1002 3007 1257 3064 CAPUT
1301 3006 1499 3062 CLIX.

631 3146 908 3193 QUALITER
947 3145 1110 3183 HOMO
1152 3145 1187 3182 A
1226 3141 1482 3181 PECCATO
1524 3139 1849 3179 LIBERATUR·

357 3258 479 3310 Quia
511 3269 619 3300 vero
652 3255 796 3299 homo
829 3268 922 3298 non
955 3262 1103 3312 potest
1136 3252 1190 3296 ad
1224 3266 1365 3295 unum
1393 3247 1712 3309 oppositorum
1738 3248 1884 3293 redire
1915 3247 2003 3292 ulsi
2037 3246 2225 3293 recedat

267 3325 320 3368 ab
349 3324 454 3378 alio,
489 3324 543 3367 ad
576 3323 665 3366 hoc
700 3322 820 3381 quod
854 3322 998 3365 homo
1034 3319 1200 3363 auxilio
1234 3318 1403 3378 gratiae
1439 3318 1493 3361 ad
1528 3326 1694 3361 statum
1737 3315 2019 3360 rectitudinis
2050 3312 2238 3368 redeat,‘

265 3391 570 3435 necessarium
592 3401 660 3435 est
686 3389 806 3449 quod
835 3403 859 3432 a
877 3398 1082 3447 peccato,
1102 3401 1180 3446 per
1203 3386 1323 3446 quod
1348 3399 1371 3429 a
1395 3384 1661 3429 rectitudine
1685 3382 2011 3436 declinaverat,
2022 3381 2219 3426 recedat.
2232 3395 2237 3415 -·

266 3459 321 3502 Et
354 3459 456 3517 quia
489 3458 633 3501 homo
666 3457 711 3500 in
747 3455 956 3500 ultimum
988 3454 1126 3498 finem
1161 3452 1366 3511 dirigitur
1398 3461 1442 3496 et
1475 3451 1527 3496 ab
1561 3465 1616 3495 eo
1645 3449 1859 3494 avertitur
1879 3444 2120 3508 Ρὲαξείριιε
2138 3458 2224 3507 per-

266 3525 563 3578 voluntatem,
594 3538 686 3568 non
721 3523 872 3566 solum
905 3522 1215 3566 necessarium
1243 3529 1309 3564 est
1343 3518 1464 3578 quod
1497 3518 1641 3562 homo
1677 3514 1887 3561 exteriori
1922 3523 2031 3567 actu
2062 3526 2088 3558 a
2118 3524 2220 3573 pee-

267 3603 369 3636 cato
398 3590 592 3644 recedat,
625 3603 815 3650 peccare
849 3588 1073 3642 desinens,
1107 3587 1182 3632 sed
1218 3587 1355 3632 etiam
1389 3585 1511 3645 quod
1544 3583 1726 3629 recedat
1754 3581 1991 3628 voluntate
2028 3579 2086 3626 ad
2126 3578 2219 3626 hoc
