2332 3854
853 238 1006 278 Lmen
1042 236 1122 277 111.
1164 237 1283 277 CAP.
1320 234 1450 277 ch.
2010 232 2115 289 507

171 350 261 395 est;
285 350 329 386 et
353 354 497 401 quum
512 353 592 400 per
606 338 901 385 dilectionem
924 340 1030 385 Deo
1055 348 1101 406 et
1129 339 1340 400 proximo
1361 338 1580 392 inhaeret,
1598 350 1651 381 ex
1667 336 1869 381 interiori
1893 335 2117 396 principio

169 415 378 453 movetur
406 408 461 452 ad
488 406 729 467 agendum.
762 406 904 451 Recta
938 417 1090 451 autem
1121 407 1374 451 intentione
1405 404 1551 449 ultimi
1584 404 1687 453 finis
1712 413 1757 447 et
1780 402 2024 446 dilectione
2050 414 2117 446 re-

169 484 309 529 mota,
335 475 386 519 fit
410 475 577 520 anima
586 472 711 518 velut
735 482 931 527 mortua,
949 483 994 518 et
1014 488 1106 518 non
1139 483 1349 518 movetur
1374 487 1427 518 ex
1453 473 1600 531 seipsa
1628 471 1683 514 ad
1710 469 1938 530 agendum
1971 477 2118 521 recta3

153 541 246 587 'sed
267 541 341 585 vel
362 542 554 586 omnino
581 540 635 584 ab
661 540 725 584 eis
748 541 935 599 agendis
958 541 1142 594 desistit,
1159 540 1233 585 vel
1255 541 1310 584 ad
1337 553 1388 584 ea
1408 539 1634 598 agendum
1652 537 1803 582 solum
1831 536 1884 579 ab
1909 534 2119 580 exteriori

167 607 408 662 inducitur,
435 607 607 652 scilicet
628 616 750 651 metu
773 607 1039 665 poenaru'm.
1067 607 1398 665 Quaecumque
1425 606 1560 664 igitur
1582 614 1770 664 peccata
1790 600 2031 646 intentioni
2058 600 2121 644 ul-

153 675 268 719 <timi
294 674 395 719 finis
417 684 462 719 et
486 674 719 718 dilectioni
743 684 1037 733 opponuntur
1063 673 1273 717 mortalia
1304 682 1433 726 sunt;
1460 673 1496 716 si
1523 685 1648 725 vero,
1675 671 1746 714 his
1778 668 1929 723 salvis,
1955 667 2117 726 aliquis

168 741 215 786 in
233 740 386 801 aliquo
402 751 529 786 recto
546 740 703 790 ordine
722 740 908 784 rationis
925 739 1117 797 deficiat,
1135 753 1231 784 non
1246 740 1332 783 erit
1349 738 1543 783 mortale
1561 746 1816 797 peccatum,
1831 735 1911 780 sed
1928 732 2119 778 veniale.

900 892 1152 951 CAPUT
1189 893 1386 950 CXLI.

245 1027 403 1077 Quon
443 1028 623 1069 Aeros
666 1029 895 1069 Homms
935 1029 1255 1069 Punmu‘rua
1295 1030 1365 1067 ET
1406 1027 1793 1070 PRAEMIANTUR
1837 1026 1871 1064 A
1912 1025 2044 1068 ΠΕΟ.

258 1138 325 1184 Ex
352 1140 609 1199 praemissis
637 1149 789 1184 autem
822 1139 1114 1185 manifestum
1141 1149 1210 1184 est
1235 1138 1358 1198 quod
1386 1149 1512 1184 actus
1537 1138 1739 1183 hominis
1771 1137 2017 1196 puniuntur
2044 1135 2121 1180 vel

167 1207 477 1266 praemiantur
502 1222 527 1251 a
553 1208 669 1252 Deo.

260 1273 368 1332 Ejus
390 1274 512 1319 enim
539 1284 607 1319 est
630 1275 789 1334 punire
807 1273 879 1318 vel
897 1275 1148 1334 praemiare
1174 1275 1302 1332 cuius
1325 1283 1392 1319 est
1411 1273 1560 1333 legem
1578 1273 1839 1332 imponere3
1866 1271 1980 1330 legis
1996 1270 2121 1315 enim

170 1340 340 1386 latores
364 1354 445 1399 per
470 1341 673 1399 praemia
699 1350 742 1385 et
767 1354 939 1400 poenas
966 1341 1302 1385 observantiam
1327 1340 1440 1399 legis
1466 1340 1698 1384 inducunt.
1718 1339 1808 1383 Sed
1836 1338 1891 1382 ad
1916 1337 2121 1381 divinam

169 1407 503 1466 providentiam
529 1408 722 1467 pertinet
746 1418 795 1451 ut
820 1408 970 1466 legem
996 1407 1259 1452 hominibus
1279 1417 1435 1471 ponat,
1456 1417 1505 1451 ut
1527 1421 1581 1452 ex
1607 1420 1741 1466 supra
1763 1405 1892 1453 dictis
1909 1405 1970 1462 (e.
2002 1405 2120 1461 114.)

170 1483 306 1534 patet.
332 1473 454 1535 Ergo
483 1475 538 1518 ad
563 1474 715 1518 Deum
742 1475 935 1533 pertinet
960 1475 1173 1519 homines
1196 1476 1354 1533 punire
1375 1473 1449 1519 vel
1473 1474 1741 1533 praemiare

257 1540 522 1586 Praeterea:
558 1541 833 1600 ubicumque
860 1551 928 1585 est
953 1541 1115 1600 aliquis
1145 1541 1322 1585 debitus
1355 1541 1469 1586 ordo
1504 1541 1559 1584 ad
1593 1540 1747 1594 finem,
1784 1547 1967 1598 oportet
1997 1537 2121 1597 quod

170 1607 286 1652 ordo
311 1606 389 1652 ille
412 1607 467 1651 ad
493 1607 632 1651 finem
659 1607 808 1662 ducat,
830 1621 1032 1652 recessus
1060 1618 1212 1651 autem
1241 1608 1293 1651 ab
1320 1608 1480 1652 ordine
1502 1607 1641 1651 finem
1668 1606 1900 1660 excludat3
1927 1619 1980 1649 ea
1998 1604 2122 1649 enim

170 1687 287 1736 quae
309 1683 413 1719 sunt
439 1689 493 1719 ex
523 1674 612 1718 fine
643 1674 962 1719 necessitatem
993 1675 1241 1718 sortiuntur
1267 1689 1321 1718 ex
1353 1674 1457 1728 fine,
1484 1684 1533 1717 ut
1565 1673 1738 1718 scilicet
1769 1687 1823 1717 ea
1854 1685 2040 1716 necesse
2067 1670 2124 1715 sit

169 1754 283 1795 esse,
310 1741 347 1786 si
370 1741 472 1785 finis
491 1741 652 1785 debeat
677 1742 819 1800 sequi,
837 1752 895 1795 et,
914 1742 977 1786 eis
997 1742 1165 1800 absque
1191 1742 1520 1800 impedimento
1548 1741 1877 1795 exsistentibus,
1895 1740 1995 1784 finis
2019 1753 2124 1783 con-

169 1817 397 1867 sequatur.
427 1807 555 1852 Deus
588 1817 740 1852 autem
772 1808 990 1867 imposuit
1022 1809 1194 1852 actibus
1226 1809 1469 1852 hominum
1508 1809 1715 1852 ordinem
1749 1806 1948 1866 aliquem
1975 1807 2020 1852 in
2045 1819 2122 1850 re-

171 1883 329 1934 spectu
353 1873 407 1918 ad
435 1874 572 1918 finem
594 1874 717 1928 boni,
743 1884 791 1918 ut
809 1889 861 1918 ex
878 1875 1118 1934 praedictis
1144 1885 1279 1934 patet.
1310 1874 1507 1934 Oportet
1528 1875 1662 1933 igitur
1685 1875 1822 1933 quod,
1849 1874 1886 1918 si
1908 1873 2022 1917 ordo
2046 1872 2122 1917 ille

168 1942 292 1985 recte
323 1941 496 2000 positus
522 1950 603 1995 est,
634 1941 894 1986 incedentes
930 1955 1011 2001 per
1046 1940 1174 1986 illurn
1213 1942 1421 1986 ordinem
1457 1942 1595 1985 finem
1627 1942 1736 1985 boni
1773 1949 2123 1999 consequantur,

169 2008 293 2067 quod
325 2017 393 2053 est
422 2008 686 2068 praemiari3
718 2009 982 2053 recedentes
1015 2018 1168 2053 autem
1202 2009 1255 2053 ab
1290 2007 1369 2052 illo
1403 2009 1562 2053 ordine
1593 2022 1674 2068 per
1704 2018 1943 2068 peccatum
1978 2021 2003 2050 a
2033 2006 2124 2050 fine

168 2074 280 2119 boni
305 2074 496 2128 excludi,
524 2074 645 2133 quod
678 2085 746 2119 est
777 2076 936 2134 puniri.

259 2141 451 2186 Adhuc:
477 2141 593 2185 sicut
617 2155 688 2185 res
714 2141 940 2185 naturales
969 2142 1113 2186 ordini
1147 2142 1325 2187 divinae
1357 2143 1671 2202 providentiae
1704 2142 1967 2196 subduntur,
1994 2143 2054 2185 ita
2081 2150 2126 2185 et

171 2217 297 2252 actus
322 2207 526 2261 humani,
552 2217 599 2251 ut
627 2222 680 2251 ex
706 2208 945 2266 praedictis
972 2210 1033 2268 (c.
1061 2210 1153 2268 90.)
1181 2219 1316 2269 patet.
1345 2210 1600 2268 Utrobique
1629 2219 1779 2252 autem
1808 2209 2023 2252 convenit
2054 2208 2126 2252 de-

169 2273 313 2319 bitum
341 2274 547 2318 ordinem
574 2276 758 2328 servari,
776 2274 849 2318 vel
871 2276 1009 2319 etiam
1035 2276 1356 2334 praetermitti;
1383 2276 1474 2320 hoc
1500 2287 1655 2320 tamen
1688 2276 1874 2320 interest
1900 2275 2022 2334 quod
2050 2275 2127 2318 ob-

171 2341 365 2386 servatio
391 2340 463 2385 vel
496 2342 794 2400 transgressio
827 2342 964 2385 debiti
996 2343 1166 2386 ordinis
1206 2353 1273 2386 est
1297 2343 1342 2386 in
1369 2353 1591 2402 potestate
1616 2343 1846 2386 humanae
1879 2342 2125 2386 voluntatis

162 2408 432 2461 constituta,
459 2421 552 2452 non
579 2418 731 2464 autem
756 2408 804 2451 in
830 2418 1053 2467 potestate
1080 2409 1354 2453 naturalium
1387 2423 1539 2453 rerum
1568 2419 1635 2454 est
1665 2409 1788 2468 quod
1822 2423 1847 2452 a
1880 2408 2031 2452 debito
2058 2421 2128 2452 or-

171 2474 275 2519 dine
302 2473 512 2519 deficiant
537 2474 610 2518 vel
636 2475 786 2533 ipsum
809 2485 1066 2534 sequantur.
1091 2476 1288 2534 Oportet
1311 2486 1465 2520 autem
1492 2475 1676 2520 effectus
1700 2478 1846 2520 causis
1869 2490 1948 2534 per
1965 2489 2128 2519 conve-

169 2540 391 2586 nientiam
423 2541 711 2600 respondere.
751 2541 879 2586 Sicut
909 2542 1044 2601 igitur
1076 2557 1145 2587 res
1177 2542 1420 2598 naturales,
1454 2558 1593 2602 quum
1626 2544 1671 2586 in
1706 2543 1770 2587 eis
1803 2543 1978 2587 debitus
2011 2543 2125 2587 ordo

168 2607 446 2652 naturalium
463 2609 790 2668 principiorum
808 2619 852 2653 et
868 2610 1100 2654 actionum
1117 2619 1337 2664 servatur,
1356 2611 1557 2669 sequitur
1574 2625 1628 2654 ex
1648 2610 1916 2655 necessitate
1936 2619 2125 2654 naturae

171 2676 460 2719 conservatio
487 2683 531 2719 et
545 2675 728 2719 'bonum
753 2675 798 2719 in
826 2676 948 2735 ipsis,
975 2677 1205 2735 corruptio
1233 2687 1385 2720 autem
1414 2686 1458 2721 et
1479 2676 1668 2730 malum,
1694 2691 1835 2735 quum
1862 2691 1886 2720 e
1912 2677 2064 2721 debito
2083 2685 2127 2721 et

170 2740 367 2785 naturali
393 2741 551 2785 ordine
581 2742 821 2795 receditur,
854 2742 915 2786 ita
952 2744 1090 2786 etiam
1122 2744 1167 2786 in
1202 2743 1335 2787 rebus
1368 2743 1579 2787 humanis
1612 2753 1789 2803 oportet
1820 2743 1957 2802 quod,
1984 2757 2126 2802 quum

170 2807 317 2852 homo
342 2806 597 2852 voluntarie
625 2818 775 2852 servat
807 2809 1014 2852 ordinem
1041 2808 1154 2868 legis
1186 2810 1396 2854 divinitus
1432 2811 1687 2869 impositae,
1721 2820 2025 2869 consequatur
2050 2810 2128 2856 bo·

170 2888 299 2927 num,
323 2887 416 2918 non
441 2873 567 2918 velut
597 2888 651 2918 ex
681 2876 965 2929 necessitate,
999 2876 1076 2920 sed
1109 2889 1163 2919 ex
1195 2876 1533 2934 dispensatione
1566 2877 1875 2935 gubernantis,
1908 2877 2030 2936 quod
2059 2887 2126 2922 est

171 2940 427 2999 praemiari,
453 2950 498 2984 et
522 2954 547 2985 e
580 2953 802 2986 converso
836 2940 1024 2996 malum,
1057 2956 1198 3001 quum
1231 2942 1344 2987 ordo
1381 2941 1495 3002 legis
1526 2942 1660 2987 fuerit
1691 2944 2052 3002 praetermissus,
2079 2954 2124 2989 et

172 3007 263 3052 hoc
290 3016 359 3051 est
382 3007 543 3066 puniri.

262 3072 492 3133 Amplius:
516 3073 571 3117 ad
593 3072 840 3132 perfectam
861 3074 947 3119 Dei
974 3075 1227 3119 bonitatem
1253 3076 1446 3135 pertinet
1462 3076 1585 3135 quod
1611 3075 1725 3119 nihil
1746 3075 2055 3122 inordinatum
2077 3076 2125 3121 in

172 3141 306 3186 rebus
331 3139 574 3200 relinquat3
601 3141 736 3195 unde,
762 3143 807 3185 in
834 3142 967 3186 rebus
994 3143 1271 3187 naturalibus
1303 3144 1510 3188 videmus
1543 3144 1810 3203 contingere
1838 3144 1959 3203 quod
1986 3158 2125 3189 omne

174 3206 347 3251 malum
374 3207 454 3251 sub
481 3207 638 3251 ordine
666 3207 855 3266 alicujus
879 3209 989 3253 boni
1015 3209 1324 3265 concluditur3
1357 3210 1473 3255 sicut
1505 3211 1735 3270 corruptio
1769 3211 1884 3254 aeris
1910 3221 1977 3255 est
2008 3210 2126 3270 ignis

173 3272 423 3333 generatio,
445 3283 490 3318 et
514 3274 686 3318 occisio
711 3274 812 3319 ovis
837 3285 905 3320 est
929 3285 1081 3335 pastus
1104 3276 1211 3335 lupi.
1237 3277 1395 3329 Quum
1423 3277 1558 3335 igitur
1585 3287 1709 3322 actus
1735 3277 1926 3321 humani
1947 3278 2124 3322 divinae

173 3340 484 3398 providentiae
510 3340 770 3395 subdantur,
797 3341 913 3386 sicut
945 3352 989 3386 et
1020 3357 1090 3387 res
1122 3344 1366 3398 naturales,
1393 3353 1574 3402 oportet
1598 3343 1774 3388 malum
1808 3345 1929 3403 quod
1964 3344 2128 3389 accidit

174 3407 220 3450 in
244 3406 458 3450 humanis
477 3406 649 3451 actibus
671 3408 753 3451 sub
780 3408 938 3453 ordine
957 3408 1146 3468 alicujus
1172 3410 1278 3454 boni
1297 3409 1524 3455 concludi.
1546 3410 1647 3456 Hoc
1675 3421 1827 3455 autem
1854 3411 2128 3455 convenien-

171 3471 347 3517 tissime
372 3472 421 3516 fit
445 3486 525 3532 per
548 3472 638 3517 hoc
665 3473 786 3533 quod
814 3486 1001 3534 peccata
1027 3476 1295 3536 puniuntur3
1332 3477 1396 3521 sic
1435 3478 1556 3521 enim
1595 3477 1676 3522 sub
1720 3477 1879 3522 ordine
1915 3478 2125 3536 justitiae,

130 3571 139 3585 .
175 3552 292 3599 quae
317 3539 372 3583 ad
399 3536 716 3599 aequalitatem
734 3541 919 3596 reducit,
946 3543 1362 3602 comprehendutur
1386 3556 1440 3588 ea
1467 3557 1582 3604 quae
1604 3543 1803 3589 debitam
1825 3544 2126 3603 quantitatem

175 3605 410 3652 excedunt.
437 3606 624 3652 Excedit
644 3617 796 3653 autem
818 3607 962 3654 homo
988 3609 1189 3656 debitum
1212 3622 1320 3655 suae
1342 3608 1602 3670 quantitatis
1620 3610 1826 3671 gradum,
1844 3611 1953 3656 dum
1968 3610 2127 3656 volun·
