2332 3854
290 226 392 281 140
970 225 1125 265 LIBER
1164 225 1220 264 11.
1263 226 1383 265 CAP.
1425 225 1559 265 XXII·

282 328 471 374 effectus
497 329 829 387 excellentiam,
848 344 955 374 cum
982 340 1218 374 ostensum
1244 330 1302 374 sit
1324 329 1447 388 (Lib.
1473 329 1508 373 Ι.
1531 343 1571 373 c.
1596 340 1668 384 41.
1695 338 1740 373 et
1761 330 1869 388 28.),
1887 330 2009 388 quod
2026 331 2245 379 Deusest

282 410 419 455 super
440 397 598 440 omnia
623 397 669 440 in
694 397 894 441 bonitate
927 407 971 440 et
992 395 1298 455 perfectione3
1322 410 1407 440 nec
1434 396 1599 440 iterum
1631 406 1813 455 propter
1846 395 2070 441 defectum
2095 391 2245 445 ‹mate-

280 464 391 517 riae‚
419 478 524 507 cum
555 465 650 523 ipse
678 465 734 508 sit
772 478 908 507 causa
935 464 1168 516 materiae,
1202 477 1318 522 quae
1342 477 1437 507 non
1463 463 1690 522 possibilis
1717 473 1785 507 est
1821 464 2013 517 causari,
2047 464 2137 508 nisi·
2156 474 2244 524 ‘per

282 533 577 575 creationem.
605 531 705 589 Ipse
733 531 870 574 etiarn
893 531 938 573 in
957 531 1136 588 agendo
1154 545 1247 573 non
1265 530 1452 589 requirit
1477 530 1732 583 materiam,
1750 544 1855 574 cum
1873 531 2002 575 nullo
2020 532 2243 590 praeexsi-

280 607 425 641 stente
453 612 549 641 rem
578 598 622 640 in
651 611 748 640 esse
775 597 1019 655 producat:
1047 596 1172 640 etsie
1199 608 1383 656 propter
1400 598 1617 641 materiae
1636 596 1879 651 defectum,
1901 598 1998 656 ejus
2025 598 2147 643 actio
2163 599 2245 642 im·

280 665 425 722 pediri
450 679 543 708 non
571 674 722 722 potest
755 664 807 706 ab
833 662 1021 707 effectus
1053 663 1368 722 productione.
1401 663 1559 708 Restat
1589 664 1726 722 igitur
1757 665 1881 722 quod
1912 663 2067 708 divina
2101 666 2242 714 virtus

278 746 374 775 non
401 732 726 774 determinetur
762 730 818 773 ad
846 729 1045 788 aliquem
1073 729 1302 785 effectum,
1328 731 1407 775 sed
1433 730 1701 790 simpliciter
1727 731 1886 775 omnia
1910 741 2092 809 potest;
2113 733 2242 792 quod

279 807 347 842 est
371 812 477 841 eum
505 811 602 841 esse
630 797 1010 855 omnipotentem.

369 864 487 908 Hinc
516 874 584 908 est
609 865 732 922 quod
761 864 899 907 etiam
927 864 1080 908 divina
1107 864 1338 923 Scriptura
1370 864 1456 908 fide
1492 864 1741 909 tenendum
1766 865 1858 909 hoc
1884 843 2044 910 tradit.
2071 864 2240 911 dicitur

278 931 401 975 enim
428 931 567 989 (Gen.
595 930 741 974 XVII.
773 930 832 986 1.)
860 944 913 974 ex
940 945 1019 974 ore
1042 931 1153 975 Dei:
1180 932 1268 990 Ego
1295 933 1410 976 Deus
1435 934 1704 991 omnipotens,
1728 933 1901 977 ambula
1932 946 2076 978 coram
2107 948 2172 978 me
2202 940 2241 978 et

278 1005 358 1043 esto
379 998 604 1057 perseclus;
634 1007 678 1041 et
703 998 809 1055 (Job
837 997 977 1041 XLII.
1002 997 1090 1055 2.):
1109 999 1203 1043 Scio
1225 1000 1326 1057 quia
1351 1001 1494 1043 omnia
1512 1007 1628 1058 potes
1637 1014 1653 1052 ‚⁰
1677 1009 1723 1044 et
1747 999 1880 1058 (Luc.
1899 1000 1932 1046 Ι.
1962 999 2068 1059 37.),
2085 1013 2140 1044 ex
2156 1013 2236 1045 ore

278 1065 452 1124 angeli:
480 1066 578 1109 Non
609 1067 689 1109 erit
718 1065 965 1124 impossibile
987 1065 1100 1124 apud
1121 1066 1261 1109 Deum
1293 1080 1414 1110 omne
1439 1067 1627 1110 verbum.
1830 1091 1831 1094 =

364 1133 450 1176 Per
476 1132 566 1176 hoc
595 1142 748 1176 autem
776 1131 1027 1176 excluditur
1053 1133 1359 1190 quorumdam
1386 1132 1771 1191 philosophorum
1804 1146 1944 1187 error,
1976 1133 2053 1192 qui
2078 1147 2240 1192 posue-

276 1210 380 1243 runt
406 1213 431 1243 a
457 1200 560 1243 Deo
587 1199 852 1244 immediate
880 1200 1070 1258 produci
1095 1213 1238 1242 unum
1263 1198 1478 1243 effectum
1503 1208 1695 1256 tantum,
1722 1199 1852 1258 quasi
1880 1200 2021 1244 virtus
2048 1201 2145 1258 ejus
2182 1200 2237 1245 ad

276 1267 395 1310 illius
418 1267 772 1325 productionem
798 1266 1099 1310 determinata
1125 1275 1259 1319 esset,
1297 1276 1342 1309 et
1367 1266 1490 1324 quod
1515 1266 1641 1310 Deus
1668 1279 1762 1309 non
1793 1274 1945 1326 potest
1979 1265 2148 1325 aliquid
2178 1265 2240 1310 fa-

277 1349 394 1389 cere,
429 1335 517 1378 nisi
548 1334 801 1378 secundum
833 1334 956 1392 quod
993 1348 1149 1378 cursus
1186 1347 1338 1377 rerum
1378 1332 1655 1376 naturalium
1697 1347 1745 1376 se
1790 1333 1949 1388 habet;
1981 1333 2038 1379 de
2074 1331 2235 1392 quibus

274 1403 437 1446 dicitur
464 1402 571 1460 (Job
595 1401 742 1445 XXII.
776 1400 892 1458 17.):
924 1401 1060 1458 Quasi
1091 1401 1197 1445 nihil
1214 1402 1345 1459 possit
1374 1401 1662 1460 Omnipotens,
1687 1401 1960 1447 aestimabant
1980 1414 2087 1445 eum.

1003 1601 1258 1657 CAPUT
1301 1600 1514 1655 XXIII.

486 1745 646 1791 QUOD
687 1745 830 1782 DEUS
870 1744 988 1784 NON
1027 1743 1175 1782 AGAT
1216 1743 1288 1780 EX
1325 1742 1700 1782 NECESSITATE
1739 1741 2016 1783 NATURAE.

363 1870 428 1914 Ex
453 1870 544 1914 hoc
574 1880 727 1914 autem
754 1871 1021 1924 ostenditur,
1049 1870 1171 1928 quod
1196 1870 1324 1913 Deus
1348 1869 1441 1927 agit
1458 1871 1503 1913 in
1531 1868 1745 1912 creaturis
1769 1881 1863 1912 non
1888 1882 1970 1926 per
1993 1867 2237 1913 necessita-

271 1947 366 1982 tem
391 1947 595 1991 naturae,
621 1938 700 1981 sed
727 1952 806 1996 per
833 1937 1065 1981 arbitrium
1087 1936 1349 1981 voluntatis.
1381 1936 1548 1980 Omnis
1577 1937 1700 1979 enim
1733 1935 1908 1994 agentis
1940 1949 2021 1994 per
2044 1934 2239 1980 necessi-

272 2014 414 2048 tatem
432 2014 636 2058 naturae,
658 2004 799 2047 virtus
818 2005 1144 2048 determinatur
1162 2003 1216 2047 ad
1239 2017 1381 2046 unum
1406 2002 1641 2056 effectum;
1660 2011 1704 2046 et
1720 2002 1825 2046 inde
1844 2011 1913 2046 est
1933 2001 2057 2060 quod
2079 2001 2236 2046 omnia

271 2071 495 2115 naturalia
522 2085 704 2130 semper
731 2071 941 2115 eveniant
959 2071 1124 2114 eodem
1150 2071 1308 2123 modo,
1335 2070 1423 2113 nisi
1449 2070 1505 2114 sit
1530 2069 1935 2127 impedimentum;
1960 2081 2055 2112 non
2081 2078 2236 2117 autem

270 2138 542 2182 voluntaria.
569 2139 736 2182 Divina
764 2148 918 2183 autem
944 2139 1085 2182 virtus
1111 2152 1207 2181 non
1233 2138 1466 2181 ordinatur
1493 2137 1547 2180 ad
1576 2150 1717 2180 unum
1740 2134 1954 2181 effectum
1978 2145 2172 2190 tantum,
2187 2144 2237 2180 ut

270 2219 406 2264 supra
431 2207 492 2264 (c.
528 2205 621 2262 22.)
648 2215 884 2250 ostensum
907 2215 987 2250 est.
1014 2205 1140 2249 Deus
1168 2205 1303 2263 igitur
1328 2218 1423 2248 non
1457 2204 1550 2263 agit
1574 2218 1655 2262 per
1686 2203 2005 2248 necessitatem
2030 2212 2235 2257 naturae,

270 2273 348 2317 sed
379 2286 458 2331 per
485 2272 785 2317 voluntatem.

359 2340 548 2384 Adhuc:
577 2340 795 2399 quidquid
816 2354 910 2384 non
942 2340 1150 2399 implicat
1176 2340 1601 2392 contradictionem,
1629 2339 1781 2383 subest
1795 2337 1976 2383 divinae
1989 2338 2234 2397 potentiae,

269 2417 317 2451 ut
334 2417 570 2452 ostensum
588 2418 656 2451 est
672 2409 732 2466 (c.
751 2407 937 2465 praec).
956 2407 1100 2450 Multa
1124 2417 1277 2451 autem
1298 2421 1392 2450 non
1415 2407 1575 2451 suntin
1598 2407 1732 2451 rebus
1751 2406 1928 2459 creatis,
1950 2419 2067 2465 quae
2077 2414 2234 2451 tamen

269 2476 307 2518 si
334 2485 498 2529 essent,
532 2475 943 2519 contradictionem
980 2489 1074 2518 non
1101 2474 1402 2533 implicarent,
1429 2474 1546 2518 sicut
1582 2483 1705 2531 patet
1729 2473 1972 2532 praecipue
2001 2473 2121 2518 circa
2155 2486 2235 2517 nu-

269 2557 463 2596 merum,
491 2543 779 2601 quantitates,
802 2552 846 2586 et
872 2542 1106 2586 distantias
1133 2541 1382 2595 stellarum,
1407 2551 1450 2585 et
1477 2540 1672 2585 aliorum
1706 2554 1967 2598 corporum,
1997 2540 2046 2584 in
2068 2540 2232 2599 quibus

269 2610 306 2652 si
333 2608 461 2653 aliter
486 2623 534 2653 se
560 2609 747 2653 haberet
774 2609 887 2652 ordo
915 2623 1082 2663 rerum,
1111 2609 1411 2652 contradictio
1438 2622 1532 2652 non
1569 2607 1893 2666 implicaretur.
1924 2606 2071 2651 Multa
2094 2607 2233 2665 igitur

269 2677 458 2720 subsunt
484 2676 662 2720 divinae
688 2676 856 2730 virtuti,
884 2690 1000 2734 quae
1026 2677 1072 2719 in
1098 2690 1251 2719 rerum
1281 2685 1443 2719 natura
1478 2689 1574 2718 non
1599 2675 1902 2719 inveniuntur.
1937 2674 2231 2733 Quicumque

269 2754 422 2787 autem
450 2758 609 2787 eorum
637 2758 753 2802 quae
775 2753 925 2802 potest
948 2742 1113 2797 facere,
1137 2743 1363 2801 quaedam
1394 2741 1516 2796 facit,
1550 2751 1594 2786 et
1619 2742 1844 2800 quaedam
1869 2755 1964 2785 non
1989 2740 2112 2795 facit,
2137 2740 2232 2800 agit

267 2825 346 2870 per
373 2810 649 2855 electionem
674 2810 938 2865 voluntatis,
966 2821 1009 2854 et
1035 2824 1129 2854 non
1156 2824 1235 2869 per
1259 2810 1582 2853 necessitatem
1599 2818 1801 2853 naturae.
1828 2808 1956 2852 Deus
1981 2808 2118 2867 igitur
2132 2822 2229 2852 non

267 2878 361 2937 agit
385 2891 465 2936 per
495 2878 814 2922 necessitatem
841 2887 1045 2931 naturae,
1073 2878 1152 2922 sed
1176 2892 1255 2936 per
1281 2876 1579 2921 voluntatem.

355 2946 492 2989 Item:
529 2945 888 3004 unumquodque
937 2959 1075 3004 agens
1110 2944 1201 2988 hoc
1240 2944 1381 2988 modo
1420 2944 1512 3002 agit
1543 2943 1800 2988 secundum
1829 2942 1951 3002 quod
1971 2939 2228 2989 similitudo

267 3011 376 3056 facti
409 3022 477 3056 est
502 3013 548 3056 in
574 3013 697 3089 ipso;
725 3026 863 3056 omne
891 3013 1013 3056 enim
1038 3026 1177 3070 agens
1206 3012 1299 3070 agit
1324 3012 1408 3055 sibi
1434 3011 1605 3055 simile:
1641 3024 1779 3055 omne
1815 3021 1968 3055 autem
2001 3010 2125 3069 quod
2160 3019 2228 3055 est

265 3079 313 3122 in·
339 3079 497 3132 altero,
526 3090 591 3123 est
632 3080 678 3123 in
706 3093 761 3123 eo
801 3093 880 3138 per
921 3079 1113 3123 modum
1142 3080 1237 3136 ejus
1264 3079 1309 3122 in
1337 3092 1427 3137 quo
1471 3088 1549 3122 est.
1580 3077 1702 3122 Cum
1738 3077 1874 3136 igitur
1899 3076 2026 3123 Deus
2067 3077 2125 3122 sit
2147 3090 2229 3136 per

262 3148 506 3192 essentiam
523 3162 651 3192 suam
671 3147 944 3206 intelligens,
965 3158 1012 3191 ut
1030 3162 1164 3206 supra
1181 3147 1301 3205 (Lib.
1317 3147 1349 3190 Ι.
1370 3161 1406 3189 c.
1425 3146 1519 3202 44.)
1535 3146 1774 3204 probatum
1800 3155 1885 3200 est,
1904 3154 2085 3204 oportet
2101 3144 2224 3205 quod

263 3215 512 3259 similitudo
547 3214 733 3259 effectus
767 3216 835 3259 sui
869 3217 924 3259 sit
955 3215 1002 3258 in
1029 3229 1085 3258 eo
1112 3228 1192 3273 per
1225 3214 1414 3257 modum
1449 3212 1806 3271 intelligibilem:
1834 3212 1972 3272 igitur
1997 3226 2076 3272 per
2096 3211 2226 3258 intel-

264 3281 435 3326 lectum
469 3283 574 3341 agit.
602 3282 864 3326 Intellectus
893 3292 1047 3325 autem
1079 3295 1174 3325 non
1202 3282 1294 3339 agit
1327 3280 1525 3339 aliquem
1555 3279 1770 3324 effectum
1785 3279 1872 3324 nisi
1897 3279 2128 3325 mediante
2149 3292 2229 3324 vo·-

264 3348 450 3403 luntate,
479 3351 604 3408 cujus
639 3350 871 3409 obJectum
900 3359 966 3394 est
993 3350 1165 3392 bonum
1183 3347 1465 3392 intellectum
1484 3347 1606 3424 quod
1626 3356 1781 3392 movet
1806 3355 2018 3405 agentem
2041 3345 2226 3392 utfinis

265 3415 390 3459 Deus
417 3416 554 3474 igitur
577 3430 654 3474 per
678 3416 965 3460 voluntatem
1001 3416 1106 3474 agit,
1139 3429 1233 3458 non
1259 3429 1339 3493 per
1370 3415 1691 3459 necessitatem
1715 3423 1918 3460 naturae.

353 3482 587 3541 Amplius:
616 3483 868 3528 secundum
894 3482 1231 3542 Philosophum
1259 3483 1304 3526 in
1331 3495 1456 3526 nono
1485 3482 1686 3541 Metaph.
1706 3483 1758 3541 (t.
1786 3495 1824 3527 c.
1847 3479 1913 3527 16.
1915 3479 1952 3538 )‚
1961 3479 2132 3541 duplex
2154 3457 2228 3527 est
2275 3489 2276 3492 ’

266 3550 410 3595 actio:
439 3564 528 3594 una
563 3566 634 3610 qu.
627 3565 678 3595 .1e
705 3561 860 3595 manet
892 3551 939 3595 in
968 3559 1143 3609 agente,
1172 3559 1216 3594 et
1242 3559 1308 3593 est
1334 3548 1591 3608 perfectio
1580 3549 1734 3608 ipsius,
1761 3558 1811 3593 ut
1832 3547 1987 3594 videre
2012 3556 2103 3593 est.
2137 3546 2227 3593 alin

265 3631 379 3677 quae
405 3618 563 3662 transit
589 3618 634 3661 in
663 3618 898 3672 exteriora,
928 3628 971 3662 et
999 3627 1066 3662 est
1092 3616 1310 3677 perfectio
1344 3614 1466 3670 facti,
1493 3616 1610 3660 sicut
1636 3615 1942 3660 comburere
1930 3628 1977 3661 m
2001 3614 2122 3674 igne.
2148 3613 2226 3659 Di·
