2332 3854
791 217 945 257 mni-:R
968 217 1040 259 ,11.
1083 217 1202 256 cap,
1244 215 1465 256 Lxxxrx.
1989 201 2093 268 265

235 319 319 365 His
342 319 481 378 igitur
500 318 622 373 visis,
646 318 781 364 facile
805 329 873 364 est
897 320 1172 379 respondere
1199 319 1254 364 ad
1282 319 1473 378 objecta.

236 386 376 439 Quod
394 386 516 430 enim
533 385 682 445 primo
700 386 925 445 objicitur,
947 397 1158 445 oportere
1177 387 1379 431 animam
1395 383 1658 430 sensitivam
1676 383 1889 427 eumdem
1906 383 2098 427 modum

144 453 333 512 originis
359 453 404 497 in
431 453 621 497 homine
647 462 692 496 et
716 452 762 495 in
787 453 928 497 brutis
955 453 1136 508 habere,
1164 467 1219 498 ex
1256 467 1312 497 eo
1349 451 1471 511 quod
1508 449 1677 495 animal
1713 450 1768 494 de
1802 450 1867 494 eis
1902 450 2099 494 univoce

142 519 440 579 praedicatur,
467 519 660 563 dicimus
685 518 776 563 hoc
802 520 1110 563 necessarium
1136 534 1230 564 non
1257 533 1370 564 esse.
1404 518 1500 562 Etsi
1536 518 1658 562 enim
1696 517 1850 560 anima
1885 517 2099 561 sensitiva

142 586 190 630 in
215 586 404 631 homine
431 596 476 630 et
500 586 631 630 bruto
658 586 903 630 conveniat
934 587 1182 630 secundum
1218 587 1395 645 generis
1426 585 1666 637 rationem,
1700 582 1913 628 differunt
1943 593 2099 627 tamen

144 652 312 711 specie,
337 653 452 697 sicut
479 662 523 696 et
548 666 602 697 ea
627 666 821 728 quorum
848 662 953 696 sunt
979 651 1180 707 formae3
1206 654 1322 697 sicut
1347 652 1470 697 enim
1498 650 1668 695 animal
1694 651 1816 710 quod
1853 660 1920 694 est
1954 650 2099 693 homo

144 718 199 763 ab
227 718 324 763 aliis
351 718 623 763 animalibus
647 718 798 778 specie
820 717 968 763 differt
993 733 1072 777 per
1097 719 1187 762 hoc
1214 720 1337 778 quod
1365 729 1432 763 est
1457 717 1693 772 rationale,
1725 717 1787 762 ita
1819 717 1972 760 anima
2004 729 2101 760 sen-

142 785 275 830 sitiva
295 785 496 830 hominis
519 786 572 829 ab
600 785 752 829 anima
779 785 993 829 sensitiva
1018 786 1137 829 bruti
1162 786 1312 844 specie
1339 785 1487 830 differt
1511 800 1591 845 per
1613 785 1704 830 hoc
1731 783 1853 844 quod
1876 793 1944 828 est
1960 783 2097 827 etiam

141 843 430 897 intellectiva.
457 852 627 896 Anima
652 852 790 911 igitur
813 852 860 895 in
886 852 1018 896 bruto
1045 852 1182 896 habet
1206 853 1251 896 id
1277 852 1400 911 quod
1427 863 1495 896 est
1529 852 1796 896 sensitivutn
1827 860 2021 904 tantum,
2055 859 2100 894 et

141 931 223 979 per
247 931 532 978 consequens
567 933 651 962 nec
689 932 803 973 esse,
841 933 927 963 nec
963 920 1058 976 ejus
1095 919 1302 978 operatio
1336 933 1470 978 supra
1509 932 1674 978 corpus
1714 917 1940 972 elevatur;
1976 916 2098 961 unde

143 994 326 1044 oportet
349 985 470 1044 quod
498 984 634 1029 simul
660 999 764 1029 cum
794 986 1087 1044 generatione
1112 986 1316 1045 corporis
1343 995 1581 1044 generetur
1610 995 1654 1029 et
1680 999 1786 1029 cum
1805 984 2097 1044 corruptione

73 1105 78 1112 ³
142 1061 471 1111 corrumpatur.
497 1052 667 1096 Anima
695 1062 847 1096 autem
874 1053 1088 1097 sensitiva
1115 1054 1159 1096 in
1186 1053 1390 1106 homine,
1418 1067 1559 1111 quum
1595 1053 1763 1097 habeat
1795 1066 1931 1110 supra
1961 1050 2099 1096 sensi-

139 1116 282 1163 tivam
302 1127 512 1163 naturam
533 1119 627 1162 vim
649 1118 991 1173 intellectivam,
1009 1133 1062 1163 ex
1081 1134 1169 1179 qua
1192 1130 1372 1179 oportet
1394 1119 1516 1178 quod
1533 1119 1630 1178 ipsa
1651 1119 1900 1163 substantia
1918 1118 2098 1163 animae

140 1185 200 1230 sit
222 1185 475 1230 secundum
501 1199 598 1230 esse
625 1196 670 1230 et
694 1186 1009 1245 operationem
1038 1201 1169 1246 supra
1204 1200 1368 1246 corpus
1401 1186 1591 1242 elevata,
1623 1200 1771 1245 neque
1802 1200 1882 1246 per
1911 1199 2099 1244 genera·

140 1251 314 1297 tionem
341 1252 543 1312 corporis
575 1263 828 1311 generatur,
865 1267 1012 1312 neque
1047 1268 1127 1312 per
1159 1254 1256 1311 ejus
1293 1254 1631 1312 corruptionem
1671 1253 1988 1312 corrumpitur.
2021 1252 2100 1296 Di·

139 1331 296 1363 versus
321 1333 431 1378 ergo
459 1320 623 1364 modus
647 1320 835 1378 originis
859 1320 906 1363 in
934 1321 1171 1364 animabus
1194 1320 1434 1380 praedictis
1460 1334 1554 1364 non
1573 1330 1640 1365 est
1663 1334 1716 1364 ex
1738 1329 1864 1380 parte
1881 1319 2097 1373 sensitivi,

140 1398 195 1429 ex
220 1400 311 1445 quo
334 1386 526 1430 sumitur
547 1387 662 1431 ratio
690 1387 884 1444 generis,
911 1388 989 1432 sed
1016 1401 1069 1431 ex
1095 1398 1222 1446 parte
1248 1386 1528 1441 intellectivi,
1551 1401 1605 1431 ex
1631 1401 1722 1446 quo
1749 1387 1942 1431 sumitur
1973 1385 2096 1430 diffe-

137 1453 282 1499 rentia
306 1453 477 1512 speciei
489 1468 500 1507 ;
526 1453 646 1497 unde
667 1467 760 1498 non
786 1463 936 1513 potest
958 1454 1172 1498 concludi
1188 1454 1421 1498 diversitas
1439 1454 1633 1512 generis,
1651 1454 1729 1498 sed
1747 1453 1845 1498 sola
1862 1452 2097 1498 diversitas

132 1519 330 1577 speciei..

229 1585 370 1638 Quod
395 1601 505 1631 vero
531 1586 734 1631 secundo
761 1587 985 1645 objicitur,
1013 1597 1288 1647 conceptum
1314 1587 1437 1646 prius
1463 1601 1561 1632 esse
1589 1587 1757 1631 animal
1785 1601 1924 1646 quarn
1951 1587 2099 1631 homi·

137 1666 259 1707 nem,
285 1667 379 1697 non
406 1653 603 1698 ostendit
627 1653 900 1698 rationalem
927 1654 1130 1699 animam
1157 1669 1262 1699 cum
1288 1655 1462 1699 semine
1499 1654 1754 1713 propagari.
1788 1654 1910 1698 Nam
1943 1654 2095 1697 anima

138 1720 369 1774 sensifiva,
394 1734 475 1779 per
500 1734 638 1779 quam
666 1720 836 1764 animal
862 1731 970 1776 erat,
997 1736 1089 1766 non
1117 1731 1286 1775 manet,
1313 1721 1392 1765 sed
1419 1723 1459 1765 ei
1486 1721 1689 1765 succedit
1714 1721 1867 1765 anima
1894 1734 2010 1780 quae
2029 1730 2097 1764 est

67 1843 69 1845 ι
139 1786 276 1832 simul
301 1787 516 1832 sensitiva
541 1797 586 1832 et
609 1787 901 1843 intellectiva,
928 1803 983 1833 ex
1005 1803 1093 1848 qua
1120 1798 1187 1833 est
1212 1786 1383 1832 animal
1406 1798 1450 1832 et
1475 1788 1619 1832 homo
1646 1787 1797 1842 simul,
1825 1797 1874 1832 ut
1894 1802 1948 1832 ex
1965 1787 2095 1831 dictis

138 1863 277 1913 patet.

157 1962 173 1976 ,
230 1920 372 1973 Quod
395 1935 508 1966 vero
533 1922 666 1966 tertio
694 1922 918 1981 objicitur,
944 1922 1227 1966 diversorum
1255 1923 1488 1981 agentium
1517 1922 1721 1966 actiones
1748 1936 1843 1966 non
1862 1920 2098 1965 terminari

139 1987 196 2032 ad
219 2002 362 2032 unum
387 1987 574 2042 factum,
599 1987 947 2047 intelligendum
975 1999 1042 2033 est
1068 1989 1123 2033 de
1150 1989 1338 2033 diversis
1372 1989 1621 2047 agentibus,
1643 2001 1758 2032 non·
1775 1989 2007 2032 ordinatis.
2043 1988 2093 2032 Si

138 2054 265 2108 enim
289 2054 495 2099 ordinata
515 2056 604 2100 sint
621 2055 676 2099 ad
692 2055 906 2109 invicem,
925 2066 1103 2114 oportet
1120 2070 1281 2100 eorum
1298 2069 1395 2100 esse
1419 2070 1562 2099 unum
1579 2054 1790 2100 effectum
1806 2071 1817 2110 ;
1833 2070 1942 2099 nam
1961 2069 2097 2099 causa

138 2134 279 2180 agens
303 2121 450 2198 prima
475 2122 570 2180 agit
594 2122 640 2165 in
674 2121 887 2167 effectum
924 2136 1087 2167 causae
1121 2122 1350 2167 secundae
1387 2123 1576 2181 agentis,
1606 2122 1924 2167 vehementius
1957 2135 2096 2181 quam

138 2187 277 2232 etiam
301 2188 398 2247 ipsa
424 2202 560 2233 causa
580 2189 801 2242 secunda;
828 2190 946 2233 unde
967 2189 1176 2234 videmus
1203 2191 1325 2248 quod
1344 2188 1531 2233 effectus
1549 2189 1626 2247 qui
1644 2204 1725 2247 per
1740 2189 2095 2233 instrumentum

138 2253 287 2314 agitur
311 2269 337 2298 a
362 2254 598 2314 principali
626 2265 805 2313 agente,
831 2257 980 2314 magis
1007 2256 1188 2314 proprie
1215 2256 1468 2300 attribuitur
1496 2255 1735 2315 principali
1773 2256 1926 2314 agenti
1958 2270 2096 2314 quam

135 2321 452 2367 instrumento.
481 2321 719 2380 Contingit
745 2332 897 2366 autem
925 2325 1197 2382 quandoque
1224 2323 1345 2382 quod
1373 2323 1492 2366 actio
1519 2322 1778 2382 principalis
1804 2322 1980 2381 agentis
1997 2337 2096 2398 per-

32 2388 66 2422 ’τ’
135 2388 270 2448 tingit
294 2388 351 2432 ad
377 2387 583 2448 aliquid’
571 2404 619 2433 in
646 2398 849 2448 operato,
874 2389 929 2432 ad
957 2390 1080 2448 quod
1106 2404 1200 2433 non
1232 2390 1446 2449 pertingit
1482 2389 1602 2433 actio
1635 2390 1948 2443 instrumenti;
1981 2389 2097 2433 sicut

135 2454 204 2501 vis
224 2456 480 2515 vegetativa
503 2455 560 2499 ad
594 2455 795 2514 speciem
829 2458 975 2500 carnis
1009 2457 1228 2515 perducit,
1266 2457 1322 2500 ad
1356 2471 1493 2515 quam
1530 2471 1623 2501 non
1662 2467 1813 2515 potest
1846 2425 2095 2516 perducere

86 2524 89 2526 ’
137 2517 263 2569 calor
287 2522 405 2581 ignis
425 2522 503 2582 qui
529 2532 596 2566 est
622 2524 718 2581 ejus
745 2523 1113 2577 instrumentum,
1139 2523 1247 2568 licet
1272 2534 1483 2582 operetur
1509 2523 1793 2583 disponendo
1817 2523 1872 2567 ad
1892 2538 2010 2577 eam,
2031 2537 2097 2566 re-

40 2581 64 2604 ²
135 2588 360 2636 solvendo
387 2599 430 2633 et
452 2590 782 2634 consumendo.
813 2589 973 2641 Quum
997 2592 1132 2648 igitur
1159 2591 1308 2634 omnis
1334 2590 1475 2634 virtus
1509 2600 1697 2634 naturae
1734 2590 1881 2634 activa
1915 2604 2096 2648 compa·

45 2701 61 2712 „
136 2666 259 2701 retur
296 2657 352 2701 ad
379 2657 533 2701 Deum
564 2657 682 2702 sicut
713 2657 1064 2702 instrumentum
1104 2658 1160 2701 ad
1196 2658 1396 2716 primum
1434 2669 1478 2702 et
1506 2658 1755 2716 principale
1792 2672 1946 2717 agens,
1980 2657 2095 2701 nihil

47 2721 71 2773 ὲ
136 2724 359 2785 prohibet,
370 2724 417 2768 in
430 2738 522 2769 uno
536 2735 580 2769 et
591 2725 754 2769 eodem
771 2735 1007 2783 generato,
1025 2725 1146 2784 quod
1162 2735 1229 2770 est
1242 2726 1403 2779 homo,
1417 2726 1644 2769 actionem
1657 2735 1844 2769 naturae
1858 2726 1912 2769 ad
1926 2724 2094 2783 aliquid

136 2790 338 2836 hominis
362 2791 611 2845 terminari,
639 2801 683 2835 et
706 2805 800 2835 non
825 2792 879 2835 ad
906 2801 1056 2836 totum
1083 2792 1204 2851 quod
1232 2792 1280 2835 fit
1307 2793 1485 2836 actione
1511 2792 1613 2835 Dei.
1642 2791 1823 2849 Corpus
1851 2792 1988 2849 igitur
2013 2791 2094 2835 ho·

43 2854 82 2890 ³²-
137 2857 272 2902 minis
293 2857 515 2902 formatur
531 2858 668 2902 simul
690 2868 734 2902 et
754 2859 918 2902 virtute
937 2859 1024 2902 Dei
1042 2860 1169 2918 quasi
1186 2859 1447 2917 principalis
1466 2859 1641 2917 agentis
1664 2869 1708 2902 et
1728 2859 1878 2916 primi,
1896 2868 1939 2902 et
1956 2859 2094 2902 etiam

135 2924 301 2969 virtute
326 2924 512 2969 seminis
539 2925 668 2984 quasi
694 2926 869 2982 agentis
896 2926 1106 2979 secundi;
1144 2926 1222 2968 sed
1261 2926 1379 2969 actio
1417 2926 1505 2969 Dei
1538 2925 1746 2983 producit
1783 2926 1985 2969 animam
2015 2925 2094 2968 hu-

138 3005 345 3046 manam,
366 3005 503 3050 quam
525 2991 665 3036 virtus
691 2992 877 3035 seminis
899 2991 1150 3049 producere
1176 3005 1269 3034 non
1296 3001 1459 3049 potest,
1486 2992 1564 3034 sed
1592 2993 1791 3048 disponit
1817 2992 1872 3036 ad
1899 3006 2017 3036 eam.

227 3057 362 3102 Unde
387 3067 511 3117 patet
536 3057 704 3102 solutio
733 3058 788 3101 ad
815 3067 1039 3116 quartum.
1069 3058 1144 3100 Sic
1172 3058 1294 3101 enim
1322 3057 1465 3101 homo
1493 3057 1577 3100 sibi
1598 3055 1746 3100 simile
1767 3058 1814 3100 in
1840 3059 1994 3115 specie
2021 3071 2093 3114 ge·

136 3134 280 3178 uerat,
291 3120 575 3183 inquantum
592 3124 732 3169 virtus
749 3125 935 3168 seminis
954 3126 1048 3182 ejus
1066 3124 1327 3183 dispositive
1349 3133 1558 3182 operatur
1581 3123 1636 3166 ad
1654 3123 1862 3167 ultimam
1880 3121 2094 3176 formam,

138 3204 192 3237 ex
212 3204 303 3250 qua
327 3190 471 3235 homo
498 3192 698 3249 speciem
725 3191 921 3235 sortitur.

225 3257 380 3300 Deum
406 3270 515 3301 vero
543 3257 757 3302 adulteris
784 3258 1023 3317 cooperari
1047 3258 1094 3301 in
1117 3258 1296 3301 actione
1313 3267 1500 3301 naturae
1527 3256 1640 3300 nihil
1662 3265 1729 3300 est
1751 3257 2093 3300 inconveniensa

137 3320 246 3367 Non
272 3323 393 3367 enim
420 3333 580 3367 natura
602 3323 911 3368 adulterorum
937 3324 1058 3368 mala
1086 3334 1166 3377 est,
1194 3324 1271 3368 sed
1297 3323 1532 3377 voluntas;
1560 3323 1679 3367 actio
1706 3332 1858 3366 autem
1886 3335 2000 3381 quae
2026 3331 2096 3366 est

140 3401 196 3434 ex
220 3389 385 3434 virtute
411 3390 599 3435 seminis
624 3390 829 3449 ipsorum
856 3401 924 3435 est
948 3390 1180 3444 naturalis,
1216 3404 1309 3434 non
1342 3389 1625 3444 voluntaria3
1651 3390 1770 3433 unde
1806 3402 1899 3432 non
1935 3399 2003 3433 est
2032 3389 2096 3433 in·

69 3451 89 3503 ff
141 3457 420 3501 conveniens
459 3457 496 3502 si
529 3457 657 3502 Deus
691 3456 758 3501 illi
792 3458 1048 3516 operationi
1089 3466 1374 3515 cooperatur,
1411 3456 1620 3500 ultimam
1658 3455 1986 3515 perfectionem
2017 3456 2092 3500 in-

140 3521 364 3568 ducendo,
1624 3553 1632 3562 „

231 3588 372 3643 Quod
397 3604 507 3635 vero
533 3600 660 3636 sexto
687 3590 912 3650 objicitur,
938 3600 1062 3650 patet
1082 3590 1204 3649 quod
1223 3604 1316 3634 non
1335 3590 1390 3634 de
1422 3589 1692 3636 necessitate
1725 3588 1970 3635 concludit.
1997 3589 2093 3635 Etsi
