2332 3854
824 258 978 299 LIBER
1015 259 1095 299 111.
1137 259 1256 300 car.
1297 257 1426 299 an.
1999 258 2098 315 373

241 360 436 407 Adhuc:
466 361 505 406 si
537 360 690 420 aliqua
725 360 817 405 duo
858 360 1040 407 fuerunt
1075 362 1198 421 prius
1238 362 1379 416 unita,
1414 371 1461 406 et
1489 360 1788 425 postmodum
1822 371 2103 420 separantur,

151 433 332 488 oportet
356 428 481 488 quod
497 427 587 472 hoc
606 428 783 472 accidat
803 442 881 487 per
896 429 1199 474 mutationem
1218 428 1407 487 alicuius
1433 433 1609 473 eorum.
1635 426 1815 472 Relatio
1843 427 1966 472 enim
1987 428 2104 472 sicut

151 507 246 540 non
268 494 428 554 incipit
457 508 558 539 esse
583 494 638 539 de
663 508 789 539 novo
807 495 975 554 absque
993 496 1245 540 mutatione
1262 495 1443 540 alterius
1465 494 1731 549 relatorum,
1749 496 1811 539 ita
1832 508 1917 538 nec
1935 494 2103 553 absque

151 560 338 606 alterius
350 561 606 606 mutatione
622 561 679 605 de
704 574 828 606 novo
851 561 1035 606 desistit.
1061 562 1323 607 Intellectus
1338 573 1492 607 autem
1511 572 1689 607 creatus
1712 561 1837 606 videt
1852 561 2004 605 Deum
2024 574 2107 620 vper

150 626 243 671 hoc
276 628 398 686 quod
422 627 464 671 ei
490 627 835 687 quodammodo
863 629 1026 682 unitur,
1060 638 1107 672 ut
1133 643 1187 672 ex
1213 629 1343 673 dictis
1376 630 1436 688 (c.
1476 629 1563 686 51.)
1593 638 1729 688 patet.
1758 628 1813 673 Si
1845 641 1955 686 ergo
1986 627 2102 671 visio

141 693 227 741 ‘illa
238 695 425 749 desinat,
437 695 606 740 unione
623 695 888 753 hujusmodi
905 695 1151 750 desinente,
1164 705 1346 754 oportet
1361 696 1483 755 quod
1501 696 1591 739 hoc
1605 695 1688 739 fiat
1699 708 1783 753 per
1798 694 2103 739 mutationem

149 760 331 806 divinae
351 761 646 815 substantiae,
672 760 746 805 vel
761 760 1016 805 intellectus
1042 762 1187 819 ipsam
1219 762 1428 815 videntis,
1454 776 1648 821 quorum
1664 771 1910 820 utrumque
1935 771 2002 805 est
2022 760 2106 804 im-

136 826 391 887 possibiln
415 841 524 872 nam
551 828 702 872 divina
727 827 973 872 substantia
1005 839 1072 871 est
1096 828 1408 882 immutabilis,
1435 839 1484 872 ut
1507 830 1554 872 in
1581 828 1729 887 primo
1753 829 1814 886 (c.
1846 828 1935 886 ¹3.)
1957 838 2105 872 osten-

149 904 252 939 sum
271 903 369 948 ·est;
389 894 637 938 substantia
656 894 798 938 etiam
823 893 1142 939 intellectualis
1176 895 1378 939 elevatur
1402 909 1538 954 supra
1570 909 1758 939 omnem
1785 894 2103 948 mutationem,

139 971 254 1005 soum
275 960 364 1006 De'i
388 961 685 1005 substantiam
711 961 844 1005 videt.
862 961 1147 1019 Impossibile
1165 971 1232 1006 est
1256 963 1392 1021 igitur
1417 962 1539 1021 quod
1563 962 1724 1022 aliquis
1741 961 1919 1006 decidat
1944 962 1999 1005 ab
2019 960 2101 1006 illa

149 1025 367 1073 felicitate
390 1042 477 1086 qua
502 1027 592 1071 Dei
618 1028 914 1072 substantiam
940 1028 1075 1072 videt.

235 1093 373 1138 Item:
398 1104 568 1153 quanto
587 1094 755 1153 aliquid
773 1105 839 1139 est
851 1095 951 1138 Deo
970 1095 1279 1154 propinquius,
1302 1097 1378 1154 qui
1396 1106 1463 1140 est
1479 1096 1671 1140 omnino
1688 1094 1953 1149 immobilis,
1971 1105 2099 1140 tauto

148 1168 217 1207 est
240 1161 391 1207 minus
423 1161 640 1205 mutabile
671 1171 717 1206 et
755 1161 903 1220 magis
938 1175 1245 1220 perseverans.
1273 1162 1406 1206 Unde
1433 1163 1656 1221 quaedam
1685 1176 1891 1221 corpora,
1918 1173 2102 1221 propter

150 1226 244 1272 hoc
270 1227 393 1287 quod
419 1226 558 1286 longe
591 1227 758 1272 distant
789 1242 814 1272 a
839 1228 956 1281 Deo,
980 1240 1075 1272 non
1107 1239 1297 1287 possunt
1321 1229 1368 1272 in
1400 1239 1670 1288 perpetuum
1697 1229 1872 1283 durare,
1900 1229 2017 1273 sicut
2041 1228 2102 1272 di-

148 1294 266 1340 citur
293 1294 341 1339 in
363 1295 570 1339 secundo
596 1295 667 1339 De
691 1306 900 1353 generat.
926 1296 979 1354 (t.
1001 1309 1039 1338 c.
1072 1296 1174 1354 59.).
1203 1295 1292 1340 Sed
1314 1295 1443 1339 nulla
1471 1306 1678 1340 creatura
1699 1306 1853 1355 ⁴potest
1870 1296 1976 1339 Deo
1998 1295 2106 1340 vici·

145 1360 249 1407 nius
274 1361 636 1421 appropinquare
670 1364 807 1420 quam
839 1375 955 1420 quae
988 1363 1084 1421 ejus
1114 1362 1415 1407 substantiam
1451 1362 1589 1407 videt.
1624 1363 1844 1407 Creatura
1873 1363 2011 1421 igitur
2038 1362 2104 1405 in-

145 1426 415 1475 uenecmalis
446 1441 562 1487 quae
586 1428 677 1473 Dei
709 1429 1006 1473 substantiam
1019 1428 1149 1473 'videt
1180 1429 1524 1487 quodammodo
1551 1429 1924 1473 immobilitatem
1949 1442 2106 1473 conse-

146 1496 308 1554 quitur.
334 1494 440 1540 Non
466 1495 607 1554 'igitur
631 1494 846 1554 possibile
874 1505 941 1539 est
966 1495 1088 1553 quod
1114 1509 1316 1554 unquam
1343 1496 1396 1540 ab
1430 1495 1507 1540 illa
1533 1496 1710 1540 visione
1742 1496 1935 1541 deficiat.

237 1560 355 1605 Hinc
384 1571 451 1606 est
482 1563 604 1620 quod
632 1561 770 1619 (Psal.
790 1561 1039 1605 LXXXIII.
1069 1563 1126 1619 5.)
1150 1562 1334 1606 dicitur:
1378 1563 1496 1607 Beati
1516 1564 1589 1620 qui
1605 1562 1793 1607 habitant
1813 1562 1995 1607 indomo
2010 1570 2100 1617 tua,

144 1627 346 1682 Domina,
364 1629 414 1672 in
436 1627 601 1673 saecula
620 1629 877 1673 ‘saeculorum
910 1628 1138 1672 laudabunt
1163 1634 1222 1681 te;
1257 1639 1300 1672 et
1324 1628 1431 1672 alibi
1462 1628 1695 1685 (CXXIV.
1728 1628 1809 1686 1.):
1837 1629 1935 1674 Non
1960 1642 2102 1674 move·

146 1694 265 1742 bitur
278 1695 324 1738 in
340 1700 552 1740 acternmn
568 1696 642 1753 qui
665 1695 825 1739 habitat
839 1696 884 1738 in
909 1694 1174 1739 Hierusalem
1185 1710 1203 1753 ,·
1228 1705 1271 1739 et
1297 1695 1403 1752 (Isa.
1422 1695 1633 1739 XXXII-I.
1666 1707 1738 1740 20.
1765 1705 1810 1739 et
1831 1695 1947 1752 21.):
1972 1695 2104 1741 Oculi

142 1762 209 1807 tui
221 1760 417 1816 videbunt
432 1761 695 1806 Hierusalem
714 1763 924 1807 civitatem
946 1762 1202 1819 opulentam,
1219 1768 1257 1806 et
1279 1762 1593 1806 tabernaculum
1613 1762 1720 1820 quod
1739 1775 1953 1820 nunquam
1970 1769 2105 1807 trans·

126 1827 253 1887 serm
269 1829 445 1888 poterit,
464 1838 539 1874 nec
563 1828 806 1887 auferentur
830 1829 943 1873 clavi
963 1830 1051 1886 ejus
1069 1830 1116 1872 in
1146 1831 1454 1888 sempiternum,
1476 1835 1518 1874 >et
1549 1844 1686 1873 omnes
1697 1829 1886 1888 funiculi
1910 1832 1997 1888 ejus
2016 1844 2100 1873 non

145 1901 402 1955 Μαρκίαν,
429 1897 531 1955 quia
552 1895 805 1941 solummodo
835 1897 897 1940 ibi
917 1896 1160 1954 magnificus
1176 1901 1230 1940 est
1255 1897 1463 1941 Dominus
1493 1897 1609 1941 Deus
1640 1902 1804 1948 nostem·
1826 1906 1873 1940 et
1887 1896 2098 1955 (Apoca-

145 1961 284 2022 lypsis
309 1961 388 2008 111.
425 1963 536 2020 12.):
565 1963 654 2019 Qui
668 1964 833 2017 vicerit,
856 1962 1023 2021 faciam
1055 1962 1176 2007 illum
1199 1963 1436 2008 columnam
1457 1963 1503 2007 in
1526 1963 1676 2022 templo
1704 1964 1788 2008 Dei
1807 1964 1903 2017 mei,
1924 1969 1965 2008 at
1975 1963 2099 2022 foras

143 2043 231 2074 non
245 2029 472 2088 egredietur
495 2029 687 2088 amplius.

234 2095 322 2141 Per
346 2095 437 2141 hoc
478 2106 631 2141 autem
668 2095 919 2141 excluditur
955 2110 1081 2142 error
1115 2096 1478 2151 Platonicorum,
1514 2099 1591 2156 qui
1631 2097 1844 2141 dicebant
1867 2105 2096 2158 separa-tas

145 2164 322 2209 animas
353 2173 595 2223 postquam
626 2161 887 2208 felicitatem
922 2162 1133 2208 ultimam
1164 2163 1355 2223 adeptae
1384 2163 1589 2217 fuissent,
1614 2164 1779 2207 iterum
1812 2163 1869 2207 ad
1904 2176 2098 2222 cor-pora

143 2231 346 2291 incipere
369 2230 488 2276 vene
504 2231 665 2284 redire,
687 2238 733 2275 et
757 2230 882 2275 finita
895 2230 1110 2275 felicitate
1126 2230 1248 2275 illius
1273 2232 1407 2285 vitae,
1429 2231 1594 2275 iterum
1617 2231 1810 2275 miseriis
1824 2230 1963 2288 hujus
1976 2230 2099 2275 vitae

142 2296 339 2353 hardu&
356 2309 401 2343 et
415 2291 553 2342 etiam
572 2311 699 2342 error
717 2297 948 2356 Origenis,
964 2298 1042 2357 qui
1059 2298 1168 2342 dixit
1189 2298 1366 2342 animas
1382 2308 1429 2342 et
1446 2297 1634 2356 angelos
1649 2308 1756 2357 post
1770 2297 2102 2342 beatitudinem

144 2364 470 2425 inenumposse
501 2365 560 2412 ad
585 2365 817 2410 miseriam
843 2364 1055 2410 devenire
1087 2365 1243 2422 (tertio
1269 2367 1370 2423 ssepi
1398 2363 1516 2423 Ἀρχ.
1541 2378 1580 2410 c.
1612 2363 1685 2422 1.).

872 2523 1126 2586 CAPUT
1168 2529 1373 2585 LXIII.

356 2653 638 2705 ‘QUALITER
676 2656 732 2699 m
763 2656 889 2697 ILLA
919 2657 1132 2697 ULTIMA
1170 2652 1499 2697 FELICITATE
1534 2650 1877 2696 COMPLETUR

718 2733 871 2771 OMNE
911 2732 1248 2772 DESIDERIUM
1280 2732 1529 2771 HOMINIS.

238 2831 304 2879 Ex
339 2833 597 2892 praemissis
634 2843 788 2878 autem
829 2833 1061 2878 evidentem·
1097 2843 1298 2893 apparet,
1340 2833 1463 2892 quod
1493 2833 1541 2876 in
1571 2832 1651 2876 illa
1681 2832 1844 2876 ultima
1882 2830 2099 2878 felicitate

149 2908 265 2959 quae
284 2901 499 2959 ,provenit
520 2914 576 2944 ex
604 2900 782 2944 visione
814 2899 982 2954 divina,
1009 2914 1148 2945 omne
1180 2900 1457 2945 desiderium
1487 2899 1748 2944 humanum
1779 2899 2007 2959 impletur,
2036 2912 2102 2945 se-

148 2965 352 3011 cundum
369 2966 485 3011 illud
503 2966 643 3024 (Psal.
663 2966 761 3012 cn.
786 2967 848 3024 ς.)
866 2981 875 3011 :
901 2968 991 3024 Qui
1000 2967 1129 3027 replet
1142 2969 1189 3011 in
1206 2968 1323 3011 bonis
1337 2981 1458 3011 omne
1478 2966 1724 3012 desiderium
1741 2973 1873 3012 tuum⁴
1891 2966 1948 3011 Et
1959 2979 2101 3012 omne

146 3033 403 3078 humanum
434 3033 633 3078 studium
660 3033 727 3077 ibi
753 3047 883 3078 suam
916 3034 1366 3078 consummationem
1394 3033 1581 3092 accipit:
1615 3034 1738 3092 quod
1772 3033 1955 3092 quidem
1975 3043 2103 3092 'patet

149 3098 416 3144 discurrenti
441 3112 519 3158 per
549 3099 744 3159 sing-ula.
765 3099 844 3145 Est
870 3101 991 3144 enim
1019 3100 1250 3159 quoddam
1271 3100 1541 3144 desiderium
1562 3099 1782 3155 hominis,
1807 3100 1854 3144 in
1881 3111 2102 3159 quantum

148 3163 467 3210 intellectualis
493 3176 573 3219 est,
596 3166 651 3210 de
675 3167 941 3226 cognitione
968 3167 1190 3220 veritatis;
1223 3166 1348 3226 quod
1377 3167 1563 3225 quidem
1590 3166 1863 3211 desider-ium
1890 3167 2102 3211 homi-nes

148 3238 488 3291 consequuntur
511 3246 592 3292 per
615 3233 821 3277 studium
854 3234 1238 3292 contemplativae
1273 3234 1406 3277 vitae.
1439 3232 1496 3277 Et
1526 3233 1617 3277 hoc
1654 3234 1837 3292 quidem
1864 3233 2102 3278 manifeste

142 3298 299 3345 :inilia
322 3301 499 3345 visione
516 3300 933 3354 consummabitur,
960 3302 1143 3360 quando
1169 3314 1249 3359 per
1273 3300 1498 3344 visionem
1522 3302 1695 3358 primae
1720 3301 1919 3344 veritatis
1944 3300 2103 3344 omnia

142 3371 265 3425 quae
295 3366 551 3411 intellectus
577 3366 842 3412 natur-aliter
876 3370 991 3413 scire
1018 3367 1244 3412 desiderat
1280 3366 1325 3411 ei
1350 3366 1655 3421 innotescent,
1688 3376 1737 3411 ut
1776 3380 1830 3412 ex
1865 3366 2103 3426 superiori—

133 3429 326 3492 ’διιᾴι
357 3433 447 3491 50.)
480 3443 679 3493 apparet.

237 3497 317 3544 Est
341 3500 479 3544 etiam
506 3500 736 3559 quoddam
762 3499 966 3546 hominis
993 3500 1267 3545 desiderium
1290 3500 1544 3545 secundum
1566 3500 1689 3560 quod
1715 3499 1852 3544 habet
1871 3499 2102 3545 'rationem

148 3568 243 3624 qun
274 3565 491 3611 inferiora
524 3567 764 3623 disponere
798 3577 973 3627 potest3
1006 3567 1128 3627 quod
1160 3576 1496 3626 prosequuntur
1528 3566 1742 3611 homines
1782 3580 1862 3626 per
1900 3567 2101 3612 studium

152 3631 327 3677 activae
346 3642 394 3678 et
419 3632 564 3678 civilis
586 3635 722 3679 vitae.
750 3631 892 3686 Quod
914 3634 1098 3693 quidem
1128 3634 1399 3679 desiderium
1425 3632 1730 3693 principaliter
1756 3634 1811 3678 ad
1833 3634 1922 3678 hoc
1950 3643 2031 3689 est,
2053 3643 2103 3678 ut
