2332 3854
749 268 905 308 tumn
942 266 1018 309 111.
1061 267 1181 308 cAP.
1222 265 1443 307 Lxxxw.
1964 264 2069 319 409

800 471 1053 528 CAPUT
1082 471 1392 528 LXXXIV.

450 608 608 656 Quon
652 606 911 648 CORPORA
944 584 1249 646 coELES‘nA
1288 607 1405 647 NON
1435 602 1739 645 IMPRIMANT

705 681 762 721 IN
802 681 1181 719 m‘rELLEcrus
1221 680 1491 720 nosnos,

747 782 802 841 (Ι.
812 789 927 842 part.
947 788 1098 842 quaest.
1121 783 1198 827 CX
1207 783 1253 827 V.
1272 789 1353 828 art.
1371 783 1450 842 4.).

212 896 279 941 Ex
308 895 380 940 his
414 905 564 940 autern
603 907 719 953 quae
755 894 1004 953 praemissa
1041 903 1157 950 sunt,
1194 894 1242 937 in
1274 903 1489 952 promptu
1522 901 1720 952 apparet,
1753 892 1876 951 quod
1913 905 2074 936 eorum

123 977 240 1023 quae
272 971 376 1007 sunt
407 962 527 1006 circa
551 959 835 1005 intellectum
862 974 1056 1018 corpora
1082 958 1297 1004 coelestia
1325 973 1490 1003 causae
1515 973 1614 1003 esse
1639 973 1734 1003 non
1752 967 1955 1018 possunt.
1973 957 2075 1023 Jdam

123 1030 246 1075 enim
278 1038 513 1073 ostensum
545 1037 614 1071 est
644 1027 706 1084 (c.
735 1027 804 1070 82.
839 1035 882 1071 et
915 1027 1024 1083 83.),
1057 1026 1178 1085 quod
1211 1026 1390 1070 divinae
1422 1026 1735 1085 providentiae
1767 1025 1881 1069 ordo
1914 1034 1996 1079 est,
2028 1034 2077 1068 ut

122 1109 201 1157 per
225 1095 460 1155 superiora
485 1104 700 1153 regantur
724 1092 939 1137 inferiora
961 1102 1006 1137 et
1031 1102 1316 1137 moveantur.
1340 1093 1602 1136 Intellectus
1619 1101 1772 1136 autem
1787 1101 1976 1136 naturae
2003 1104 2076 1136 or-

123 1162 227 1208 dIne
253 1162 411 1207 omnia
438 1175 630 1221 corpora
659 1161 849 1214 excedit,
875 1170 925 1204 ut
946 1160 1084 1204 etiam
1111 1174 1165 1204 ex
1190 1159 1429 1219 praedictis
1458 1160 1518 1217 (c.
1545 1171 1617 1218 49.
1645 1169 1689 1203 et
1711 1159 1803 1216 78.)
1829 1168 1965 1217 patet.
1991 1158 2077 1202 Im-

123 1228 337 1290 possibile
359 1237 427 1273 est
450 1228 587 1287 igitur
612 1227 734 1287 quod
762 1241 956 1286 corpora
983 1227 1199 1271 coelestia
1221 1236 1360 1284 agant
1390 1226 1437 1270 in
1463 1225 1745 1270 intellectum
1772 1226 1960 1271 directe:
1980 1239 2075 1270 non

122 1296 262 1355 igitur
285 1304 475 1355 possunt
501 1308 599 1339 esse
626 1308 762 1338 causa
784 1307 863 1351 per
894 1307 942 1338 se
970 1306 1131 1338 eorum
1158 1307 1274 1352 quae
1300 1303 1404 1337 sunt
1430 1293 1551 1337 circa
1577 1292 1874 1337 intellectum.

212 1362 402 1406 Adhuc:
430 1360 607 1405 nullum
635 1375 798 1419 corpus
826 1361 919 1419 agit
942 1360 1030 1404 nisi
1051 1374 1130 1419 per
1148 1370 1342 1414 motum,
1366 1369 1415 1404 ut
1440 1360 1654 1418 probatur
1675 1361 1721 1402 in
1748 1368 1914 1404 octavo
1938 1358 2075 1418 Phys.
2111 1388 2113 1390 -

122 1429 176 1487 (t'.
199 1442 240 1474 c.
272 1428 375 1488 53.).
405 1427 540 1480 Quae
567 1437 720 1472 autem
742 1437 846 1472 sunt
869 1426 1139 1481 immobilia,
1161 1441 1254 1471 non
1283 1436 1525 1471 causantur
1550 1439 1604 1470 ex
1629 1434 1773 1470 motu.
1799 1425 1927 1471 Nihil
1952 1426 2077 1470 enim

123 1503 334 1541 causatur
364 1508 419 1539 ex
450 1503 579 1539 motu
616 1494 806 1552 alicujus
842 1495 1015 1552 agentis
1051 1494 1139 1538 nisi
1163 1495 1209 1537 in
1242 1502 1463 1552 quantum
1499 1503 1669 1537 movet.
1704 1494 1897 1543 Passum
1924 1502 2078 1537 autem

123 1572 348 1607 movetur.
378 1561 512 1614 Quae
538 1561 673 1620 igitur
704 1570 808 1605 sunt
834 1562 1024 1604 omnino
1061 1570 1186 1605 extra
1212 1571 1392 1605 motum
1422 1574 1517 1604 non
1549 1570 1739 1618 possunt
1764 1573 1862 1604 esse
1895 1569 2079 1604 causata

125 1643 152 1674 a
177 1625 755 1688 corporibus'coelestibus.
785 1627 876 1671 Sed
914 1641 967 1671 ea
993 1641 1109 1686 quae
1135 1637 1240 1671 sunt
1272 1629 1391 1672 circa
1426 1626 1712 1671 intellectum
1750 1636 1854 1670 sunt
1885 1626 2076 1670 omnino

125 1704 248 1741 extra
264 1704 444 1739 motum
469 1707 548 1753 per
574 1708 622 1738 se
647 1694 893 1753 loquendo,
911 1693 1027 1737 sicut
1051 1703 1175 1752 patet
1191 1707 1270 1752 per
1287 1693 1623 1752 Philosophum
1649 1695 1695 1737 in
1721 1694 1917 1752 septimo
1940 1692 2078 1752 Phys.

129 1763 184 1822 (t.
210 1774 248 1806 c.
290 1762 356 1806 18.
392 1774 458 1820 19·
484 1771 529 1805 et
561 1760 678 1817 20.);
705 1762 812 1819 quin
838 1761 984 1804 immo
1011 1774 1093 1819 per
1118 1763 1318 1819 quietem
1351 1774 1376 1804 a
1398 1761 1597 1804 motibus
1622 1760 1672 1804 fit
1698 1762 1850 1804 anima
1883 1761 2080 1819 prudens

21 1807 49 1885 33¹
126 1839 172 1874 et
185 1831 347 1883 sciens,
373 1837 423 1872 ut
452 1827 621 1872 ibidem
647 1828 822 1872 dicitur.
849 1827 1136 1886 Impossibile
1159 1838 1226 1871 est
1252 1841 1361 1886 ergo
1388 1827 1511 1886 quod
1537 1841 1731 1887 corpora
1754 1827 1970 1872 coelestia
1992 1828 2081 1872 Sint

112 1892 208 1956 ‘per
238 1910 286 1941 se
314 1909 450 1940 causa
475 1908 637 1939 eorum
664 1908 779 1954 quae
806 1894 928 1938 circa
958 1893 1240 1938 intellectum
1266 1904 1382 1939 sunt.

160 1972 162 2019 ζ
234 1962 476 2021 'Ampliust
503 1962 542 2006 si
565 1961 679 2005 nihil
704 1971 911 2006 causatur
929 1961 982 2004 ab
1003 1961 1155 2020 aliquo
1174 1975 1366 2020 corpore
1383 1961 1470 2005 nisi
1489 1961 1535 2005 in
1558 1971 1778 2020 quantum
1795 1971 1952 2006 movet
1968 1962 2078 2006 dum

123 2038 553 2088 movetur‚‚oportet
574 2042 713 2073 omne
738 2029 783 2072 id
809 2027 931 2086 quod
959 2024 1119 2087 recipit
1144 2028 1494 2087 impressionem
1522 2028 1711 2086 alicujus
1743 2029 1949 2086 corporis
1986 2042 2083 2072 mo-

122 2095 233 2141 verI.
258 2094 387 2140 Nihil
409 2105 562 2140 autern
587 2104 799 2139 movetur
813 2094 900 2139 nisi
923 2108 1102 2153 corpus,
1128 2105 1178 2139 ut
1202 2095 1416 2154 probatur
1436 2095 1482 2138 in
1509 2105 1637 2139 sexto
1665 2095 1845 2154 Physic.
1870 2096 1922 2154 (t.
1947 2109 1984 2139 c.
2007 2093 2079 2149 46.

123 2175 196 2222 49.
223 2172 268 2207 et
292 2162 421 2222 seq.).
451 2163 648 2221 Oportet
679 2176 788 2221 ergo
813 2176 951 2206 omne
977 2162 1023 2205 id
1049 2162 1172 2220 quod
1197 2162 1358 2221 recipit
1388 2162 1741 2220 impressionem
1768 2162 1959 2221 alicujus
1987 2175 2083 2207 cor·
2106 2162 2115 2164 “

125 2229 249 2289 poris
265 2243 365 2274 esse
391 2242 572 2289 corpus,
588 2228 661 2273 vel
679 2230 878 2288 aliquam
894 2229 1108 2273 virtutem
1127 2242 1410 2288 corpoream.
1427 2229 1677 2274 Ostensurn
1695 2238 1766 2272 est
1781 2239 1934 2273 autem
1953 2230 1998 2272 in
2017 2243 2084 2273 se-

38 2349 43 2355 q
126 2295 280 2341 cundo
308 2297 370 2355 (c.
402 2294 512 2355 49.),
554 2296 676 2354 quod
708 2295 961 2340 intellectus
997 2309 1145 2354 neque
1177 2305 1244 2340 est
1277 2309 1455 2354 corpus,
1488 2309 1635 2354 neque
1670 2295 1810 2339 virtus
1847 2309 2081 2353 corporea.

123 2361 410 2423 Impossibile
422 2372 491 2407 est
509 2363 646 2422 igitur
663 2362 784 2422 quod
803 2376 996 2420 corpora
1015 2361 1230 2406 coelestia
1246 2363 1415 2407 directe
1432 2362 1695 2422 imprimant
1715 2363 1762 2406 in
1782 2361 2081 2407 intellectum-

159 2448 161 2451 *
187 2427 352 2474 ⁴Item:
380 2440 519 2474 omne
551 2429 674 2489 quod
707 2439 920 2474 movetur
954 2428 1009 2473 ab
1047 2429 1214 2488 aliquo,
1247 2430 1475 2473 reducitur
1508 2429 1564 2473 de
1596 2429 1799 2488 potentia
1830 2429 1876 2473 in
1913 2439 2081 2473 actum.

35 2518 55 2532 τ-
123 2490 252 2542 Nihil
277 2493 437 2540 autem'
462 2496 691 2541 reducitur
716 2497 770 2540 ab
799 2495 952 2555 aliquo
979 2496 1034 2540 de
1060 2496 1263 2554 potentia
1298 2497 1344 2539 in
1379 2506 1532 2540 actum
1566 2496 1654 2540 nisi
1684 2510 1763 2555 per
1794 2496 1839 2539 id
1866 2496 1988 2555 quod
2014 2505 2084 2540 est

13 2578 45 2618 ἢ
123 2573 241 2608 actu.
274 2563 472 2622 Oportet
503 2577 613 2622 ergo
646 2577 785 2608 omne
818 2577 958 2622 agens
990 2572 1035 2607 et
1065 2577 1258 2607 movens
1290 2577 1389 2607 esse
1421 2564 1467 2607 in
1500 2562 1653 2622 aliquo
1685 2563 1828 2608 modo
1862 2572 1980 2617 actu,
2017 2577 2084 2607 re-

30 2629 54 2673 ἑ
125 2639 281 2690 spectu
307 2642 468 2674 eorum
492 2630 548 2674 ad
574 2644 689 2689 quae
714 2636 899 2690 passum
926 2640 970 2674 et
989 2639 1171 2674 motum
1189 2641 1257 2674 est
1276 2630 1323 2674 in
1339 2630 1555 2689 potentia.
1577 2630 1785 2689 Corpora
1812 2639 1966 2674 autem
1983 2643 2085 2675 coe-

0 2715 1 2737 ;
42 2715 58 2730 ν
124 2695 255 2741 lestia
269 2710 364 2741 non
381 2706 484 2741 sunt
501 2707 604 2741 actu
622 2697 937 2756 intelligibilia,
957 2711 1063 2741 cum
1082 2698 1170 2741 sint
1191 2697 1417 2756 quaedam
1434 2696 1680 2755 singularia
1697 2697 1940 2742 sensibilia.
1960 2698 2083 2742 Cum

123 2758 540 2823 igitur'intellectus
566 2773 723 2809 noster
745 2778 841 2808 non
866 2764 924 2808 sit
947 2764 993 2808 in
1026 2765 1229 2823 potentia
1251 2764 1338 2808 nisi
1370 2765 1425 2808 ad
1458 2764 1759 2821 intelligibilia
1784 2765 1830 2808 in
1858 2775 1974 2823 actu,
2002 2765 2084 2809 im-

43 2815 54 2886 ¹j
125 2827 342 2890 possibile
367 2839 434 2875 est
459 2831 582 2889 quod
617 2844 808 2890 corpora
841 2830 1057 2875 coelestia
1083 2831 1251 2875 directe
1279 2841 1417 2889 agant
1441 2831 1487 2874 in
1519 2830 1814 2876 intellectum.

55 2894 57 2896 ’
218 2896 405 2941 Adhuc:
433 2897 614 2956 propria
641 2898 846 2956 operatio
872 2897 939 2942 rei
972 2898 1263 2956 consequitur
1287 2907 1498 2942 naturam
1523 2898 1677 2957 ipsius,
1704 2913 1819 2957 quae
1852 2898 1985 2944 rebus
2011 2905 2084 2958 ge-

0 2965 5 2994 ²=
126 2964 295 3008 neratis
310 2977 389 3023 per
405 2965 748 3023 generationem
770 2964 1014 3023 acquiritur
1031 2963 1167 3008 simul
1185 2978 1290 3008 cum
1308 2965 1489 3023 propria
1515 2965 1795 3024 operatione,
1822 2966 1939 3010 sicut
1961 2974 2085 3025 patet

5 3042 7 3044 ·
63 3026 70 3059 i
128 3030 194 3075 de,
210 3031 337 3090 gravi
355 3039 399 3075 et
423 3030 528 3085 levi,
554 3045 671 3090 quae
697 3031 866 3075 habent
889 3031 1042 3075 statim
1068 3031 1302 3090 proprium
1329 3041 1508 3076 motum
1529 3032 1576 3075 in
1598 3033 1795 3076 termino
1817 3046 1926 3076 suae
1952 3047 2086 3091 gene·

55 3093 70 3161 [J
128 3097 330 3154 rationis,
355 3097 442 3142 nisi
474 3098 533 3141 sit
573 3097 741 3156 aliquid
776 3097 1044 3156 impediens,
1077 3098 1252 3142 ratione
1279 3099 1406 3156 cujus
1434 3112 1655 3157 generans
1681 3099 1843 3143 dicitur
1875 3113 2082 3144 movens.

65 3174 74 3194 ἢ
127 3163 243 3208 Illud
270 3177 379 3222 ergo
405 3163 526 3223 quod
553 3164 807 3208 secundum
829 3165 1101 3223 principium
1128 3179 1236 3210 suae
1252 3175 1442 3209 naturae
1460 3179 1553 3209 non
1577 3176 1644 3210 est
1669 3166 1923 3223 subiectum
1947 3167 2085 3211 actio·

127 3230 259 3275 nibus
285 3243 531 3288 corporum
558 3230 840 3284 coelestium,
866 3245 1014 3290 neque
1033 3231 1284 3277 secundum
1307 3245 1438 3276 suam
1464 3232 1780 3291 operationem
1805 3242 1954 3291 potest
1979 3246 2078 3278 esse

127 3297 168 3341 ei
194 3296 462 3354 subjectum.
490 3297 600 3340 Pars
634 3307 787 3341 autem
818 3296 1095 3343 intellectiva
1126 3313 1220 3343 non
1258 3309 1468 3342 causatur
1507 3300 1559 3342 ab
1600 3299 1822 3357 aliquibus
1849 3300 2080 3358 principiis

61 3364 70 3418 *f
130 3363 456 3423 corporalibus,
477 3363 557 3408 sed
584 3373 652 3408 est
682 3364 873 3408 omnino
901 3365 954 3408 ab
982 3367 1252 3419 extrinseco,
1278 3375 1326 3409 ut
1352 3379 1487 3424 supra
1513 3365 1633 3424 (Lib.
1661 3366 1716 3408 II.
1741 3379 1778 3409 c.
1803 3366 1874 3422 87.
1901 3375 1946 3410 et
1967 3367 2082 3425 seq.)

63 3464 82 3488 4
131 3440 197 3474 est
222 3429 476 3488 probatum.
498 3430 719 3489 Operatio
735 3431 871 3490 igitur
886 3431 1143 3476 intellectus
1164 3446 1258 3475 non
1284 3432 1485 3490 subjacet
1510 3432 1679 3477 directe
1696 3431 1960 3490 corporibus
1982 3446 2084 3477 coe-

72 3505 79 3540 5
130 3494 331 3541 lestibus.

13 3623 14 3628 1
48 3562 85 3627 „³
217 3561 449 3622 Amplius:
477 3576 532 3608 ea
556 3577 673 3622 quae
705 3574 947 3610 causantur
972 3578 1026 3610 ex
1059 3564 1258 3610 motibus
1291 3563 1562 3610 coelestibus
1592 3567 1789 3624 tempori
1815 3565 2081 3621 subduntur,

63 3638 77 3693 ³3·
132 3628 255 3688 quod
280 3638 348 3676 est
369 3642 588 3675 numerus
618 3629 754 3690 primi
784 3640 937 3677 motus
969 3630 1192 3677 coelestis.
1223 3631 1358 3685 Quae
1382 3631 1520 3691 igitur
1546 3632 1738 3677 omnino
1765 3632 2084 3678 abstrahuntur
