2332 3854
752 251 907 296 LIBER
944 255 1022 295 111.
1063 255 1182 295 cai».
1223 254 1389 295 van.
1938 242 2040 313 381

88 358 259 419 ignem.
278 357 373 408 Sed
391 357 544 404 omnIs
560 356 806 417 applicatio
822 357 999 403 virtutis
1016 358 1071 402 ad
1089 351 1409 418 operationem
1422 367 1491 403 est
1506 358 1813 418 principaliter
1833 369 1880 404 et
1894 361 2050 419 primo-

91 439 118 470 a
145 426 264 470 Deo.
300 424 600 485 Applicantur
634 425 757 468 enim
797 425 983 469 virtutes
1015 425 1278 483 operativae
1313 425 1370 472 ad
1406 424 1612 485 proprias
1644 425 1933 485 operationes
1965 440 2044 486 per

12 499 14 502 ’
89 491 290 552 aliquem
307 503 486 537 motum
502 491 577 536 vel
594 491 814 550 corporis,
827 491 902 535 vel
919 492 1112 536 animae.
1125 492 1332 536 Primum
1350 501 1503 537 autern
1519 492 1791 552 principium
1808 491 2041 552 utriusque

0 569 8 609 ζ,
88 568 243 604 motus
260 569 329 604 est
344 559 494 614 Deus;
521 567 589 603 est
604 558 727 602 enim
743 558 942 616 primum
960 572 1151 603 movens
1168 560 1362 603 omnino
1377 558 1629 613 immobile,
1649 569 1698 603 ut
1714 573 1847 619 supr-a
1865 560 1984 616 (Lib.
2007 561 2042 605 Ι.

0 618 10 639 γ’
89 639 132 671 ο.
160 625 251 684 13.)
283 636 517 670 ostensum
554 634 634 669 est.
670 623 888 668 Similiter
921 634 965 668 et
1000 626 1151 669 omnis
1185 636 1338 673 motus
1361 625 1621 679 voluntatis,
1648 639 1741 685 quo
1758 626 2055 685 applicantur·

90 691 268 752 aliquae
300 693 486 736 virtutes
521 692 578 736 ad
609 692 906 750 operandum,
933 692 1159 735 reducitur
1184 692 1230 736 in
1256 693 1409 736 Deum
1435 693 1552 737 sicut
1578 694 1623 736 in
1649 693 1847 752 primurn
1871 693 2042 752 appeti-

86 756 192 813 bile,
217 768 264 803 et
288 761 485 817 primurn
521 758 767 802 volentem.
804 757 970 803 Omnis
996 759 1133 817 igitur
1169 759 1374 817 operatio
1406 759 1540 804 debet
1575 759 1754 804 attribui
1789 759 1892 807 Deo
1924 760 2042 805 sicut

86 827 235 885 primo
262 834 309 869 et
330 824 568 884 principali
596 824 761 883 agenti.

175 891 364 936 Adhuc:
383 891 430 934 in
449 891 659 935 omnibus
678 891 824 935 causis
845 891 1078 949 agentibus
1103 892 1319 936 ordinatis
1338 906 1520 952 semper
1537 902 1717 952 oportet
1733 893 1855 951 quod
1874 906 2042 939 causae

0 947 10 1014 ξ
85 967 324 1017 sequentes
346 967 483 1016 agant
507 960 553 1001 in
578 958 742 1002 virtute
768 971 932 1001 causae
950 958 1138 1016 primae,
1161 959 1277 1002 sicut
1298 959 1343 1002 in
1371 960 1501 1003 rebus
1527 959 1820 1012 naturalibus,
1844 973 2039 1018 corpora

53 1073 58 1079 ,
85 1023 300 1069 inferiora
325 1034 466 1079 agunt
483 1025 527 1067 in
553 1024 716 1067 virtute
734 1037 979 1082 corporum
997 1025 1281 1078 coelestium,
1308 1035 1353 1069 et
1369 1026 1415 1068 in
1434 1026 1566 1069 rebus
1589 1026 1856 1071 voluntariis
1876 1040 2039 1074 omnes

0 1113 10 1146 ε,
87 1089 281 1135 artifices
304 1090 542 1135 inferiores
568 1101 813 1149 oper-antur
839 1092 1088 1134 secundum
1117 1092 1359 1149 imperium
1390 1089 1953 1150 supremi'architectonis.
1986 1093 2039 1139 In

0 1165 13 1214 fi
86 1157 244 1205 ordine
264 1168 417 1202 autem
443 1152 683 1201 causarum
711 1158 943 1216 agentium
970 1158 1095 1202 Deus
1114 1168 1182 1202 est
1205 1159 1351 1218 prima
1378 1173 1531 1213 causa,
1551 1169 1601 1203 ut
1625 1159 1670 1203 in
1688 1160 1840 1218 primo
1864 1161 1926 1218 (c.
1949 1160 2039 1218 13.)

85 1233 323 1275 ostensum
342 1234 423 1269 est.
455 1225 578 1283 Ergo
605 1238 767 1268 omnes
795 1239 958 1268 causae
984 1225 1219 1269 inferiores
1247 1236 1433 1284 agen-tes
1460 1236 1599 1285 agunt
1615 1227 1660 1269 in
1692 1227 1857 1271 virtute
1882 1227 2036 1285 ipsius.

86 1290 241 1336 Causa
274 1301 427 1335 autem
465 1291 657 1335 actionis
694 1292 841 1349 magis
879 1301 946 1335 est
980 1291 1025 1335 id
1059 1294 1185 1349 cujus
1214 1292 1378 1336 virtu-te
1405 1292 1566 1351 agitur,
1593 1306 1731 1351 quarn
1758 1294 1897 1347 etiam
1927 1292 2040 1337 illud

0 1382 10 1413 μ’
84 1357 207 1418 quod
232 1357 343 1416 agit,
368 1358 486 1402 sicut
510 1357 758 1417 principale
777 1372 916 1416 agens
935 1359 1083 1417 magis
1101 1359 1194 1416 agit
1210 1373 1349 1418 quarn
1370 1359 1736 1404 instrumentum.
1760 1360 1886 1404 Deus
1902 1359 2040 1418 igitur

83 1420 377 1483 principalius
393 1434 462 1468 est
479 1438 615 1469 causa
632 1425 872 1482 cujuslibet
891 1425 1082 1469 actionis
1101 1439 1237 1484 quam
1257 1428 1394 1470 etiam
1412 1426 1638 1470 secund—ae
1656 1440 1822 1471 causae
1837 1436 2038 1485 agentes.

0 1533 6 1550 ,
169 1490 309 1534 Item:
333 1504 472 1536 omne
489 1505 683 1550 operans
709 1505 788 1550 per
804 1505 933 1535 suam
960 1493 1276 1550 operationem
1294 1492 1528 1536 ordinatu-r
1554 1493 1609 1537 ad
1635 1493 1776 1538 finem
1803 1493 2030 1538 ultimum.

0 1551 6 1603 ἱ
83 1556 281 1615 oportet
305 1567 463 1602 autem·
491 1558 612 1617 quod
644 1558 717 1601 vel
748 1558 953 1616 operatio
975 1559 1073 1616 ipsa
1098 1558 1155 1602 sit
1184 1558 1302 1612 finis,
1327 1558 1403 1603 vel
1425 1569 1664 1618 operatum
1691 1561 1815 1619 quod
1841 1570 1908 1605 est
1930 1574 2036 1619 ope·

3 1628 16 1653 ²
82 1623 269 1668 rationis
291 1623 492 1669 effectus.
522 1624 749 1669 Ordinare
772 1634 924 1669 autem
941 1638 1015 1668 res
1038 1625 1083 1668 in
1101 1625 1240 1669 finem
1259 1637 1326 1669 est
1342 1626 1481 1684 ipsius
1502 1626 1604 1680 Dei,
1631 1636 1679 1671 ut
1704 1641 1837 1685 supra
1854 1628 1915 1685 (c.
1942 1626 2040 1685 64.)

82 1699 315 1735 ostensum
347 1701 427 1736 est.
463 1690 662 1750 Oportet
691 1691 828 1750 igitur
861 1692 1010 1735 dicere
1043 1692 1165 1750 quod
1202 1705 1341 1736 omne
1378 1706 1518 1750 agens
1548 1695 1713 1737 virtute
1735 1693 1887 1737 divina
1915 1704 2034 1752 agat.

16 1789 19 1795 -
82 1756 185 1817 Ipse
210 1767 279 1802 est
309 1757 446 1816 igitur
470 1758 547 1816 qui
579 1768 646 1803 est
672 1772 813 1801 causa
843 1758 1036 1802 actionis
1058 1760 1265 1802 omnium
1293 1772 1459 1803 rerum.

11 1820 13 1822 ’
135 1855 136 1858 =
171 1824 294 1868 Hinc
316 1834 384 1868 est
408 1825 530 1883 quod
557 1825 721 1868 dicitur
742 1825 848 1882 (Isa.
870 1824 1037 1870 XXVI.
1071 1826 1184 1882 12.):
1216 1826 1374 1871 Omnia
1400 1834 1530 1884 opera
1553 1832 1744 1886 operatus
1773 1841 1811 1872 es
1835 1829 1881 1870 in
1904 1829 2038 1883 nobis,

81 1891 292 1943 Damam
321 1901 366 1936 et
381 1891 470 1949 (Jo.
492 1890 591 1935 XV.
623 1892 704 1949 5.):
725 1892 823 1936 SIne
845 1907 908 1936 me
929 1893 1036 1936 nihil
1053 1894 1218 1951 potestis
1233 1893 1405 1951 sacer&
1428 1903 1473 1937 et
1490 1893 1675 1952 (Philip.
1694 1894 1749 1938 11.
1783 1893 1896 1952 13.):
1923 1893 2038 1940 Deus

80 1963 138 2003 est
151 1959 224 2015 qui
244 1964 446 2017 operatur
465 1959 511 2001 in
532 1960 649 2002 nobis
679 1959 781 2002 velle
811 1965 849 2003 et
870 1959 1065 2016 perficere
1077 1968 1159 2017 pro
1186 1961 1292 2003 bona
1308 1961 1535 2004 voluntate.
1558 1960 1614 2007 Et
1640 1961 1726 2003 hac
1754 1961 1930 2005 ratione
1955 1961 2038 2006 fre-

0 2015 23 2061 ῗ·“
81 2033 272 2083 quenter
286 2024 330 2067 in
349 2023 592 2083 Scripturis
608 2034 797 2068 naturae
814 2023 1000 2069 effectus
1022 2026 1278 2083 operationi
1301 2027 1481 2072 divinae
1505 2027 1805 2070 attribuuntur
1820 2028 1926 2086 quia
1940 2029 2036 2086 ipse

81 2100 151 2134 est
174 2091 255 2149 qui>
272 2101 486 2149 operatur
505 2092 550 2134 in
573 2092 701 2134 omni
722 2102 938 2150 operante
955 2106 1034 2150 per
1050 2103 1258 2136 naturam
1275 2092 1348 2136 vel
1370 2108 1449 2152 per
1465 2093 1763 2147 voluntatem,
1781 2094 1899 2138 sicut
1923 2094 2036 2139 illud

80 2156 186 2217 (Job
207 2156 262 2200 X.
285 2170 349 2202 10.
369 2167 413 2201 et
435 2171 450 2201 1
464 2157 542 2214 1.):
563 2159 710 2202 Nonne
734 2160 837 2203 sicut
857 2159 923 2203 lac
944 2160 1118 2203 mulsisti
1134 2175 1196 2203 me
1218 2166 1255 2204 et
1275 2162 1380 2204 sicut
1396 2174 1556 2204 caseum
1578 2176 1642 2204 me
1660 2161 1890 2217 coagulasti
1903 2162 2041 2220 Ῡρεὶῒι

79 2226 339 2270 “carnibus
353 2226 508 2269 vestisti
527 2240 607 2279 me,
631 2226 782 2269 ossibus
812 2232 851 2270 et
871 2227 1011 2270 nervis
1035 2228 1269 2285 compegisti
1293 2241 1385 2278 me,·
1408 2237 1453 2270 et
1478 2226 1619 2285 (Psal.
1647 2227 1790 2271 XVII.
1825 2231 1934 2283 14.):
1967 2229 2038 2273 In·

17 2302 41 2350 -ζ
86 2292 226 2336 m
242 2290 292 2336 de
316 2291 427 2336 coelo
450 2291 662 2336 Dominus
682 2298 721 2337 et
740 2292 977 2336 Altissimus
1001 2292 1111 2337 dedit
1128 2307 1273 2337 vocem
1293 2308 1428 2348 suam,
1449 2294 1611 2352 grando
1639 2300 1677 2339 et
1701 2295 1897 2339 carbones
1916 2296 2039 2354 ignis.

786 2469 1040 2528 CAPUT
1082 2471 1338 2528 LXVIII.

335 2605 494 2659 QUOD
535 2606 680 2647 DEUS
708 2606 817 2650 vEST
859 2606 1064 2654 UBlQUE
1103 2606 1175 2645 ET
1215 2606 1271 2645 IN
1312 2605 1554 2646 OMNIBUS
1595 2606 1782 2649 REBUS.

268 2708 327 2766 (t.
345 2712 460 2766 part.
482 2713 630 2766 quaest.
663 2707 779 2752 VIII.
801 2714 883 2753 art.
907 2723 942 2752 ι.
969 2713 1006 2752 et
1025 2708 1061 2752 Ι.
1090 2707 1201 2753 Sent.
1227 2707 1317 2752 dist.
1341 2721 1402 2767 17.
1430 2714 1582 2766 quaest.
1608 2709 1642 2752 I.
1670 2714 1750 2752 art.
1776 2707 1845 2764 1.)-

35 2840 37 2843 >
170 2818 352 2878 Euhoe
374 2827 528 2863 autem
549 2826 735 2877 apparet
759 2817 882 2861 duod
906 2818 1058 2862 Deum
1081 2831 1268 2862 necesse
1289 2827 1357 2862 est
1383 2831 1481 2862 esse
1502 2818 1670 2876 ubique
1693 2828 1737 2863 et
1757 2818 1808 2862 in
1823 2818 2035 2863 omnibus

83 2885 230 2931 oeboe.

31 2957 45 2986 ἱ·
170 2952 363 2996 Movens
380 2951 502 2996 enim
520 2961 564 2996 et
581 2960 759 2995 motum
777 2960 955 3010 oportet
976 2950 1112 2995 simul
1129 2965 1242 3005 esse,
1260 2961 1308 2995 ut
1322 2950 1483 3010 probat
1495 2950 1804 3010 Philosophus
1818 2951 2035 3011 (septimo

80 3018 263 3079 Pity-sic.
284 3028 316 3062 t.
339 3033 378 3063 c.
401 3018 480 3075 8.).
506 3018 632 3062 Deus
658 3027 808 3062 autem
833 3018 990 3061 omnia
1007 3027 1165 3062 movet
1195 3018 1252 3062 ad
1274 3032 1380 3062 suas
1401 3017 1703 3076 operationes,
1726 3028 1777 3063 ut
1796 3027 2035 3063 ostensum

1 3096 43 3145 3¹
82 3094 151 3130 eat
173 3085 235 3143 (c.
260 3082 370 3142 67.).
395 3085 476 3129 Est
500 3084 636 3143 igitur
660 3084 709 3127 in
735 3085 947 3128 omnibus
972 3085 1118 3129 rebus.

135 3187 139 3190 ,
167 3151 309 3196 Item:
335 3165 474 3195 omne
496 3151 618 3210 quod
636 3161 704 3195 est
728 3150 775 3194 in
797 3150 902 3195 loco
923 3150 999 3195 vel
1014 3152 1065 3194 in.
1077 3165 1125 3195 re
1143 3165 1432 3210 quacumque
1454 3150 1607 3210 aliquo
1639 3151 1781 3195 modo
1808 3152 2035 3212 contingit

81 3216 251 3278 ipsam
276 3231 349 3262 res
374 3218 498 3262 enim
532 3230 753 3276 corporea
784 3227 853 3261 est
876 3219 922 3261 in
949 3217 1102 3275 aliquo
1129 3218 1245 3261 sicut
1270 3218 1315 3261 in
1347 3217 1455 3261 loco
1487 3218 1739 3262 secundum
1768 3229 2035 3264 contactum

80 3284 341 3344 quantitatis
366 3284 658 3329 dimensivae.
676 3284 766 3328 Res
784 3294 935 3328 autem
952 3285 1222 3343 incorporea
1241 3285 1284 3327 in
1305 3284 1458 3359 aliq-uo
1476 3298 1574 3328 esse
1601 3284 1763 3328 dicitur
1783 3285 2036 3329 secundum

4 3359 343 3414 offigssomctum
377 3351 569 3403 virtutis,
601 3364 745 3409 quum
775 3361 926 3394 careat
957 3351 1208 3394 dimensiva
1246 3351 1510 3409 quantitate.
1539 3350 1615 3394 Sic
1651 3351 1790 3408 igitur
1819 3364 1868 3395 se
1899 3351 2037 3396 habet

21 3404 62 3470 ῗῗ
75 3411 448 3476 ᾖαίιιεοτροτεα
474 3418 529 3461 ad
561 3417 651 3461 hoc
684 3417 806 3475 quod
831 3417 950 3461 sitin
978 3417 1131 3476 aliquo
1157 3431 1236 3476 per
1267 3418 1480 3462 virtutem
1507 3431 1653 3470 suam,
1679 3417 1796 3462 sicut
1826 3431 1876 3462 se
1900 3417 2038 3463 habet

46 3483 51 3493 ’
84 3488 166 3528 ἴα
182 3496 403 3544 corporea
425 3484 481 3528 ad
506 3483 596 3528 hoc
624 3483 748 3543 quod
773 3483 830 3528 sit
850 3485 896 3528 in
924 3483 1077 3561 aliqu-o
1104 3498 1182 3543 per
1205 3484 1505 3543 quantitatem
1531 3484 1848 3529 dimensivam.
1883 3484 1934 3528 Si
1955 3499 2034 3528 au-

87 3549 179 3594 m
191 3561 312 3596 esset
326 3550 511 3610 aliquod
529 3563 694 3610 corpus
709 3551 881 3595 habens
898 3551 1198 3611 quantitatem
1216 3551 1519 3595 dimensivam
1545 3550 1788 3604 infinitam,
1805 3561 2038 3610 oporteret

88 3611 199 3660 nm
218 3622 319 3682 esse
347 3618 527 3677 ubique.
554 3616 690 3676 Ergo,
715 3617 755 3661 si
779 3618 836 3662 sit
867 3617 1018 3677 aliqua
1042 3631 1115 3662 res
1145 3618 1417 3677 incorporea
1442 3617 1615 3663 habens
1646 3618 1861 3663 virtutem
1891 3617 2036 3663 infini-
