2332 3854
797 253 799 255 Ι
839 195 994 235 Lmen
1033 193 1089 234 ιτ.
1132 194 1252 234 cAP.
1296 193 1443 233 Lvm.
2011 195 2108 248 197

156 296 331 342 dicatur
361 295 417 342 de
450 294 649 350 animali,
672 292 751 341 seu
773 310 797 341 e
825 310 1063 342 converso.
1097 297 1153 342 Et
1177 297 1342 342 iterum
1367 309 1458 340 non
1485 295 1666 356 ponitur
1686 295 1940 353 subiectum
1963 295 2008 338 in
2032 295 2113 339 dif-

154 362 357 423 finitione
388 363 652 423 praedicati,
683 363 761 408 sed
794 377 818 407 e
860 377 1098 409 converso.
1130 364 1239 409 Non
1279 364 1414 422 igitur
1455 362 1713 421 praedictae
1753 362 2113 419 praedicationes

154 430 364 476 &cuntur
395 444 474 490 per
505 443 567 484 se,
599 430 776 474 ratione
809 430 918 475 dicti
949 431 1134 475 ordinis.

224 497 506 542 2Praeterea:
538 497 592 541 ab
624 497 791 541 eodem
818 496 985 555 aliquid
1012 498 1149 541 habet
1173 511 1286 551 esse,
1319 505 1364 541 et
1394 495 1641 549 unitatem3
1674 508 1816 539 unum
1849 495 1971 538 enim
2005 507 2116 538 con-

54 597 79 617 Α,
153 562 354 625 §equitur
387 565 442 609 ad
475 578 568 610 ens.
604 564 723 610 Cum
757 564 891 624 igitur
924 579 948 608 a
980 564 1129 609 forma
1162 578 1460 623 unaquaeque
1486 578 1557 608 res
1580 563 1745 606 habeat
1771 575 1884 616 esse,
1912 576 1937 604 a
1963 561 2112 605 forma

152 630 290 677 etiam
321 631 504 676 habebit
535 631 770 676 unitatem.
805 631 855 675 Si
886 632 1023 690 igitur
1055 642 1282 690 ponantur
1313 633 1357 675 in
1389 631 1579 674 homine
1605 629 1755 688 plures
1785 629 1964 672 animae
1995 629 2113 671 sicut

67 743 69 745 ,
151 697 356 744 diversae
381 697 573 754 formae,
604 698 750 742 homo
775 711 867 742 non
895 700 980 742 erit
1005 712 1147 741 unum
1174 711 1268 751 ens,
1301 698 1379 741 sed
1407 697 1558 756 plura:
1592 710 1676 740 nec
1704 695 1759 740 ad
1786 697 2007 739 unitatem
2033 695 2113 738 ho-

65 760 80 806 *ss
150 758 286 810 minis
318 763 432 810 ordo
464 764 717 810 formarum
744 763 949 819 sufficiet,
983 766 1086 823 quia
1110 777 1208 808 esse
1243 778 1384 807 unum
1408 763 1663 808 secundum
1693 762 1901 807 ordinem
1926 775 2023 805 non
2045 770 2113 806 est

58 837 64 844 “
150 832 248 876 esse
279 843 423 876 unum
453 831 730 890 simpliciter,
761 844 868 874 cum
900 831 1048 874 unitas
1081 830 1252 874 ordinis
1284 830 1341 874 sit
1372 830 1563 873 minima
1600 829 1839 874 unitatum.

159 903 164 923 ³
235 897 384 943 item:
407 898 556 942 adhuc
587 897 749 942 redibit
779 898 1062 956 praedictum
1095 897 1433 951 inconveniens,
1467 907 1515 941 ut
1546 896 1721 941 scilicet
1758 910 1813 940 ex
1855 895 2009 939 anima
2044 895 2112 938 in-

148 962 392 1018 tellectiva,
434 974 477 1010 et
523 978 714 1024 corpore
746 978 840 1007 non
877 964 954 1007 fiat
989 978 1131 1008 unum
1169 963 1448 1022 simpliciter,
1486 963 1564 1007 sed
1607 963 1859 1007 secundum
1901 961 2113 1005 accidens

147 1036 350 1085 tanturm
381 1042 520 1075 omne
553 1032 675 1075 enim
709 1031 831 1090 quod
865 1031 1046 1075 advenit
1079 1030 1214 1074 alicui
1241 1039 1346 1088 post
1384 1043 1483 1074 esse
1525 1028 1822 1088 completum,
1855 1027 2037 1072 advenit
2069 1028 2113 1072 ei

149 1097 499 1151 accidentaliter,
532 1110 637 1142 cum
670 1098 727 1142 sit
758 1107 881 1142 extra
923 1098 1167 1142 essentiam
1201 1098 1310 1155 ejuS.
1346 1096 1591 1148 Quaelibet
1635 1101 1787 1140 autem
1819 1094 1973 1139 forma
2012 1094 2114 1139 sub-

147 1163 367 1209 stantialis
397 1163 505 1208 facit
536 1177 617 1208 ens
651 1163 934 1223 completum
975 1165 1020 1207 in
1063 1177 1229 1222 genere
1257 1164 1556 1207 substantiae:
1592 1162 1699 1206 facit
1730 1162 1853 1209 enim
1881 1175 1960 1206 ens
1993 1170 2111 1216 actu,

80 1238 81 1241 ’
146 1233 193 1275 ct
213 1230 307 1276 hbe
340 1228 522 1290 aliquid.
558 1231 794 1290 Quidquid
826 1231 963 1289 igitur
994 1241 1098 1290 post
1119 1233 1314 1288 primam
1336 1230 1535 1274 formam
1560 1228 1903 1274 substantialem
1930 1227 2113 1272 advenit

50 1339 60 1342 Η
101 1348 103 1352 ,
145 1297 226 1351 rei,
260 1298 597 1343 accidentaliter
630 1299 852 1342 adveniet.
887 1298 1007 1342 Cum
1040 1298 1177 1356 igitur
1209 1298 1362 1341 anima
1388 1297 1601 1341 nutritiva
1634 1297 1692 1340 sit
1720 1295 1871 1340 forma
1905 1296 2115 1340 substan-

61 1359 74 1410 s
143 1363 270 1411 Salis
295 1366 473 1427 (vivum
505 1367 627 1409 enim
661 1365 1015 1409 substantialiter
1046 1366 1101 1409 de
1140 1365 1328 1408 homine
1370 1364 1667 1422 praedicatur,
1707 1372 1753 1407 et
1791 1363 1846 1406 de
1889 1362 2111 1419 animali),

54 1428 83 1478 ’Ξῖ
145 1432 346 1491 §equitur
366 1432 489 1491 quod
516 1432 669 1476 anima
691 1432 904 1476 sensitiva
924 1431 1135 1475 adveniat
1152 1430 1503 1484 accidentaliter,
1521 1441 1564 1474 et
1586 1430 1793 1474 similiter
1811 1428 2110 1474 intellectiva:

59 1513 80 1557 ,31
145 1505 196 1543 etv
222 1497 287 1543 sic
317 1511 467 1558 neque
496 1498 680 1553 animal,
713 1511 860 1557 neque
892 1498 1038 1542 homo
1070 1497 1329 1556 significant
1360 1511 1503 1541 unum
1539 1496 1819 1556 simpliciter,
1850 1509 1999 1555 neque
2036 1494 2115 1540 ali-

144 1565 268 1625 quod
301 1578 459 1625 genus,
492 1576 568 1610 aut
598 1567 773 1624 species
805 1566 851 1609 in
883 1565 1252 1625 praedicamento
1286 1564 1575 1608 substantiae.

66 1661 76 1692 ,3
163 1634 165 1636 ’
233 1632 470 1692 Amplius:
501 1633 538 1677 si
570 1632 730 1686 homo,
762 1632 1012 1676 secundum
1045 1630 1248 1675 Platonis
1281 1633 1566 1684 sententiam,
1607 1644 1702 1674 non
1744 1639 1812 1674 est
1853 1628 2021 1688 aliquid
2054 1643 2109 1673 ex

67 1703 112 1759 εξ),
145 1699 298 1743 anima
330 1709 375 1744 et
405 1712 597 1757 corpore
630 1701 953 1758 compositum,
985 1698 1063 1743 sed
1097 1708 1166 1743 est
1197 1698 1349 1742 anima
1381 1708 1512 1742 utens
1546 1711 1767 1756 corpore;
1811 1705 1887 1740 aut
1923 1697 2015 1740 hoc
2047 1696 2112 1739 in-

142 1754 362 1824 telligimr
392 1765 543 1811 solum
577 1766 632 1810 de
667 1765 819 1809 anima
844 1765 1133 1819 intellectiva,
1167 1774 1243 1808 aut
1275 1766 1341 1809 de
1362 1765 1503 1808 tribus
1532 1765 1783 1818 animabus,
1815 1764 1852 1808 si
1878 1773 1968 1807 tres
1990 1772 2109 1817 sunt,

85 1872 89 1874 ,
145 1832 239 1878 sive
271 1832 327 1877 de
358 1832 531 1878 duabus
564 1847 734 1877 earum.
770 1832 819 1876 Si
852 1842 1004 1877 autem
1028 1833 1082 1876 de
1102 1832 1258 1886 tribus,
1280 1831 1354 1875 vel
1376 1831 1564 1885 duabus,
1587 1832 1790 1890 sequitur
1820 1830 1941 1890 quod
1963 1830 2109 1874 homo

70 1896 88 1929 2
144 1911 239 1943 non
268 1899 328 1944 ¹sit:
357 1913 516 1954 unum,
549 1900 627 1944 sed
660 1899 766 1954 duo,
798 1899 872 1943 vel
897 1900 1006 1954 tria;
1035 1908 1102 1944 est
1129 1899 1249 1943 enim
1277 1908 1367 1943 tres
1395 1899 1590 1952 animae,
1612 1898 1685 1942 vel
1713 1897 1875 1942 saltem
1902 1897 2031 1940 duae.
2061 1896 2111 1940 Si

69 2010 74 2028 2
145 1970 299 2012 autem
329 1966 422 2012 hoc
453 1966 732 2025 intelligatur
764 1966 820 2010 de
853 1967 1006 2010 anima
1032 1966 1307 2011 intellectiva
1333 1975 1528 2020 tanturn,
1549 1968 1612 2009 ita
1637 1965 1811 2009 scilicet
1833 1963 1956 2024 quod
1982 1963 2111 2008 intel-

8 2058 12 2064 ·
75 2024 83 2096 [3
141 2033 309 2093 figatur
339 2034 492 2079 anima
513 2036 727 2080 sensitiva
749 2049 848 2079 esse
874 2034 1024 2080 forma
1051 2035 1269 2094 corporis,
1292 2045 1337 2079 et
1359 2035 1511 2078 anima
1536 2033 1829 2088 intellectiva,
1855 2044 1985 2077 utens
2016 2047 2111 2078 cor-

8 2136 11 2146 ,
142 2101 256 2161 pore
297 2101 516 2158 animato,
558 2112 603 2147 et
644 2101 915 2157 sensificato‚
958 2102 1014 2146 sit
1051 2102 1212 2156 horno,
1255 2111 1498 2160 sequentur
1537 2101 1685 2145 adhuc
1727 2100 2108 2155 inconvenientia,

141 2167 316 2212 scilicet
355 2169 478 2228 quod
514 2169 657 2213 homo
689 2183 783 2213 non
816 2169 873 2213 sit
905 2168 1088 2223 animal,
1121 2168 1199 2213 sed
1232 2178 1382 2213 utatur
1414 2167 1621 2212 animali:
1653 2182 1762 2211 nam
1795 2182 1873 2227 per
1905 2167 2107 2211 animam

141 2235 406 2280 sensitivam
439 2235 607 2295 aliquid
639 2246 707 2280 est
738 2235 931 2290 animal;
970 2246 1015 2280 et
1060 2235 1183 2312 quod
1224 2235 1370 2279 homo
1410 2249 1505 2279 non
1543 2236 1718 2288 sentiat,
1760 2235 1837 2279 sed
1880 2244 2030 2279 utatur
2059 2249 2108 2279 re

94 2301 386 2353 sentiente:
419 2316 537 2362 quae
570 2317 676 2347 cum
707 2303 796 2347 sint
827 2302 1212 2356 inconvenientia,
1246 2301 1526 2362 impossibile
1560 2311 1626 2346 est
1658 2313 1747 2346 tres
1791 2302 1965 2346 animas
2002 2302 2106 2346 sub-

73 2358 303 2417 danna
334 2368 592 2414 differentes
625 2383 725 2414 esse
757 2370 803 2413 in
835 2370 982 2426 nobis,
1023 2369 1365 2423 intellectivam,
1397 2370 1661 2414 sensitivam
1695 2379 1739 2413 et
1770 2370 2046 2413 nutritivam.

75 2485 103 2499 Ι,
192 2435 419 2480 Adhuc:
454 2451 507 2481 ex
540 2437 716 2481 duobus
743 2447 819 2481 aut
845 2436 1046 2496 pluribus
1071 2451 1164 2481 non
1193 2446 1344 2494 potest
1370 2436 1469 2481 fieri
1491 2451 1647 2491 unum,
1672 2436 1710 2480 si
1735 2451 1829 2479 non
1856 2436 1913 2480 sit
1938 2435 2106 2494 aliquid

140 2500 316 2557 umens,
348 2503 438 2547 nisi
468 2517 611 2547 unum
643 2517 803 2548 eorum
834 2518 884 2548 se
916 2504 1083 2548 habeat
1115 2504 1170 2548 ad
1204 2503 1397 2548 alterum
1425 2514 1474 2548 ut
1500 2514 1626 2548 actus
1660 2504 1715 2547 ad
1739 2504 2016 2562 potentiam:
2042 2505 2104 2548 sic

1 2608 2 2618 2
33 2619 43 2634 ⁸
140 2567 265 2613 mim
297 2583 353 2613 ex
382 2572 572 2614 materia
605 2580 652 2615 et
679 2569 829 2615 forma
860 2570 910 2615 fit
934 2585 1092 2624 unum,
1119 2570 1247 2615 nullo
1269 2571 1456 2615 vinculo
1490 2581 1703 2615 extraneo
1733 2586 1810 2615 eos
1846 2570 2103 2629 colligente.

0 2650 4 2708 Ι
140 2633 190 2679 Si
224 2645 376 2680 autem
404 2637 449 2681 in
481 2637 670 2682 homine
703 2638 791 2682 sint
823 2637 973 2697 plures
1007 2639 1200 2693 animae,
1233 2652 1326 2682 non
1360 2653 1407 2682 se
1440 2638 1607 2682 habent
1632 2638 1686 2682 ad
1714 2640 1909 2682 invicem
1938 2647 1987 2681 ut
2011 2652 2099 2682 ma·

142 2756 151 2767 θ
203 2698 240 2713 ‘'
274 2703 319 2747 et
341 2700 506 2759 forma,
534 2704 613 2748 sed
640 2717 802 2748 ornnes
829 2715 1060 2764 ponuntur
1085 2713 1132 2749 ut
1159 2715 1284 2749 actus
1312 2705 1513 2764 quidam,
1538 2715 1582 2749 et
1603 2704 1823 2763 principia
1846 2704 2103 2748 actionum:

139 2769 147 2782 ²
224 2767 326 2814 '‘'et
352 2769 502 2829 igitur,
535 2770 572 2815 si
605 2772 815 2816 uniantur
848 2771 903 2815 ad
936 2770 1196 2815 faciendum
1230 2770 1398 2830 aliquid
1431 2786 1589 2826 unum,
1622 2781 1728 2831 puta
1754 2771 2008 2830 hominem,
2033 2770 2103 2816 vel

68 2893 111 2903 ‚.,
203 2835 325 2891 imai,
356 2837 479 2895 quod
512 2838 568 2882 sit
601 2835 768 2897 aliquid
802 2838 976 2882 uniens.
1012 2838 1112 2883 Hoc
1147 2848 1299 2882 autem
1325 2853 1420 2882 non
1461 2849 1611 2898 potest
1651 2853 1750 2883 esse
1785 2853 1963 2898 corpus,
1997 2851 2102 2882 cum

0 2964 2 2968 ,
136 2901 286 2962 magis
302 2916 466 2963 corpus
488 2906 668 2948 uniatur
688 2918 769 2963 per
791 2905 1015 2949 animam·
1007 2906 1168 2963 ,cujus
1195 2907 1377 2964 signum
1402 2915 1469 2950 est
1490 2907 1626 2965 quod,
1650 2906 1911 2950 discedente
1935 2906 2102 2961 anima,

0 3020 1 3024 ,
65 2969 106 3034 ‘¹²32
136 2963 315 3039 &rpus
333 2968 608 3015 dissolvitur.
640 2971 926 3031 Relinquitur
957 2971 1093 3030 igitur
1125 2972 1246 3031 quod
1280 2983 1459 3031 oportet
1500 2971 1666 3032 aliquid
1708 2971 1946 3017 formalius
1986 2987 2100 3025 esse,

0 3055 1 3058 ¹
83 3035 102 3069 ἕ*
138 3026 267 3094 quod
289 3033 401 3082 facit
431 3050 485 3082 ex
516 3037 606 3082 illis
637 3037 838 3114 pluribus
869 3053 1035 3083 unum:
1070 3050 1112 3083 et
1138 3039 1228 3084 hoc
1256 3039 1403 3098 magis
1426 3041 1509 3083 erit
1532 3041 1683 3083 anima
1710 3054 1846 3098 quam
1870 3038 1946 3082 illa
1973 3039 2102 3098 plura

0 3120 2 3132 ³
139 3113 254 3161 quae
285 3116 364 3162 per
396 3104 543 3164 ipsum
575 3106 802 3150 uniuntur.
837 3105 887 3150 Si
919 3106 1055 3164 igitur
1084 3106 1175 3150 hoc
1208 3106 1371 3150 iterum
1407 3117 1472 3151 est
1503 3106 1676 3151 habens
1709 3116 1858 3165 partes
1886 3105 2100 3160 diversas,

140 3171 194 3213 et
212 3167 308 3214 tibn
339 3179 417 3215 est
438 3184 580 3215 unum
613 3173 863 3217 secundum
897 3187 966 3227 se,
1000 3183 1179 3232 oportet
1220 3173 1367 3218 adhuc
1412 3187 1509 3217 esse
1554 3173 1720 3232 aliquid
1764 3173 1937 3216 unienS.
1979 3172 2099 3241 Cum

20 3234 100 3301 {³³15
136 3219 286 3293 igitur
300 3236 395 3280 non
422 3236 479 3282 sit
505 3237 626 3282 abire
657 3238 703 3283 in
735 3238 976 3294 infinitum,
1009 3249 1188 3297 oportet
1219 3239 1429 3283 devenire
1473 3239 1526 3283 ad
1562 3240 1743 3298 aliquid,
1777 3239 1899 3298 quod
1933 3238 2005 3283 sit
2030 3251 2100 3284 se·-

63 3313 111 3366 333
138 3298 338 3357 efficium
364 3316 415 3347 se
430 3317 604 3359 ·;unum
632 3315 676 3349 et
699 3305 790 3350 hoc
818 3306 1016 3350 maxime
1043 3317 1111 3350 est
1137 3308 1302 3349 anima.
1329 3306 1529 3365 Oportet
1550 3306 1686 3364 igitur
1706 3307 1751 3350 in
1775 3319 1866 3350 uno
1893 3306 2098 3362 homine,

73 3374 106 3423 ζ’
135 3361 219 3412 ffi
235 3366 427 3425 animali
458 3380 596 3414 unam
627 3379 805 3416 tantum
838 3373 1038 3416 animam
1071 3386 1183 3417 esse.

76 3430 171 3484 313>
180 3431 375 3480 stein
392 3435 430 3480 si
462 3437 583 3495 quod
617 3446 685 3482 est
717 3445 771 3482 ex
802 3447 928 3497 parte
960 3440 1139 3483 animae
1171 3439 1217 3482 in
1249 3439 1452 3494 homine,
1489 3449 1557 3483 est
1587 3453 1641 3483 ex
1674 3438 1875 3498 pluribus
1907 3453 2095 3500 congre-

83 3501 311 3567 ssimm
334 3510 514 3560 oportet
547 3502 669 3563 quod
699 3503 817 3549 sicut
844 3514 995 3550 toturn
1027 3515 1358 3564 congregatum
1397 3520 1444 3550 se
1476 3505 1612 3551 habet
1646 3507 1701 3551 ad
1733 3516 1882 3551 totum
1919 3520 2096 3566 corpus,

79 3557 219 3611 §siu
214 3554 406 3626 singula
439 3567 497 3613 ad·
525 3569 727 3628 singulas
758 3580 906 3630 partes
939 3572 1328 3631 corpori31qu0d
1372 3571 1511 3616 etiam
1554 3587 1580 3618 a
1624 3573 1849 3633 positione
1891 3573 2095 3619 Platonis
