2332 3854
866 170 1019 211 LIBER
1059 170 1094 209 Ι.
1137 170 1258 210 CAP.
1297 168 1442 208 XLIV.
2068 169 2133 223 55

78 303 93 310 =
265 275 458 322 Adhuc·
487 274 612 319 idem
636 287 826 320 necesse
852 285 920 320 est
940 274 1068 334 sequi
1092 274 1132 320 si
1155 274 1234 319 fiat
1258 273 1463 320 reductio
1489 271 1731 316 mobilium
1762 285 1857 316 non
1880 271 1926 316 in
1949 272 2135 332 aliquod

81 333 114 391 ss4=
175 341 376 416 primum
402 354 593 386 movens
617 340 834 400 seipsum,
866 341 944 385 sed
976 341 1023 385 in
1055 355 1249 386 movens
1275 340 1466 385 omnino
1502 339 1767 393 immobile;
1791 352 1900 382 nam
1937 339 2136 398 primum

174 420 371 455 movens
395 417 464 452 est
488 405 743 452 universale
773 407 1047 466 principium
1069 418 1237 452 motus.
1265 407 1464 483 Oportet
1487 406 1625 465 igitur
1651 420 1754 450 cum
1778 418 1918 450 omne
1944 420 2136 451 movens

173 485 361 522 moveat
390 488 471 534 per
496 474 696 533 aliquam
721 472 919 518 formam
957 489 1095 532 quam
1128 474 1321 518 intendit
1350 474 1397 517 in
1433 473 1681 526 movendo,
1714 472 1836 531 quod
1872 471 2022 516 forma
2058 487 2137 532 per

85 537 136 604 s}
155 553 312 605 quam
324 550 480 585 movet
496 541 695 600 primum
713 554 904 584 movens
922 540 979 584 sit
992 541 1259 586 universalis
1275 540 1426 584 forma
1441 549 1486 584 et
1501 539 1756 584 universale
1768 539 1956 583 bonum.
1968 539 2136 583 Forma

173 615 326 657 autem
342 622 423 668 per
440 608 631 652 modum
654 606 958 652 universalem
975 621 1069 651 non
1088 607 1313 652 invenitur
1337 607 1424 651 nisi
1446 608 1491 651 in
1518 606 1776 661 intellectu3
1804 615 1984 665 oportet
2001 606 2136 665 igitur

172 675 373 736 primum
398 689 603 728 movens,
631 674 753 733 quod
779 674 906 718 Deus
933 684 1012 728 est,
1040 688 1138 718 esse
1165 673 1438 732 intelligens.

93 769 102 781 ·.
258 740 495 801 Amplius:
527 741 573 785 in
604 740 732 785 nullo
775 740 933 785 ordine
960 740 1247 784 moventium
1278 740 1505 784 invenitur
1531 740 1653 799 quod
1680 753 1872 784 movens
1899 754 1978 798 per
2009 738 2138 784 intel-

81 807 103 848 ’ῑὶ
170 807 342 854 lectum
359 808 417 853 sit
431 809 782 853 instrumentum
801 809 898 867 ejus
916 807 1038 866 quod
1065 817 1221 851 movet
1244 807 1412 866 absque
1438 806 1686 862 intellectu,
1712 806 1791 852 sed
1819 807 1966 866 magis
1985 821 2008 851 e
2032 820 2137 850 con·

73 863 88 882 ³
143 909 145 914 Α
169 888 330 930 verso;
357 875 513 920 omnia
540 885 693 920 autem
712 875 944 919 moventia
966 888 1082 934 quae
1101 885 1204 918 sunt
1225 875 1270 918 in
1298 875 1485 929 mundo,
1513 885 1835 934 comparantur
1859 875 1914 919 ad
1936 875 2135 934 primum

78 938 97 993 ὲ.
169 955 362 987 movens
386 942 508 1001 quod
534 942 659 986 Deus
689 951 770 996 est,
796 941 912 986 sicut
937 942 1238 986 instrumenta
1262 941 1316 985 ad
1345 956 1484 999 agens
1510 941 1771 1001 principale.
1792 941 1914 986 Cum
1935 942 2071 1001 igitur
2088 942 2135 985 in

158 1009 342 1053 <mundo
366 1007 654 1053 inveniantur
680 1008 824 1053 multa
843 1008 1075 1052 moventia
1101 1022 1180 1068 per
1204 1007 1503 1063 intellectum,
1522 1008 1804 1068 impossibile
1827 1019 1895 1054 est
1911 1007 2034 1068 quod
2050 1008 2136 1068 pri-

67 1070 95 1132 ’,
153 1087 298 1121 'mum
323 1089 516 1120 movens
548 1085 734 1120 moveat
765 1075 933 1134 absque
955 1074 1202 1119 intellectu.
1230 1074 1429 1119 Necesse
1457 1085 1523 1120 est
1548 1075 1684 1135 igitur
1709 1076 1862 1120 Deum
1889 1090 1989 1120 esse
2009 1074 2137 1120 intel-

63 1122 89 1207 2⁷
164 1140 401 1205 ligentem.

254 1209 395 1255 Item:
423 1222 477 1253 ex
492 1209 583 1254 hoc
603 1209 754 1269 aliqua
772 1223 841 1254 res
861 1219 928 1254 est
942 1209 1218 1268 intelligens,
1237 1209 1359 1270 quod
1378 1218 1445 1254 est
1461 1209 1558 1255 sine
1578 1209 1782 1264 materia,
1807 1210 1934 1270 cujus
1952 1210 2134 1269 signum

63 1259 104 1327 ,ἶ
132 1286 244 1339 §.est
266 1275 390 1338 quod
414 1275 590 1321 formae
622 1276 736 1321 fiunt
760 1277 1020 1321 intellectae
1045 1277 1092 1320 in
1117 1287 1219 1321 actu
1242 1290 1321 1335 per
1348 1276 1703 1322 abstractionem
1730 1291 1755 1322 a
1779 1277 1992 1331 materia;
2014 1275 2134 1321 unde

58 1365 93 1394 ν,
125 1379 131 1385 .
164 1354 211 1389 et
233 1342 494 1389 intellectus
526 1354 593 1389 est
624 1343 966 1399 universalium,
1001 1354 1045 1388 et
1068 1358 1163 1388 non
1186 1343 1503 1403 singularium,
1528 1344 1635 1403 quia
1661 1344 1852 1389 materia
1878 1353 1947 1389 est
1973 1343 2131 1388 indivi-

164 1409 393 1456 duationis
418 1411 716 1470 principium:
739 1409 916 1455 formae
944 1420 1096 1455 autern
1127 1409 1386 1455 intellectae
1411 1411 1459 1454 in
1492 1419 1609 1464 actu,
1631 1409 1745 1455 fiunt
1770 1425 1913 1455 unum
1941 1424 2048 1455 cum
2068 1410 2134 1454 in-

162 1475 350 1523 tellectu
388 1487 491 1522 actu
522 1477 819 1536 intelligente.
852 1477 986 1522 Unde
1018 1478 1055 1521 si
1088 1491 1142 1521 ex
1174 1477 1264 1520 hoc
1298 1486 1402 1522 sunt
1431 1475 1609 1521 formae
1642 1476 1899 1522 intellectae
1931 1478 1978 1521 in
2014 1487 2132 1531 actu,

56 1576 91 1612 '.
144 1545 287 1605 ,quod
313 1555 417 1590 sunt
437 1545 535 1590 sine
557 1545 762 1599 materia,
782 1554 964 1604 oportet
979 1558 1077 1589 rem
1103 1543 1305 1602 aliquam
1332 1558 1385 1588 ex
1407 1544 1498 1588 hoc
1517 1558 1615 1589 esse
1642 1544 1991 1604 intelligentem,
2009 1544 2132 1604 quod

162 1621 233 1656 est
257 1613 354 1656 sine
377 1611 582 1656 materia.
608 1611 861 1656 Ostensum
887 1621 955 1655 est
971 1620 1125 1656 autem
1142 1625 1277 1669 supra
1295 1611 1355 1668 (c.
1379 1624 1445 1669 17.
1470 1621 1515 1656 et
1536 1612 1628 1669 20.)
1646 1611 1800 1656 Deum
1818 1625 1916 1657 esse
1939 1611 2131 1656 omnino

164 1678 542 1733 immaterialem3
569 1688 637 1723 est
662 1677 799 1736 igitur
830 1677 1103 1737 intelligens.

249 1746 441 1791 Adhuc:
478 1745 582 1790 Deo
617 1744 744 1789 nulla
774 1745 992 1805 perfectio
1030 1746 1171 1799 deest,
1198 1759 1313 1805 quae
1345 1745 1393 1789 in
1420 1740 1769 1804 aliquo'genere
1804 1745 1977 1790 entium
2010 1746 2132 1791 inve·

162 1812 327 1868 niatur,
359 1823 409 1858 ut
434 1826 569 1872 supra
596 1813 657 1870 (c.
687 1811 780 1869 28.)
808 1822 1043 1857 ostensum
1077 1822 1156 1868 est,
1184 1826 1268 1857 nec
1297 1826 1350 1857 ex
1375 1812 1467 1857 hoc
1501 1811 1652 1871 aliqua
1685 1813 1962 1873 compositio
1993 1813 2040 1857 in
2073 1827 2129 1858 eo

160 1880 468 1939 consequitur,
490 1889 540 1924 ut
560 1880 700 1924 etiam
717 1894 771 1924 ex
793 1879 1100 1939 superioribus
1128 1880 1189 1936 (c.
1217 1879 1304 1936 18.)
1332 1889 1471 1938 patet.
1496 1879 1619 1924 Inter
1643 1879 1946 1940 perfectiones
1974 1890 2126 1924 autern

159 1959 312 1992 rerum
337 1947 578 2006 potissima
604 1956 672 1991 est
704 1946 826 2005 quod
854 1945 1022 2006 aliquid
1049 1946 1106 1990 sit
1131 1945 1477 2001 intellectivum,
1503 1961 1612 1991 nam
1644 1961 1725 2006 per
1750 1947 1840 1992 hoc
1877 1947 2028 2007 ipsum
2062 1957 2130 1992 est

161 2013 365 2073 quodam
400 2013 544 2058 modo
581 2013 752 2068 omnia,
789 2012 961 2058 habens
994 2013 1041 2057 in
1068 2027 1117 2058 se
1144 2013 1353 2057 omnium
1389 2012 1705 2073 perfectiones.
1742 2014 1869 2059 Deus
1894 2014 2032 2074 igitur
2063 2023 2130 2060 est

158 2078 435 2140 intelligens.

247 2147 389 2192 Item:
417 2161 555 2192 omne
583 2146 707 2206 quod
731 2147 876 2192 tendit
901 2147 1200 2192 determinate
1226 2147 1273 2192 in
1301 2147 1500 2206 aliquem
1532 2147 1687 2202 finem,
1715 2157 1792 2192 aut
1823 2148 1974 2206 ipsum
2005 2162 2128 2208 prae—

159 2214 302 2260 stituit
326 2213 412 2259 sibi
442 2213 596 2268 finem,
630 2224 707 2259 aut
737 2214 1044 2273 praestituitur
1077 2215 1119 2258 ei
1143 2214 1244 2259 finis
1271 2214 1324 2258 ab
1354 2213 1470 2269 alio;
1499 2214 1609 2259 alias
1640 2229 1735 2259 non
1756 2215 1903 2274 magis
1930 2215 1977 2258 in
2002 2215 2125 2259 hunc

123 2326 126 2327 ⁷
157 2293 298 2341 quarn
322 2281 369 2325 in
394 2280 526 2325 illurn
551 2280 690 2325 finem
717 2281 983 2326 intenderet.
1018 2281 1255 2326 Naturalia
1287 2290 1441 2325 autem
1481 2281 1672 2325 tendunt
1698 2282 1745 2325 in
1778 2281 1890 2326 fines
1917 2281 2127 2326 determi-

154 2357 315 2404 natos;
341 2362 437 2392 non
454 2348 578 2393 enim
605 2362 631 2392 a
649 2363 756 2393 casu
774 2347 1003 2393 naturales
1030 2348 1243 2393 utilitates
1267 2358 1622 2407 consequuntur,
1640 2348 1703 2392 sic
1723 2349 1843 2392 enirn
1862 2362 1957 2392 non
1975 2358 2127 2394 essent

48 2404 98 2459 ἐς
156 2408 339 2475 semper
360 2424 438 2460 aut
457 2415 504 2459 in
529 2414 746 2474 pluribus,
773 2414 853 2460 sed
879 2429 1008 2470 raro3
1026 2415 1194 2460 horum
1222 2415 1345 2459 enim
1373 2425 1441 2459 est
1467 2429 1611 2459 casus.
1637 2415 1758 2460 Cum
1776 2429 1884 2474 ergo
1911 2417 2008 2475 ipsa
2030 2430 2124 2460 non
2196 2459 2204 2465 ,

65 2471 83 2481 ⁴*
156 2481 454 2543 praestituant
477 2482 563 2526 sibi
587 2481 742 2536 finem,
769 2482 875 2541 quia
906 2482 1132 2527 rationem
1154 2481 1255 2526 finis
1277 2496 1371 2526 non
1399 2492 1700 2541 cognoscunt,
1718 2492 1898 2542 oportet
1920 2482 2042 2541 quod
2060 2483 2124 2527 eis

63 2544 82 2578 3.
155 2548 472 2607 praestituatur
497 2548 598 2593 finis
621 2549 674 2592 ab
699 2548 806 2604 alio,
828 2550 904 2608 qui
925 2549 983 2594 sit
1003 2559 1190 2594 naturae
1217 2549 1468 2594 institutor:
1497 2550 1571 2594 hic
1591 2559 1743 2594 autem
1763 2559 1830 2594 est
1846 2550 1924 2609 qui
1939 2549 2123 2609 praebet

25 2620 35 2633 ⁹
55 2603 80 2663 [³
157 2615 372 2660 omnibus
398 2629 515 2670 esse,
547 2626 592 2661 et
623 2626 690 2661 est
714 2630 795 2675 per
826 2618 1026 2676 seipsum
1053 2630 1239 2661 necesse
1268 2631 1381 2670 esse,
1409 2631 1545 2675 quem
1571 2617 1726 2660 Deum
1758 2617 1966 2671 dicimus,
1999 2626 2048 2661 ut
2069 2631 2123 2661 ex

108 2723 121 2738 ᾗ
141 2682 425 2746 ‚supradictis
447 2683 508 2741 (c.
537 2697 584 2742 13
611 2693 656 2728 et
683 2684 774 2742 37.)
801 2693 945 2743 patet;
969 2697 1063 2728 non
1097 2693 1250 2728 autem
1271 2694 1428 2743 posset
1453 2694 1640 2728 naturae
1664 2683 1802 2728 finem
1827 2683 2122 2744 praestituere

153 2748 243 2796 nisi
267 2749 563 2810 intelligeret:
597 2750 723 2795 Deus
754 2751 893 2810 igitur
919 2761 986 2795 est
1016 2750 1291 2810 intelligens.

243 2814 480 2877 Amplius:
508 2831 648 2863 omne
671 2819 794 2877 quod
817 2827 885 2862 est
906 2817 1239 2878 imperfectum,
1267 2817 1496 2863 derivatur
1514 2817 1566 2861 ab
1592 2817 1744 2877 aliquo
1771 2817 1996 2875 perfecto;
2011 2832 2119 2862 nam

154 2882 356 2962 perfecta
381 2883 647 2929 naturaliter
672 2894 776 2929 sunt
800 2883 952 2961 priora
978 2884 1271 2944 imperfectis,
1298 2884 1415 2930 sicut
1436 2894 1563 2929 actus
1589 2884 1807 2944 potentia.
1833 2884 1923 2929 Sed
1944 2884 2121 2929 formae

53 2975 111 3018 A}
153 2950 203 2996 in
225 2950 358 2996 rebus
373 2948 718 3011 particularibus
736 2950 1000 2996 exsistentes
1025 2961 1129 2995 sunt
1146 2950 1453 3011 imperfectae,
1477 2951 1582 3028 quia
1599 2950 1943 3011 particulariter,
1962 2961 2007 2996 et
2025 2965 2120 2996 non

128 3043 131 3045 ,
154 3017 404 3065 secundum
433 3018 837 3063 communitatem
850 3032 958 3063 suae
985 3018 1197 3073 rationis;
1231 3029 1413 3078 oportet
1445 3019 1585 3078 igitur
1617 3019 1740 3078 quod
1774 3018 2033 3062 deriventur
2064 3017 2118 3062 ab

57 3127 64 3139 .
154 3081 376 3144 aliquibus
398 3083 561 3130 formis
588 3085 798 3145 perfectis
826 3095 871 3130 et
894 3100 988 3130 non
1014 3054 1307 3146 particularis.
1337 3084 1476 3130 Tales
1506 3096 1658 3131 autern
1684 3085 1861 3130 formae
1894 3099 1992 3130 esse
2024 3099 2119 3131 non

153 3161 342 3209 possunt
365 3151 452 3196 nisi
477 3151 750 3206 intellectae,
768 3167 872 3197 cum
888 3167 983 3197 non
1000 3153 1256 3198 inveniatur
1274 3152 1425 3212 aliqua
1450 3152 1600 3197 forma
1616 3153 1664 3196 in
1682 3166 1764 3196 sua
1781 3150 2119 3199 universalitate

151 3216 240 3261 uisi
270 3217 317 3262 in
353 3217 602 3273 intellectu,
636 3229 680 3263 et
710 3234 790 3278 per
828 3233 1110 3279 consequens
1143 3229 1323 3279 oportet
1354 3233 1430 3263 eas
1464 3233 1563 3263 esse
1602 3218 1923 3276 intelligentes,
1956 3218 1996 3263 si
2030 3218 2120 3264 sint

58 3282 89 3345 ζ’,
153 3283 471 3340 subsistente33
488 3285 552 3329 sic
571 3285 693 3330 enim
711 3286 862 3330 solum
880 3297 1071 3346 possunt
1088 3301 1185 3331 esse
1202 3296 1458 3346 operantes.
1486 3287 1638 3330 Deum
1655 3285 1794 3344 igitur
1811 3285 1889 3344 qui
1906 3294 1974 3330 est
1991 3294 2117 3331 actus

156 3350 330 3408 primus
355 3351 616 3407 subsistens,
643 3366 668 3396 a
695 3367 786 3412 quo
813 3354 971 3397 omnia
996 3353 1085 3398 alia
1108 3353 1381 3406 derivantur,
1415 3362 1597 3412 oportet
1622 3366 1719 3397 esse
1740 3351 2088 3411 intelligentem.

47 3435 86 3480 :3
240 3417 372 3462 Hanc
414 3427 566 3463 autem
609 3420 845 3464 veritatem
882 3420 1021 3464 etiam
1061 3419 1172 3464 fides
1211 3419 1440 3463 catholica
1483 3418 1748 3473 confitetur3
1790 3418 1952 3463 dicitur
1993 3418 2118 3464 enim

153 3480 258 3541 (Job
278 3483 357 3528 IX.
388 3485 454 3542 4.)
486 3484 542 3529 de
571 3484 699 3530 Deo:
735 3486 907 3546 Sapiens
938 3486 1062 3533 corde
1092 3492 1164 3545 est,
1199 3492 1234 3530 et
1249 3487 1379 3545 fortis
1403 3486 1578 3539 robore,·
1607 3494 1652 3530 et
1683 3484 1805 3541 (XII.
1845 3482 1957 3543 16.):
1989 3485 2119 3546 Apud

153 3549 288 3613 ipsum
313 3556 368 3596 est
378 3549 589 3610 fortitudo
615 3557 652 3597 et
671 3552 904 3612 sapientia;
933 3562 978 3598 et
1002 3551 1192 3611 (Psalm.
1223 3550 1520 3597 CXXXVIII.
1548 3550 1639 3610 6.):
1673 3551 1890 3597 Mirabilis
1912 3551 2036 3611 facta
2060 3557 2119 3598 est
