2332 3854
286 190 389 260 378
955 203 1108 243 Lmen
1148 203 1223 242 111.
1266 202 1386 242 cap,
1430 201 1553 242 va.

283 309 404 353 aliud
432 322 570 367 agens
597 309 843 352 univocum
872 308 917 351 in
950 317 1109 352 natura
1137 316 1204 352 est
1238 320 1375 352 causa
1407 306 1493 351 nisi
1519 306 1824 365 generationis
1852 306 1987 365 hujus
2011 304 2084 351 vel
2111 305 2234 361 illius

281 375 359 419 rei.
385 375 583 433 Oportet
600 386 751 419 autem
769 376 906 434 ipsius
925 374 1095 432 speciei
1119 374 1350 417 humanae
1378 387 1475 417 esse
1503 373 1701 432 aliquam
1720 387 1799 432 per
1820 387 1869 417 se
1896 386 2082 425 causam
2098 386 2233 432 agen-

279 452 397 496 tem;
416 443 536 500 quod
554 442 691 502 ipsius
715 441 989 500 compositio
1014 441 1225 494 ostendit,
1243 450 1288 484 et
1303 440 1528 488 ordinatio
1551 440 1761 499 partium,
1778 454 1894 499 quae
1911 440 2075 484 eodem
2093 441 2233 485 modo

280 522 328 553 se
354 509 491 552 habet
524 509 570 551 in
607 508 833 560 omnibus,
866 507 950 551 nisi
989 521 1068 564 per
1101 506 1312 551 accidens
1338 507 1623 564 impediatur.
1655 507 1712 551 Et
1738 506 1900 551 eadem
1932 507 2048 550 ratio
2081 515 2150 559 est
2176 506 2234 551 de

283 576 494 619 omnibus
523 574 620 618 aliis
648 574 883 632 speciebus
909 587 1060 617 rerum
1086 573 1375 618 naturalium.
1400 573 1525 617 Haec
1553 583 1706 617 autem
1733 586 1871 617 causa
1896 583 1965 617 est
1988 573 2130 635 Deus,
2152 571 2235 622 ‘vel

281 642 491 694 mediate,
527 640 599 684 vel
632 640 909 683 immediate.
947 640 1200 684 Ostensum
1234 650 1301 686 est
1329 640 1451 684 enim
1484 640 1604 699 (Lib.
1631 640 1686 682 11.
1722 653 1760 683 c.
1788 637 1852 696 6.)
1891 639 2014 698 quod
2037 637 2236 698 ipaeest

283 709 426 767 prima
455 707 665 751 omnium
697 720 847 750 rerum
876 721 1038 751 causa:
1070 715 1253 766 oportet
1283 721 1392 766 ergo
1419 707 1541 765 quod
1568 707 1663 765 ipse
1696 719 1744 750 se
1770 706 1861 750 hoc
1899 705 2042 750 modo
2068 705 2235 751 habeat

282 775 337 818 ad
364 774 538 832 species
561 788 728 826 rerum,
764 773 880 818 sicut
915 787 963 817 se
995 773 1133 818 habet
1163 774 1255 818 hoc
1292 787 1515 832 generans
1547 774 1593 817 in
1625 783 1786 817 natura
1812 773 1868 816 ad
1889 772 2233 832 generationem

281 842 409 899 quus
433 850 500 884 est
525 854 604 898 per
626 854 674 884 se
702 854 852 884 causa.
874 840 1124 885 Generatio
1143 850 1295 885 autem
1322 851 1467 885 cessat
1494 850 1699 884 cessante
1725 840 1993 899 operatione
2019 853 2235 899 generan-

277 907 347 951 tis.
365 908 487 965 Ergo
515 917 559 951 et
575 921 736 951 omnes
754 907 928 966 species
945 921 1097 952 rerum
1124 917 1366 962 cessarent,
1393 917 1598 952 cessante
1620 907 1887 966 operatione
1909 906 2081 961 divina„
2092 905 2234 965 Igitur

276 974 371 1032 ipse
398 988 477 1032 per
498 988 631 1017 suam
664 974 981 1033 operationem
1007 965 1250 1019 conservat
1280 989 1351 1019 res
1378 975 1424 1018 in
1447 988 1559 1019 esse.

368 1040 558 1083 Adhuc:
593 1040 700 1085 licet
736 1040 872 1084 alicui
909 1034 1138 1085 exsistenti
1167 1041 1344 1085 accidat
1380 1051 1547 1095 motus,
1579 1051 1734 1086 tamen
1775 1050 1929 1087 motus
1961 1050 2028 1085 est
2057 1050 2234 1100 praeter

281 1121 378 1152 esse
409 1107 487 1151 rei.
520 1106 712 1152 Nullum
740 1118 891 1152 autern
920 1122 1196 1166 corporeum
1219 1117 1287 1152 est
1313 1122 1449 1153 causa
1476 1109 1666 1167 alicujus
1693 1108 1770 1163 rei,
1804 1107 1896 1153 nisi
1920 1107 1974 1159 ,in
2011 1117 2232 1167 quantum

280 1183 504 1227 movetur,
546 1176 652 1233 quia
692 1174 869 1219 nullum
912 1189 1077 1234 corpus
1116 1175 1209 1234 agit
1233 1175 1318 1219 nisi
1352 1189 1432 1234 per
1462 1186 1656 1233 motum,
1683 1185 1732 1220 ut
1768 1174 2041 1225 Aristoteles
2072 1167 2236 1234 ,probat

280 1241 451 1300 (primo
473 1237 665 1299 Physic.
683 1250 712 1285 t.
742 1255 782 1286 c.
807 1242 915 1301 95.).
949 1241 1140 1285 Nullum
1161 1242 1299 1300 igitur
1321 1256 1484 1301 corpus
1508 1253 1575 1287 est
1602 1256 1739 1286 causa
1766 1255 1864 1287 esse
1887 1242 2077 1301 alicujus
2101 1242 2171 1287 rei
2187 1242 2234 1286 in

281 1318 501 1367 quantum
529 1318 596 1352 est
621 1322 735 1362 esse,
772 1310 851 1353 sed
888 1318 955 1353 est
995 1323 1132 1353 causa
1169 1310 1279 1367 ejus,
1317 1309 1439 1367 quod
1472 1319 1541 1354 est
1566 1310 1743 1352 moveri
1775 1307 1832 1352 ad
1863 1321 1981 1362 esse,
2013 1308 2158 1385 quod
2168 1318 2234 1354 est

281 1374 378 1418 fieri
404 1375 481 1419 rei.
514 1375 626 1419 Esse
663 1386 816 1420 autem
849 1375 1087 1434 cujuslibet
1111 1376 1177 1420 rei
1203 1385 1271 1420 est
1307 1390 1404 1420 esse
1436 1376 1768 1443 participatum,
1805 1389 1935 1432 cum·
1950 1389 2046 1420 non
2077 1375 2135 1426 sit
2163 1389 2235 1419 tes

283 1441 432 1500 aliqua
458 1438 634 1501 praeter
659 1442 813 1487 Deum
839 1457 971 1486 suum
1013 1457 1127 1497 esse,
1165 1452 1214 1487 ut
1244 1457 1381 1502 supra
1416 1433 1535 1502 (Lib.
1563 1443 1597 1486 I.
1627 1457 1664 1487 c.
1690 1442 1783 1500 22.)
1797 1442 2048 1502 probatum
2070 1451 2156 1496 est,
2190 1451 2236 1487 et

279 1508 344 1552 sic
377 1518 572 1567 oportet,
603 1509 724 1568 quod
755 1510 852 1568 ipse
885 1510 1026 1563 Deus,
1059 1510 1137 1569 qui
1163 1520 1231 1554 est
1256 1525 1390 1554 suum
1423 1524 1534 1565 esse,
1566 1511 1623 1554 sit
1654 1510 1804 1569 primo
1831 1519 1877 1557 et
1907 1523 2005 1569 per
2001 1523 2062 1553 se
2095 1522 2233 1553 causa

280 1576 431 1620 omnis
460 1590 572 1620 esse.
601 1576 678 1620 Sic
705 1576 841 1634 igitur
867 1591 915 1621 se
942 1577 1081 1621 habet
1106 1576 1162 1620 ad
1195 1591 1294 1622 esse
1319 1591 1471 1621 rerum
1508 1577 1714 1635 operatio
1742 1577 1910 1631 divina,
1941 1576 2059 1621 sicut
2087 1575 2234 1626 motio

281 1642 484 1700 corporis
512 1643 740 1686 moventis
768 1643 823 1686 ad
850 1642 960 1697 fieri,
987 1653 1032 1687 et
1057 1644 1236 1688 moveri
1262 1658 1414 1688 rerum
1441 1643 1664 1689 factarum
1690 1642 1765 1688 vel
1791 1653 2038 1693 motarum.
2064 1643 2235 1702 Impos-

279 1709 407 1753 sibile
435 1719 682 1758 autemvest
704 1710 825 1768 quod
852 1709 962 1763 fieri,
989 1709 1063 1753 vel
1084 1711 1262 1755 moveri
1289 1711 1477 1770 alicujus
1501 1711 1566 1755 rei
1591 1720 1776 1755 maneat
1802 1719 2006 1754 cessante
2028 1709 2234 1754 motione

279 1777 520 1820 moventis.
557 1776 844 1834 Impossibile
878 1786 945 1821 est
977 1777 1127 1835 igitur,
1155 1778 1277 1836 quod
1315 1791 1414 1822 esse
1452 1777 1641 1837 alicujus
1673 1778 1739 1821 rei
1770 1787 2005 1822 remaneat
2037 1776 2126 1821 nisi
2154 1789 2235 1835 per

281 1844 596 1902 operationem
629 1843 843 1886 divinam.

364 1909 598 1967 Amplius:
626 1910 745 1954 sicut
771 1924 886 1968 opus
914 1910 1019 1954 artis
1045 1912 1370 1970 praesupponit
1406 1926 1520 1971 opus
1561 1921 1764 1965 naturae,
1798 1911 1862 1955 ita
1898 1924 2012 1969 opus
2044 1919 2232 1954 naturae

281 1977 606 2035 praesupponit
632 1991 745 2034 opus
771 1977 862 2021 Dei
879 1973 1096 2032 creantisss
1122 1992 1230 2022 nam
1258 1979 1447 2023 materia
1475 1977 1776 2022 artificialium
1804 1987 1872 2028 est
1903 1991 1929 2021 a
1958 1986 2135 2030 natura,
2159 1989 2237 2020 na-

278 2043 495 2087 turalium
522 2057 631 2087 vero
659 2058 739 2102 per
766 2044 1047 2088 creationem
1074 2059 1099 2088 a
1124 2046 1241 2090 Deo.
1266 2045 1534 2090 Artificialia
1556 2055 1709 2090 autem
1732 2053 2057 2089 conservantur
2071 2043 2120 2088 in
2136 2056 2234 2088 esse

278 2111 442 2155 virtute
469 2109 759 2164 naturalium,
778 2111 895 2155 sicut
913 2111 1077 2156 domus
1103 2127 1183 2171 per
1204 2111 1479 2157 soliditatem
1504 2113 1721 2172 lapidum.
1749 2111 1922 2157 Omnia
1947 2110 2085 2170 igitur
2108 2110 2235 2154 natu-

277 2177 390 2221 ralia
421 2191 515 2221 non
543 2187 869 2221 conservantur
893 2178 940 2221 in
963 2192 1076 2233 esse,
1102 2180 1190 2223 nisi
1214 2182 1376 2225 virtute
1402 2181 1505 2225 Dei.

364 2245 501 2288 Item:
524 2244 766 2303 impressio
800 2245 974 2303 agentis
1001 2259 1095 2289 non
1114 2257 1322 2291 remanet
1346 2249 1392 2292 in
1419 2246 1583 2291 effectu
1611 2254 1817 2291 cessante
1839 2245 2020 2291 actione
2043 2243 2233 2303 agentis,

272 2313 364 2357 nisi
388 2322 588 2356 vertatur
611 2313 659 2356 in
680 2322 890 2356 naturam
908 2312 1108 2358 effectus.
1130 2314 1326 2359 Formae
1359 2315 1483 2359 enim
1505 2325 1843 2374 generatorum,
1864 2322 1910 2358 et
1934 2312 2232 2374 proprietates

275 2382 479 2439 ipsorum
506 2393 648 2438 usque
670 2379 716 2423 in
738 2378 878 2423 finem
904 2391 1143 2425 remanent
1167 2382 1214 2424 in
1247 2382 1311 2425 eis
1334 2391 1438 2440 post
1458 2382 1819 2440 generationem,
1846 2379 1952 2438 quia
1977 2377 2234 2426 efficiuntur

279 2448 344 2491 eis
358 2446 611 2500 naturales;
634 2456 679 2490 et
699 2446 906 2491 similiter
932 2447 1111 2491 habitus
1137 2458 1242 2492 sunt
1267 2447 1448 2493 difficile
1475 2447 1669 2492 mobiles
1691 2447 1797 2506 quia
1820 2455 2056 2491 vertuntur
2078 2445 2127 2491 in
2157 2459 2234 2489 na-

272 2524 438 2558 turam.
461 2513 800 2571 Dispositiones
831 2523 983 2557 autem
1001 2524 1045 2558 et
1070 2516 1320 2573 passiones,
1343 2516 1438 2559 sive
1461 2514 1740 2574 corporales,
1765 2514 1861 2558 sive
1878 2512 2114 2566 animales,
2140 2525 2232 2556 ma-

274 2591 384 2625 nent
411 2579 742 2639 aliquantulum
775 2590 878 2639 post
901 2581 1130 2625 actionem
1158 2583 1349 2641 agentis,
1372 2582 1563 2631 sednon
1587 2595 1783 2640 semper,
1805 2580 1912 2639 quia
1934 2580 2090 2625 insunt
2109 2590 2160 2624 ut
2182 2579 2231 2624 in

274 2648 347 2691 via
374 2648 431 2691 ad
461 2658 686 2691 naturam.
717 2646 857 2699 Quod
897 2658 1049 2692 autem
1075 2649 1269 2707 pertinet
1295 2649 1351 2693 ad
1376 2659 1589 2693 naturam
1615 2648 1861 2707 superioris
1893 2647 2073 2706 generis
2101 2645 2230 2691 nullo

274 2714 416 2758 modo
449 2723 603 2757 manet
636 2723 737 2772 post
771 2714 1000 2758 actionem
1035 2716 1223 2774 agentis,
1256 2718 1372 2760 sicut
1413 2715 1570 2760 lumen
1600 2729 1695 2759 non
1728 2724 1883 2759 manet
1916 2713 2230 2773 inrdiaphano

273 2781 515 2826 recedente
547 2779 848 2825 illuminante.
885 2781 997 2825 Esse
1030 2792 1182 2826 autem
1209 2797 1303 2827 non
1331 2792 1399 2827 est
1423 2794 1598 2836 natura,
1624 2781 1698 2826 vel
1730 2781 1924 2826 essentia
1945 2779 2135 2838 alicujus
2165 2779 2231 2824 rei

274 2857 467 2901 creatae,
489 2847 569 2891 sed
595 2846 737 2892 solius
754 2847 857 2924 Dei',
875 2856 924 2892 ut
940 2848 986 2892 in
1009 2849 1158 2907 primo
1193 2851 1254 2908 (c.
1282 2862 1353 2894 21.
1381 2860 1426 2894 et
1443 2849 1536 2907 22)
1563 2858 1801 2894 ostensum
1833 2856 1913 2894 est.
1926 2845 2074 2894 Nulla
2093 2846 2231 2945 igitur

272 2929 342 2959 res
375 2928 610 2958 remanere
633 2924 783 2972 potest
807 2915 854 2958 in
888 2929 1003 2969 esse,
1031 2927 1236 2961 cessante
1263 2917 1531 2976 operatione
1559 2916 1775 2960 divina..
2146 2938 2150 2947 =·

289 3018 292 3022 ,
362 2982 556 3026 Adhuc:
580 2981 701 3025 circa
726 2995 879 3025 rerum
907 2983 1134 3059 originem
1167 2983 1332 3041 duplex
1359 2994 1425 3028 est
1446 2983 1641 3060 positio:
1670 2996 1761 3026 una
1781 2981 1901 3036 fidei,
1923 2980 2048 3041 quod
2068 2994 2155 3028 res:
2170 2979 2229 3026 de

275 3062 400 3093 novo
418 3047 586 3092 fuerint
603 3062 628 3091 a
645 3049 747 3092 Deo
774 3048 1051 3107 productae
1039 3064 1085 3093 1n
1109 3064 1229 3105 esse;
1258 3060 1301 3094 et
1322 3051 1489 3109 positio
1509 3049 1815 3109 quorumdam
1831 3047 2228 3125 philosophorum,

273 3115 394 3174 quod
419 3129 488 3159 res
508 3130 533 3159 a
557 3116 661 3159 Deo
681 3115 734 3159 ab
763 3125 948 3160 aeterno
966 3116 1187 3161 fluxerint.
1216 3117 1478 3161 Secundum
1508 3127 1661 3161 autem
1682 3124 1921 3175 utramque
1932 3115 2228 3175 pontionem,

273 3193 454 3241 oportet
476 3183 626 3227 dicere
648 3182 770 3241 quod
796 3197 867 3226 res
886 3195 1210 3228 conserventur
1241 3186 1286 3228 in
1311 3198 1409 3229 esse
1437 3198 1462 3227 a
1483 3184 1601 3228 Deo.
1634 3183 1756 3228 Nam
1782 3183 1822 3227 si
1839 3196 1916 3229 res
1943 3190 1970 3228 a
2000 3181 2230 3242 Πεθρω-

274 3249 436 3293 ductae
464 3249 630 3293 suntin
658 3263 756 3294 esse
773 3260 1017 3309 postquam
1042 3265 1136 3294 non
1163 3250 1357 3305 fuerunt,
1380 3261 1561 3310 oportet
1577 3251 1702 3310 quod
1727 3257 1826 3295 esse
1850 3263 2004 3296 rerum
2027 3248 2228 3296 divinam

271 3315 558 3360 voluntatem
591 3327 919 3375 consequatur;
959 3327 1002 3361 et
1028 3317 1235 3361 similiter
1261 3332 1354 3362 non
1382 3332 1494 3372 esse,
1529 3318 1634 3376 quia
1660 3317 1868 3376 permisit·
1892 3330 1971 3361 res
1997 3328 2097 3361 non
2126 3322 2226 3361 esse

273 3383 456 3440 quando
472 3381 631 3435 voluit,
659 3393 704 3428 et
728 3382 836 3428 fecit
861 3397 930 3427 res
954 3397 1052 3428 esse
1080 3398 1186 3428 cum
1204 3383 1362 3428 voluit.
1387 3383 1587 3428 Tamdiu
1613 3384 1883 3445 igitursunt-
1903 3381 2123 3443 quamdiu
2146 3394 2225 3427 eas

274 3463 373 3493 esse
399 3448 508 3494 vult.
533 3449 626 3494 Sua
642 3450 779 3508 igitur
795 3450 1006 3495 voluntas
1034 3450 1340 3495 conservatrix
1367 3461 1436 3495 est
1452 3465 1618 3495 rerum.
1638 3450 1688 3494 Si
1705 3460 1860 3496 autem
1875 3448 2022 3497 retrab'
2037 3457 2225 3511 aeterno

275 3529 300 3559 a
325 3515 429 3560 Deo
453 3515 734 3570 effluxerunt,
761 3530 855 3561 non
887 3527 955 3562 est
995 3517 1102 3562 dare
1135 3526 1330 3576 tempus,
1367 3527 1443 3562 aut
1468 3518 1642 3563 instans
1680 3516 1728 3561 in
1764 3514 2033 3576 quo'zptimo
2064 3528 2091 3561 a
2119 3514 2224 3562 Deo

274 3580 553 3627 effluxerunt.
581 3584 675 3628 Aut
699 3583 835 3641 igitur
875 3597 1109 3643 nunquam
1144 3597 1168 3628 a
1200 3583 1303 3629 Deo
1329 3584 1578 3643 productae
1605 3592 1723 3637 sunt,
1755 3591 1833 3629 aut
1854 3591 2038 3642 semper
2063 3596 2086 3628 a
2120 3580 2224 3629 D'eo
