2294 3854
797 210 950 249 Lmen
990 211 1061 249 ιν.
1103 210 1223 250 cap·
1264 209 1490 249 Lxxxm.
1997 196 2103 264 697

153 312 321 372 auferet.
349 311 559 357 Dominus
591 311 706 356 Deus
740 326 901 358 omnem
947 313 1170 358 lacrimam
1202 314 1255 359 ab
1291 314 1406 358 omni
1438 312 1570 371 facie.
1607 311 1784 356 Dicitur
1819 312 1957 356 etiarn
1995 312 2103 369 (Isa.

154 377 292 422 LXV.
324 377 436 436 13.):
462 377 567 422 Ecce
592 379 701 422 servi
726 380 807 422 mei
832 379 1050 432 comedent,
1074 387 1112 426 et
1128 394 1201 424 vos
1217 381 1435 432 ‚esurietiu
1462 394 1550 425 ecce
1567 380 1680 424 servi
1697 380 1777 423 mei
1795 379 1945 433 bibent,
1971 384 2009 424 et
2029 393 2103 423 vos

150 445 318 498 Μαίη
336 453 386 488 et
411 443 533 502 quod
559 443 649 488 hoc
673 443 959 492 referendum
981 446 1038 490 sit
1065 446 1120 491 ad
1146 456 1315 496 statum
1340 445 1515 491 futurae
1539 445 1674 499 vitae,
1695 454 1818 503 patet
1833 458 1888 490 ex
1905 458 1962 489 eo
1980 444 2102 503 quod

151 520 313 570 postea-
332 510 558 560 subditur:
580 511 688 556 'Ecce
713 526 783 567 ego
809 514 956 556 creabo
983 513 1139 557 coelum
1162 528 1334 567 novum,
1351 519 1387 557 et
1404 519 1562 560 terram
1578 526 1749 568 novam,
1769 521 1854 561 etc.
1874 511 2104 556 Dominus

151 576 288 629 etiam
320 573 430 621 dicit
454 575 637 634 (Matth.
653 576 831 621 XXVI.
859 578 978 636 29.):
1006 579 1103 623 Non
1130 579 1442 624 bibamamodo
1462 579 1509 633 de
1534 580 1607 623 hoe
1631 579 1838 637 genimine
1861 580 1959 623 vitis
1980 593 2103 636 usque

150 642 333 696 ier->diem
354 642 487 694 illum,
520 657 648 701 quum
672 643 776 687 illud
803 645 941 688 bibam
966 646 1179 689 vobiscum
1204 661 1360 691 novum
1393 647 1436 689 in
1468 661 1591 703 regno
1616 645 1754 690 Patris
1778 645 1875 699 mei,
1898 654 1943 689 et
1968 643 2101 702 (Luc.

150 709 297 760 XXII.
329 710 421 770 29.)
446 709 577 755 dicit:
604 710 691 768 Ego
717 710 887 769 dispono
910 713 1045 765 vobis,
1078 713 1182 756 sicut
1207 712 1404 771 disposuit
1428 713 1533 757 mihi
1555 713 1681 757 Pater
1706 726 1817 756 meus
1843 726 2031 769 regnum,
2059 716 2104 755 ut

150 775 295 831 edatis,
322 782 360 821 et
385 777 533 820 bihatis
555 784 676 834 super
701 791 884 821 mensam
915 792 1050 821 nieam
1076 779 1120 821 in
1143 793 1263 836 regno
1291 793 1406 830 meo5
1435 789 1480 822 et
1505 778 1674 837 (Apoc.
1702 777 1846 822 XXII.
1874 778 1936 835 2.)
1964 777 2103 822 etiam

150 842 328 899 dicitur,
343 842 466 901 quod
482 857 531 887 ex
547 849 719 900 utraque
726 850 851 902 parte
855 843 1061 901 fluminis)
1075 844 1197 901 quod
1216 845 1299 888 erit
1315 844 1362 888 in
1379 845 1559 889 civitate
1579 845 1831 898 beatorum,
1847 845 1930 888 erit
1944 844 2103 902 lignum

149 910 263 956 vitae
286 909 457 967 afferens
478 910 645 967 fructus
675 909 916 962 duodecim,·
951 920 995 954 et
1020 910 1142 967 (XX.
1169 911 1232 966 4.)
1266 910 1452 955 dicitur:
1484 911 1579 954 Vidi
1597 944 1724 955 .....
1750 913 1914 955 animas
1934 909 2103 956 decolla-

89 1000 95 1007 ·
150 981 290 1021 torum
299 970 473 1035 propter
491 982 775 1021 testamentum
784 977 896 1033 jesu,
906 983 942 1021 et
952 978 1164 1031 vixerunt,
1184 983 1222 1022 et
1240 984 1516 1034 regnaverunt
1533 993 1626 1023 cum
1646 978 1811 1023 Christo
1828 977 1939 1023 mille
1956 978 2101 1022 annis:

149 1044 270 1087 ceteri
317 1048 578 1086 mortuorum
616 1057 699 1086 non
734 1044 934 1089 vixerunt
969 1043 1092 1087 donec
1129 1051 1516 1090 consummarentur
1557 1045 1669 1088 mille
1701 1046 1816 1089 anni.
1848 1044 1914 1088 Ex
1939 1043 2102 1103 quibus

149 1108 362 1162 omnibus
385 1109 723 1167 praedictorum
747 1109 1086 1154 haereticorum
1112 1110 1269 1168 opinio
1297 1111 1557 1155 confirmari
1579 1111 1769 1156 videtur.
1796 1111 1921 1156 Haec
1949 1121 2099 1162 autem

147 1187 243 1228 nm
267 1173 448 1230 difficile
474 1185 543 1220 est
567 1175 758 1221 solvere.

164 1272 168 1277 -
238 1240 381 1296 Quod
396 1243 520 1287 enim
546 1242 695 1301 primo
722 1243 932 1300 objicitur
957 1242 1013 1288 de
1036 1242 1202 1301 Adam,
1230 1242 1482 1288 efficaciam
1507 1258 1601 1288 non
1623 1244 1770 1289 habet.
1799 1245 1950 1290 Adam
1977 1243 2100 1289 enim

146 1307 475 1368 perfectionem
490 1309 738 1367 quamdam
749 1309 908 1353 habuit
918 1309 1223 1368 personalem,
1236 1310 1440 1355 nondum
1453 1320 1607 1356 tamen
1617 1321 1714 1355 erat
1726 1321 1886 1356 natura
1897 1310 2101 1355 humana

145 1373 345 1428 totaliter
375 1373 588 1434 perfecta,
614 1376 821 1422 nondum
847 1375 1151 1435 multiplicato
1182 1373 1389 1422 humano
1416 1391 1595 1436 genere.
1622 1378 1856 1423 Institutus
1881 1391 1991 1436 ergo
2017 1376 2101 1422 fuit

145 1441 298 1487 Adam
319 1441 367 1485 in
391 1441 471 1485 tali
490 1440 770 1500 perfectione
795 1457 914 1501 quae
940 1442 1232 1502 competebat
1257 1443 1480 1503 principio
1506 1444 1644 1488 totius
1676 1444 1868 1488 humani
1893 1444 2098 1503 generis;

145 1516 191 1552 et
213 1507 319 1552 ideo
344 1508 545 1567 oportuit
569 1509 692 1568 quod
713 1519 952 1567 generaret
977 1509 1033 1553 ad
1060 1509 1487 1568 multiplicationem
1516 1510 1705 1554 humani
1729 1510 1922 1568 generis,
1948 1520 1993 1555 et
2018 1524 2102 1569 per,

145 1587 431 1633 consequens
456 1575 578 1633 quod
604 1574 716 1620 cibis
747 1586 959 1620 uteretur.
988 1575 1080 1620 Sed
1104 1575 1323 1635 perfectio
1349 1577 1683 1635 resurgentium
1710 1578 1806 1632 erit,
1830 1587 1992 1621 natura
2017 1577 2098 1621 hu-

146 1654 285 1687 mana
314 1640 515 1685 totaliter
540 1641 597 1686 ad
631 1655 762 1686 suam
795 1641 1125 1700 perfectionem
1166 1643 1471 1702 perveniente,
1505 1658 1698 1688 numero
1726 1643 1976 1688 electorum
1999 1644 2094 1702 jam

147 1706 408 1766 completo;
441 1717 486 1752 et
509 1708 612 1752 ideo
640 1709 873 1766 generatio
895 1708 1053 1754 locum
1078 1723 1172 1753 non
1198 1710 1394 1764 habebit,
1416 1725 1502 1754 nec
1526 1710 1730 1755 alimenti
1755 1725 1884 1755 usus:
1911 1721 2094 1770 propter

145 1771 267 1833 quod
294 1783 339 1818 et
370 1773 458 1818 alia
479 1774 563 1819 erit
586 1774 907 1819 immortalitas
934 1786 979 1820 et
1003 1776 1283 1835 incorruptio
1310 1778 1657 1836 resurgentium,
1685 1788 1731 1822 et
1756 1779 1844 1822 alia
1870 1791 1985 1836 quae
2010 1776 2094 1822 fuit

142 1838 189 1882 in
211 1838 378 1883 Adam.
400 1839 705 1899 Resurgentes
732 1842 854 1885 enim
876 1842 939 1886 sic
967 1842 1253 1887 immortales
1281 1854 1423 1898 erunt,
1443 1855 1487 1888 et
1511 1844 1889 1903 incorruptibiles,
1907 1854 1955 1887 ut
1976 1843 2094 1887 mori

142 1919 236 1950 non
260 1907 448 1966 possint,
474 1921 558 1951 nec
591 1922 644 1952 ex
676 1922 837 1952 eorum
865 1909 1130 1968 corporibus
1158 1909 1328 1969 aliquid
1348 1910 1539 1971 resolvi3
1568 1910 1719 1954 Adam
1747 1919 1898 1955 autem
1925 1910 1988 1954 sic
2011 1909 2094 1954 fuit

143 1972 429 2027 immortalis,
454 1984 503 2018 ut
522 1984 676 2033 posset
700 1989 793 2018 non
817 1975 949 2029 mori,
971 1975 1009 2018 si
1033 1989 1127 2019 non
1148 1987 1371 2034 peccaret,
1400 1969 1445 2021 et
1464 1987 1618 2035 posset
1641 1977 1772 2030 mori,
1799 1977 1838 2021 si
1859 1986 2092 2035 peccaret3

142 2048 188 2082 et
218 2040 324 2103 ejus
334 2040 654 2107 immortalitas
676 2042 739 2087 sic
774 2042 1036 2086 conservari
1068 2053 1259 2101 poterat,
1286 2058 1380 2087 non
1407 2043 1532 2102 quod
1563 2043 1678 2087 nihil
1703 2043 2005 2089 resolveretur
2037 2043 2092 2086 ab

142 2106 238 2163 ejus
265 2101 471 2166 corpore,
497 2108 576 2152 sed
588 2117 636 2152 ut
652 2118 811 2153 contra
834 2109 1164 2155 resolutionem
1180 2110 1359 2154 humidi
1383 2108 1599 2154 naturalis
1623 2110 1665 2154 ei
1691 2109 1917 2155 subveniri
1939 2119 2095 2169 posset

138 2186 221 2231 per
238 2173 458 2218 ciborum
484 2175 858 2234 assumptionem,
885 2191 942 2220 ne
971 2176 1027 2220 ad
1055 2177 1396 2235 corruptionem
1425 2191 1597 2253 corpus·
1616 2179 1711 2236 ejus
1741 2177 2008 2236 perveniret.

229 2239 305 2296 De
329 2240 516 2299 Christo
542 2251 695 2286 autern
722 2241 967 2286 dicendum
990 2252 1070 2298 est,
1098 2243 1219 2302 quod
1238 2253 1342 2302 post
1362 2243 1743 2289 resurrectionem
1767 2244 1981 2297 comedit,
1997 2258 2091 2288 non

142 2315 325 2365 propter
350 2307 687 2362 necessitatem,
710 2308 790 2352 sed
816 2309 872 2352 ad
899 2308 1303 2354 demonstrandam
1327 2325 1436 2355 suae
1462 2311 1806 2355 resurrectionis
1833 2310 2096 2355 veritatem:

142 2372 262 2429 unde
287 2373 414 2426 cibus
438 2373 517 2419 ille
546 2388 642 2419 non
666 2374 750 2419 fuit
771 2389 1018 2420 conversus
1044 2377 1091 2420 in
1111 2391 1310 2431 carnem,
1337 2378 1415 2421 sed
1442 2376 1668 2422 resolutus
1693 2377 1740 2421 in
1758 2378 2097 2436 praejacentem

142 2440 398 2493 materiam.
424 2440 551 2486 Haec
569 2451 720 2486 autem
746 2456 884 2487 causa
906 2443 1181 2487 comedendi
1205 2457 1300 2487 non
1323 2444 1408 2488 erit
1428 2445 1473 2488 in
1497 2444 1827 2488 resurrectione
1846 2444 2098 2488 communi.

230 2506 539 2557 Auctoritates
565 2521 691 2562 vem,
716 2522 832 2567 quae
861 2509 1068 2563 ciborum
1091 2524 1224 2557 usum
1249 2520 1354 2569 post
1377 2511 1757 2555 resurrectionem
1781 2511 2096 2569 repromittere

142 2571 365 2627 videntur,
381 2573 671 2632 spiritualiter
697 2574 1017 2633 intelligendae
1034 2576 1392 2635 sunt..Proponit
1417 2577 1539 2621 enim
1549 2577 1680 2621 nobis
1699 2577 1851 2627 divina
1868 2577 2100 2636 Scriptura

143 2638 446 2699 intelligibilia
470 2639 552 2694 sub
571 2639 865 2686 similitudine
890 2642 1187 2697 sensibilium,
1213 2653 1263 2688 ut
1283 2643 1463 2687 animus
1488 2653 1643 2687 noster
1664 2657 1717 2687 ex
1743 2643 1814 2687 his
1835 2657 1951 2702 quae
1971 2643 2100 2688 novit

145 2704 291 2750 discat
312 2706 552 2764 incognita
584 2721 766 2762 amare3
793 2717 838 2753 et
869 2708 1121 2753 secundum
1152 2709 1275 2753 hunc
1308 2709 1499 2754 modum
1532 2709 1773 2754 delectatio
1805 2724 1934 2769 quae
1954 2720 2022 2755 est
2052 2711 2098 2754 in

144 2772 535 2832 contemplatione
566 2774 829 2833 sapientiae,
856 2785 901 2820 et
926 2775 1174 2835 assumptio
1201 2775 1403 2821 veritatis
1427 2775 1755 2851 intelligibilis'
1744 2790 1791 2820 in
1817 2775 2102 2833 intellectum

142 2849 366 2896 nostrum,
387 2854 469 2898 per
495 2854 629 2886 usum
657 2840 866 2886 ciborum
897 2841 944 2884 in
977 2855 1105 2886 sacra
1138 2842 1370 2901 Scriptura
1403 2842 1640 2886 consuevit
1671 2842 1912 2918 designari,
1943 2857 2099 2889 secun-

143 2906 252 2964 dum
276 2906 386 2962 illud
414 2907 572 2964 (Prov.
598 2906 678 2952 IX.
700 2919 739 2951 2.
743 2908 779 2964 ),
805 2907 927 2966 quod
951 2907 1006 2952 de
1034 2908 1267 2966 Sapientia
1293 2908 1477 2954 dicitur:
1507 2909 1680 2954 Miscuit
1704 2910 1869 2967 vinum,
1897 2915 1934 2955 et
1947 2917 2100 2969 propo·

141 2973 227 3018 suit
250 2988 432 3026 mensam
462 2987 582 3018 suam
586 3006 716 3019 .....
741 2980 779 3019 et
802 2975 1083 3034 insipientibus
1115 2974 1250 3021 locuta
1271 2981 1353 3020 est:
1387 2976 1541 3030 Venite,
1559 2975 1752 3020 comedite
1770 2984 1927 3035 panem
1943 2991 2096 3032 merem,

143 3045 179 3084 et
211 3040 334 3090 bibite
363 3042 512 3084 vinum
548 3040 656 3098 quod
693 3042 842 3084 miscui
871 3042 1016 3090 vobis‚·
1054 3051 1098 3086 et
1125 3041 1286 3099 (Eccli.
1328 3041 1428 3087 XV.
1466 3043 1525 3101 3.)
1551 3042 1736 3087 dicitur:
1777 3043 1947 3088 cibabit
1977 3043 2097 3092 illum

143 3106 355 3151 Dominus
372 3115 486 3166 pane
507 3108 636 3161 vitae,
665 3113 700 3152 et
735 3108 972 3162 intellectus,
997 3116 1034 3153 et
1059 3123 1172 3167 aqua
1197 3110 1422 3168 sapientiae
1451 3110 1646 3154 salutaris
1670 3111 1835 3170 potabit
1859 3110 1993 3156 illum.
2023 3110 2097 3155 De

143 3172 245 3231 ipsa
264 3173 402 3218 etiam
422 3173 653 3233 Sapientia
672 3173 834 3219 dicitur
855 3174 1010 3232 (Prov.
1038 3175 1115 3220 111.
1148 3176 1261 3233 18‚):
1288 3176 1470 3234 Lignum
1485 3179 1598 3221 vitae
1619 3182 1673 3221 est
1698 3176 1759 3221 his
1783 3178 1856 3236 qui
1876 3175 2098 3237 apprehen·

143 3238 280 3284 derint
301 3254 419 3285 eam.-
446 3246 481 3285 et
507 3242 578 3299 qui
610 3242 786 3285 tenuerit
811 3255 918 3296 earn,
953 3243 1102 3287 beatus.
1135 3241 1243 3286 Non
1268 3242 1405 3301 igitur
1429 3243 1686 3302 praedictae
1712 3243 2002 3288 auctoritates
2027 3257 2099 3289 co-

143 3314 256 3364 gunt
279 3306 445 3361 dicere,
470 3306 593 3366 quod
616 3317 901 3365 resurgentes
929 3307 1040 3352 cibis
1067 3316 1260 3351 utantur.

232 3372 336 3426 Hoc
358 3383 515 3418 tamen
538 3373 661 3432 quod
687 3373 969 3432 propositum
999 3384 1066 3419 est
1098 3374 1152 3418 de
1174 3374 1320 3419 verbis
1353 3375 1559 3431 Domini,
1591 3390 1706 3435 quae
1738 3376 1960 3421 habentur
1983 3377 2097 3422 Mat—

142 3439 267 3486 thaei
291 3440 475 3496 XXVI„
501 3450 652 3499 potest
678 3450 722 3485 et
748 3440 877 3485 aliter
900 3441 1109 3500 intelligi,
1132 3453 1180 3486 ut
1205 3441 1422 3488 referatur
1448 3443 1504 3487 ad
1529 3444 1621 3488 hoc
1639 3444 1761 3503 quod
1783 3444 1880 3503 ipse
1907 3459 2014 3489 cum
2036 3445 2096 3490 di·

144 3506 328 3566 scipulis
355 3517 459 3567 post
489 3506 869 3562 resurrectionem
895 3508 1098 3553 comedit
1128 3518 1174 3553 et
1196 3508 1308 3554 bibit
1331 3523 1505 3554 novum
1538 3509 1722 3569 quidem
1749 3511 1920 3566 vinum,
1952 3510 1998 3556 id
2029 3520 2097 3556 est

142 3585 269 3621 novo
293 3574 450 3629 modo,
466 3573 641 3619 scilicet
665 3586 759 3619 non
779 3584 962 3633 propter
986 3574 1323 3632 necessitatem,
1347 3575 1427 3621 sed
1448 3586 1634 3636 propter
1658 3577 2001 3623 resurrectionis
2022 3577 2097 3624 de?
