2332 3854
840 217 991 254 LIBER
1032 214 1108 254 111.
1152 214 1271 254 CAP.
1314 212 1423 253 CXI.
2010 212 2115 268 459

921 403 1176 461 CAPUT
1219 403 1368 460 CXI.

402 532 560 580 QUOD
602 531 843 571 SPECIALI
887 531 1128 570 RATIONE
1170 530 1495 570 CREATURAE
1535 528 1880 570 RATIONALES

614 605 839 646 DIVINAE
871 605 1280 645 PROVIDENTIAE
1323 605 1672 646 SUBDUNTUR.

253 716 318 760 Ex
344 717 414 761 his
430 716 614 775 quidem
641 729 756 775 quae
783 729 916 774 supra
942 715 1242 770 determinata
1268 727 1385 769 sunt,
1412 715 1704 759 manifestum
1732 722 1799 758 est
1824 711 1946 773 quod
1970 711 2121 755 divina

162 782 445 843 providentia
473 782 527 826 ad
555 783 709 826 omnia
742 795 789 826 se
823 782 1034 827 extendit.
1070 781 1268 839 Oportet
1298 791 1452 826 tamen
1491 781 1689 839 aliquam
1723 780 1945 824 rationem
1977 777 2124 838 provi-

162 848 342 893 dentiae
363 847 607 906 specialem
632 848 861 892 observari
879 848 999 892 circa
1021 847 1350 892 intellectuales
1370 859 1414 892 et
1431 846 1675 891 rationales
1699 855 1880 890 naturas
1898 858 2004 905 prae
2022 843 2131 888 aliis·

164 914 403 959 creaturis:
429 914 709 972 praecellunt
741 915 862 958 enim
898 914 1007 958 alias
1042 924 1270 958 creaturas
1303 924 1348 958 et
1378 917 1424 958 in
1456 913 1734 972 perfectione
1767 922 1970 966 naturae,
2007 910 2122 955 etin

163 980 381 1040 dignitate
407 980 520 1025 finis.
549 981 599 1024 In
626 980 909 1039 perfectione*
937 981 1118 1040 quidem
1153 990 1356 1035 naturae,
1389 981 1494 1039 quia
1527 979 1626 1024 sola
1658 989 1863 1023 creatura
1888 975 2123 1022 rationalis

162 1047 299 1092 habet
325 1047 578 1091 dominium
606 1049 674 1091 sui
698 1057 839 1101 actus,
867 1046 1004 1091 libere
1032 1061 1079 1091 se
1104 1060 1243 1104 agens
1271 1047 1325 1090 ad
1349 1047 1658 1105 operandum3
1677 1055 1852 1090 ceterae
1873 1058 1982 1088 vero
2005 1056 2125 1088 crea-

161 1124 289 1158 turae
317 1114 373 1157 ad
400 1127 539 1172 opera
565 1114 747 1173 propria
774 1113 920 1172 magis
948 1123 1142 1171 aguntur
1168 1127 1306 1172 quam
1325 1122 1476 1171 agant,
1494 1123 1542 1157 ut
1560 1127 1612 1156 ex
1631 1112 1897 1171 supradictis
1920 1112 1980 1167 (c.
2005 1110 2122 1166 110.)

163 1190 297 1240 patet.
325 1180 376 1224 In
403 1180 620 1239 dignitate
644 1189 796 1224 autem
818 1180 933 1234 finis,
952 1181 1056 1239 quia
1074 1180 1171 1224 sola
1190 1189 1394 1224 creatura
1411 1179 1728 1223 intellectualis
1746 1179 1801 1222 ad
1818 1179 1965 1238 ipsum
1983 1176 2123 1221 finem

163 1246 375 1297 ultimum
402 1247 601 1291 universi
626 1261 707 1291 sua
733 1248 998 1305 operatione
1024 1247 1250 1305 pertingit,
1284 1245 1457 1291 scilicet
1489 1246 1816 1304 cognoscendo
1849 1255 1894 1289 et
1926 1243 2122 1288 amando

161 1313 339 1368 Deum;
363 1312 478 1357 aliae
507 1326 618 1357 vero
645 1323 877 1358 creaturae
905 1314 960 1357 ad
985 1313 1124 1357 finem
1151 1313 1363 1357 ultimum
1397 1314 1650 1372 pertingere
1683 1326 1777 1356 non
1814 1319 2005 1370 possunt
2035 1309 2122 1354 nisi

163 1394 244 1440 per
269 1380 514 1440 aliqualem
547 1380 853 1425 similitudinis
878 1381 1018 1439 ipsius
1044 1380 1452 1439 participationem.
1488 1380 1654 1425 Omnis
1688 1389 1842 1440 autem
1873 1380 1988 1422 ratio
2021 1389 2126 1435 ope-

164 1447 352 1491 rationis
377 1447 576 1491 variatur
601 1446 854 1491 secundum
881 1447 1188 1491 diversitatem
1211 1446 1327 1500 finis,
1351 1456 1395 1490 et
1422 1460 1579 1490 eorum
1608 1459 1724 1505 quae
1751 1443 2005 1505 operationi
2026 1443 2127 1487 sub-

163 1514 399 1572 jiciuntur3
422 1515 538 1558 sicut
563 1514 678 1557 ratio
705 1514 922 1572 operandi
951 1527 1031 1571 per
1059 1522 1202 1556 artem
1236 1513 1411 1557 diversa
1438 1522 1506 1556 est
1531 1512 1782 1556 secundum
1815 1510 2124 1555 diversitatem

166 1580 265 1624 finis
294 1589 339 1624 et
360 1579 590 1625 materiae.
617 1579 763 1624 Aliter
790 1580 911 1623 enim
940 1588 1151 1638 operatur
1178 1579 1383 1623 medicus
1410 1579 1465 1622 ad
1494 1578 1823 1637 aegritudinem
1850 1576 2127 1637 pellendam,

164 1656 209 1690 et
234 1646 290 1690 ad
313 1646 554 1690 sanitatem
581 1646 958 1699 conservandam,
993 1655 1126 1704 atque
1155 1645 1284 1689 aliter
1308 1645 1354 1688 in
1382 1646 1648 1704 corporibus
1676 1643 1982 1688 diversimode
2003 1656 2127 1686 com-

163 1712 459 1771 plexionatis:
491 1722 536 1756 et
561 1711 768 1756 similiter
794 1721 975 1769 oportet
1000 1712 1046 1755 in
1073 1711 1295 1770 regimine
1323 1711 1517 1755 civitatis
1544 1711 1770 1755 diversam
1801 1711 2027 1754 rationem
2054 1722 2126 1752 or-

165 1778 282 1823 dinis
319 1779 547 1823 observari
575 1778 827 1823 secundum
855 1779 1054 1822 diversas
1082 1778 1367 1822 conditiones
1395 1792 1555 1822 eorum
1583 1779 1660 1836 qui
1685 1777 1983 1835 subjiciuntur
2012 1775 2127 1834 regi-

165 1845 292 1899 mini,
325 1854 371 1890 et
395 1845 646 1890 secundum
673 1845 848 1890 diversa
876 1845 930 1888 ad
957 1858 1074 1903 quae
1107 1845 1395 1888 ordinantur:
1423 1854 1604 1903 oportet
1636 1844 1759 1888 enim
1792 1842 1920 1887 aliter
1946 1842 2125 1900 disponi

166 1911 332 1956 milites
357 1921 407 1956 ut
432 1912 520 1956 sint
544 1912 795 1971 praeparati
829 1911 884 1955 ad
917 1926 1134 1972 pugnarn,
1161 1921 1205 1955 et
1239 1911 1432 1955 artifices
1466 1921 1515 1955 ut
1545 1912 1661 1956 bene
1698 1925 1746 1955 se
1782 1910 1979 1954 habeant
2005 1909 2126 1952 circa

166 1992 248 2023 sua
269 1991 422 2037 opera.
451 1978 525 2022 Sic
552 1978 690 2036 igitur
716 1988 760 2022 et
786 1978 873 2022 alia
899 1988 967 2022 est
999 1978 1168 2022 ordinis
1199 1977 1315 2021 ratio
1343 1977 1595 2021 secundum
1628 1991 1765 2036 quarn
1798 1986 2030 2020 creaturae
2061 1989 2127 2018 ra-

166 2044 360 2089 tionales
387 2045 698 2106 providentiae
725 2045 903 2090 divinae
929 2045 1193 2098 subduntur,
1220 2054 1264 2088 et
1291 2043 1379 2087 alia
1405 2044 1657 2088 secundum
1690 2057 1827 2103 quam
1861 2042 2127 2087 ordinantur

168 2121 345 2157 ceterae
371 2122 617 2158 creaturae.

914 2268 1169 2325 CAPUT
1204 2268 1383 2325 CXII.

194 2397 352 2444 QUOD
395 2369 715 2436 CREATURAE
755 2396 1100 2436 RATIONALES
1144 2395 1547 2435 GUBERNANTUR
1586 2394 1833 2450 PROPTER
1874 2391 2100 2442 SEIPSAS,

664 2471 824 2510 ALIAE
863 2471 1008 2510 VERO
1051 2472 1107 2512 IN
1147 2471 1356 2510 ORDINE
1396 2470 1469 2507 AD
1510 2469 1627 2508 EAS.

256 2583 461 2627 Primum
494 2582 630 2641 igitur
654 2582 751 2642 ipsa
779 2582 983 2640 cognitio
1015 2580 1334 2625 intellectualis
1367 2588 1568 2632 naturae,
1603 2579 1855 2623 secundum
1892 2590 2030 2636 quam
2063 2585 2129 2619 est

171 2649 358 2693 domina
383 2649 452 2692 sui
475 2658 615 2702 actus,
641 2649 952 2707 providentiae
980 2662 1136 2692 curam
1162 2647 1363 2705 requirit,
1390 2660 1479 2705 qua
1505 2646 1589 2689 sibi
1615 2654 1798 2703 propter
1823 2658 1871 2688 se
1897 2642 2129 2701 providea-

171 2725 261 2758 tur:
291 2714 484 2759 aliorum
510 2727 619 2758 vero
644 2714 860 2767 conditio,
887 2728 1003 2773 quae
1029 2728 1122 2757 non
1149 2713 1285 2757 habet
1311 2713 1567 2756 dominium
1591 2714 1658 2755 sui
1683 2721 1824 2763 actus,
1844 2710 1935 2753 hoc
1961 2708 2130 2753 indicat

173 2780 295 2839 quod
321 2780 384 2823 eis
411 2794 504 2823 non
530 2789 712 2838 propter
737 2780 832 2837 ipsa
859 2794 965 2824 cura
982 2779 1282 2838 impendatur,
1301 2779 1379 2822 sed
1401 2778 1526 2822 velut
1543 2779 1596 2821 ad
1617 2777 1703 2820 alia
1730 2777 1961 2820 ordinatis.
1987 2774 2127 2827 Quod

173 2847 295 2890 enim
323 2846 375 2889 ab
403 2845 544 2889 altero
582 2855 755 2889 tantum
795 2845 953 2904 agitur,
990 2848 1214 2889 rationem
1255 2845 1542 2888 instrumenti
1567 2844 1727 2896 habet;
1764 2842 1886 2901 quod
1913 2855 2021 2885 vero
2048 2849 2154 2900 per·

174 2926 222 2957 se
250 2912 356 2971 agit,
382 2912 519 2956 habet
539 2913 765 2956 rationem
792 2912 1051 2971 principalis
1085 2911 1272 2970 agentis.
1300 2911 1658 2955 Instrumentum
1686 2919 1840 2953 autem
1875 2922 1970 2952 non
1997 2921 2130 2966 quae-

172 2980 283 3023 ritur
303 2988 487 3038 propter
511 2979 723 3041 seipsum,
742 2979 819 3022 sed
846 2988 894 3023 ut
920 2992 976 3022 eo
998 2977 1246 3036 principale
1285 2991 1424 3036 agens
1449 2987 1620 3030 utatur3
1654 2976 1773 3019 unde
1801 2984 1984 3034 oportet
2006 2973 2130 3033 quod

174 3046 323 3089 omnis
351 3045 628 3104 operationis
655 3045 900 3103 diligentia,
928 3059 1043 3103 quae
1070 3045 1190 3088 circa
1216 3044 1496 3088 insrumenta
1524 3042 1775 3097 adhibetur,
1802 3042 1858 3085 ad
1882 3040 2129 3099 principale

176 3125 317 3171 agens
344 3111 558 3156 referatur
582 3112 698 3155 sicut
731 3112 786 3154 ad
818 3111 970 3155 finem.
1001 3111 1141 3163 Quod
1175 3121 1328 3154 autem
1361 3111 1481 3154 circa
1514 3108 1769 3168 principale
1789 3122 1942 3167 agens,
1968 3107 2042 3151 vel
2075 3108 2128 3150 ab

176 3180 291 3238 ipso,
316 3177 391 3222 vel
418 3178 471 3221 ab
501 3177 591 3221 alio
619 3178 868 3230 adhibetur,
894 3178 940 3221 in
967 3188 1188 3236 quantum
1215 3189 1281 3220 est
1307 3176 1555 3235 principale
1589 3189 1743 3234 agens,
1770 3184 1955 3234 propter
1980 3175 2129 3233 ipsum

176 3255 255 3289 est.
283 3245 599 3302 Disponuntur
626 3257 735 3301 ergo
772 3258 795 3286 a
828 3243 930 3287 Deo
963 3243 1291 3288 intellectuales
1319 3253 1551 3287 creaturae
1586 3243 1713 3301 quasi
1750 3251 1934 3301 propter
1959 3254 2006 3285 se
2032 3255 2133 3300 pro·

177 3321 373 3366 curatae,
397 3321 630 3355 creaturae
655 3324 764 3354 vero
793 3309 907 3354 aliae
934 3311 1062 3369 quasi
1085 3310 1140 3354 ad
1166 3310 1411 3353 rationales
1447 3318 1674 3353 creaturas
1702 3309 1950 3352 ordinatae.

264 3378 453 3422 Adhuc:
487 3377 608 3436 quod
641 3377 897 3420 dominium
930 3378 998 3421 sui
1032 3387 1158 3421 actus
1189 3377 1341 3430 habet,
1374 3376 1568 3420 liberum
1602 3385 1668 3420 est
1695 3377 1740 3419 in
1768 3375 1960 3434 agendo.
1996 3374 2132 3418 Liber

176 3444 297 3488 enim
326 3454 392 3488 est
419 3445 496 3503 qui
522 3444 588 3488 sui
618 3457 754 3487 causa
781 3453 872 3498 est;
900 3444 1022 3502 quod
1056 3454 1209 3487 autem
1242 3443 1437 3502 quadam
1470 3443 1739 3487 necessitate
1773 3443 1827 3485 ad
1862 3441 1952 3486 alio
1986 3443 2132 3500 agitur

178 3510 234 3555 ad
260 3510 559 3570 operandum,
583 3510 784 3554 servituti
807 3509 1033 3568 subjectus
1060 3520 1140 3554 est.
1170 3510 1338 3555 Omnis
1364 3510 1498 3568 igitur
1525 3509 1613 3554 alia
1640 3518 1844 3554 creatura
1868 3508 2133 3552 naturaliter

178 3577 377 3622 servituti
403 3577 603 3634 subjecta
630 3586 725 3629 est;
758 3576 856 3621 sola
887 3589 998 3620 vero
1029 3575 1345 3621 intellectualis
1377 3586 1537 3620 natura
1571 3575 1711 3620 libera
1738 3585 1818 3620 est.
1851 3575 1903 3619 In
1929 3574 2132 3634 quolibet
