2294 3854
252 182 357 250 664
916 188 1068 226 LIBER
1109 184 1535 224 1v.<:AP.1.xur.

249 297 434 342 vertitur
450 295 496 340 in
514 293 812 340 substantiam
831 292 1033 349 corporis
1061 288 1232 334 Christi
1259 298 1303 333 et
1328 287 1579 333 substantia
1604 286 1699 334 vini
1712 286 1760 331 in
1785 284 2086 333 substantiam
2096 299 2203 334 san

250 366 398 423 guinis
431 365 540 422 ejus.

338 430 403 473 Ex
426 430 518 473 hoc
546 438 697 472 autem
725 434 908 484 apparet
938 396 1102 467 falsam
1129 435 1227 466 esse
1254 423 1522 497 opinionem
1545 431 1642 465 tam
1683 434 1845 466 eorum
1871 392 2076 480 (quarto
2085 417 2204 477 apud

251 497 428 575 magist.
449 496 574 540 Sent.
592 495 690 538 dist.
714 508 729 536 1
745 492 802 549 1.)
821 491 897 550 qui
914 491 1069 534 dicunt
1094 488 1393 532 substantiam
1410 488 1544 546 panis
1563 487 1710 541 simul
1719 501 1826 532 cum
1841 485 2102 534 substantia
2107 495 2207 531 cor-

2263 512 2285 534 ,ἱ

250 566 372 623 poris
401 562 571 607 Christi
605 561 651 603 in
685 560 775 602 hoc
813 566 1100 601 sacramento
1128 555 1357 629 exsistere,
1390 568 1529 613 quam
1555 554 1698 598 etiam
1726 567 1889 597 eorum
1918 553 2012 613 ,qui
2017 559 2208 612 munt

250 629 546 674 substantiam
581 627 712 701 panis
749 626 794 667 in
831 622 1023 666 nihilum
1058 621 1204 679 redigi
1233 621 1308 664 vel
1338 620 1385 664 in
1418 622 1614 679 primam
1650 619 1905 664 materiam
1918 617 2117 667 resolui.
2124 617 2208 667 Ad

251 707 491 752 utrumque
520 693 640 736 enim
660 690 860 748 sequitur
876 687 998 747 quod
1017 701 1181 746 corpus
1209 687 1408 731 Christi
1397 701 1444 730 m
1461 686 1551 731 hoc
1578 692 1995 732 sacramentoeesse
2007 684 2207 744 incipere
2264 691 2282 722 Γ

249 775 344 806 non
371 760 513 819 possit
547 758 631 801 nisi
654 771 733 832 per
760 766 939 799 motum
965 753 1189 808 localem3
1221 753 1344 812 quod
1371 763 1440 797 est
1462 752 1763 812 impossibile,
1789 759 1850 796 ut
1863 761 2117 807 ostensum
2112 760 2206 799 est.
2269 739 2280 759 ⁸

338 827 602 869 Praeterea:
630 823 667 867 si
685 821 934 867 substantia
951 822 1080 878 panis
1103 820 1240 864 simul
1267 829 1334 864 est
1360 821 1406 864 in
1431 819 1522 863 hoc
1540 828 1849 864 sacramento
1863 832 1977 864 cum·
1985 823 2208 879 vermo-:or-

251 907 360 952 pore
381 891 566 944 Christi,
584 890 734 949 potius
754 889 940 934 Christo
973 887 1217 931 dicendum
1249 885 1357 931 fuit:
1383 888 1469 931 Hic
1502 893 1559 931 est
1583 894 1731 944 corpus
1754 901 1910 940 meum,
1934 899 2099 944 quam·
2081 884 2207 931 Hoc

252 967 306 1004 est
333 966 482 1018 corpus
515 971 680 1011 meum,·
714 969 854 1014 quum
881 968 961 1013 per
982 955 1047 998 hic
1081 954 1416 997 demonstretur
1437 953 1697 998 substantia
1715 966 1832 1011 quae
1868 951 2075 1005 videtum
2085 965 2208 1011 quae
2275 1006 2280 1011 ‚

251 1026 435 1085 quidem
464 1034 531 1068 est
556 1022 802 1067 substantia
829 1021 973 1080 panis,
994 1021 1031 1065 si
1057 1021 1102 1064 in
1121 1030 1412 1065 sacramento
1432 1035 1539 1064 cum
1558 1033 1752 1096 corpore
1766 1016 1940 1065 'Christi
1960 1029 2209 1065 nemimem.

342 1091 562 1135 Similiter
579 1088 862 1147 impossibile
878 1087 1056 1131 videtur
1073 1101 1172 1131 esse
1189 1087 1312 1146 quod
1329 1087 1579 1131 substantia
1599 1087 1741 1163 panis
1738 1085 2005 1132 mnninoin
2014 1085 2212 1139 nihilum

249 1159 416 1203 redeat.
434 1157 629 1200 Multum
647 1155 771 1200 enim
787 1154 842 1198 de
859 1165 1021 1198 natura
1039 1168 1262 1212 corporea
1279 1155 1427 1213 primo
1446 1164 1598 1198 creata
1612 1155 1705 1211 jam
1726 1153 1776 1197 in
1794 1152 1990 1198 nihilum
2005 1153 2213 1198 rediisset

252 1240 306 1270 ex
337 1223 699 1283 frequentatione
724 1221 991 1299 hujusmodi
1016 1221 1234 1280 mysterii.
1261 1221 1358 1265 Nec
1387 1231 1455 1265 est
1486 1221 1652 1265 decens
1679 1230 1729 1264 ut
1751 1220 1800 1264 in
1824 1226 2133 1295 sacramento
2133 1233 2211 1264 sa-

253 1292 357 1336 lutis
385 1291 538 1334 divina
562 1289 725 1332 virtute
759 1288 928 1346 aliquid
955 1290 1001 1331 in
1025 1287 1223 1331 nihilum
1254 1287 1500 1346 redigatur.
2023 1308 2025 1310 ·

340 1359 502 1416 Neque
519 1356 658 1400 etiam
675 1357 721 1399 in
737 1355 934 1431 primam
960 1355 1202 1398 materiam
1227 1354 1527 1399 substantiam
1552 1354 1681 1414 panis
1698 1363 1781 1398 est
1792 1323 2015 1412 possibiie
2024 1318 2214 1409 raeolvi,
2282 1346 2294 1366 ’

254 1439 395 1485 quum
422 1423 614 1467 materia
640 1422 787 1481 prima
817 1422 915 1465 sine
954 1420 1104 1465 forma
1137 1435 1236 1465 esse
1276 1435 1370 1465 non
1410 1421 1570 1480 possit,
1594 1421 1684 1466 nisi
1716 1419 1855 1465 forte
1851 1420 2214 1479 perimateriam

254 1493 451 1568 primam
473 1490 620 1549 prima
638 1488 867 1534 elementa
884 1502 1107 1547 corporea
1127 1487 1461 1547 intelligantur3
1479 1489 1526 1532 in
1541 1502 1668 1564 ’quae
1694 1487 1898 1547 quidem
1900 1487 1945 1532 si
1959 1487 2215 1545 substantia
2287 1492 2294 1530 f

253 1559 382 1618 panis
414 1556 730 1609 resolveretur,
763 1569 951 1599 necesse
984 1564 1102 1599 esset
1126 1555 1217 1599 hoc
1253 1554 1403 1612 ipsum
1429 1553 1603 1614 percipi
1627 1568 1781 1609 sensu,
1812 1558 1955 1613 quum
1986 1543 2216 1600 elementa

254 1638 476 1684 corporea
504 1622 732 1668 sensibilia
773 1624 874 1666 sint.
915 1622 1048 1666 Esset
1073 1622 1197 1665 enim
1228 1621 1292 1664 ibi
1330 1621 1491 1666 localis
1531 1620 1864 1666 transmutatio
1885 1631 1935 1666 et
1962 1620 2214 1710 corporalis

256 1693 462 1736 alteratio
491 1690 839 1743 contrariorum,
867 1703 982 1747 quae
1009 1689 1296 1732 instantanea
1310 1702 1419 1736 esse
1445 1702 1539 1732 non
1566 1697 1769 1747 possunt.

346 1758 594 1802 Sciendum
620 1767 775 1801 tamen
811 1766 891 1809 est,
924 1754 1047 1814 quod
1075 1755 1305 1813 praedicta
1337 1756 1576 1799 conversio
1603 1755 1733 1814 panis
1763 1756 1812 1799 in
1836 1768 2015 1815 corpus.
2032 1719 2216 1800 Christi
2283 1740 2294 1757 *⁵

257 1826 438 1870 alterius
466 1824 594 1868 modi
631 1834 698 1867 est
735 1822 787 1865 ab
827 1822 1038 1866 omnibus
1067 1822 1442 1866 conversionibus
1478 1821 1773 1866 naturalibus.
1799 1822 1920 1867 Nam
1944 1821 2216 1881 inqualibet

258 1891 559 1936 conversione
581 1889 777 1933 naturali
803 1898 958 1932 manet
983 1889 1252 1946 subjectum,
1285 1889 1331 1932 in
1364 1903 1455 1965 quo
1497 1888 1748 1933 succedunt
1763 1888 1858 1933 sibi
1889 1889 2109 1939 diversae
2129 1887 2217 1934 for·

255 1973 374 2011 mae,
400 1957 474 2001 vel
501 1955 820 2008 accidentales,
852 1957 968 1999 sicut
994 1963 1136 2013 quum
1163 1955 1346 1998 album
1334 1970 1381 1998 m
1403 1956 1588 2014 nigrum
1613 1955 1906 2010 convertitur,
1920 1955 1996 1999 vel
2015 1956 2217 2014 snbstan-

255 2025 402 2079 tiales,
437 2024 552 2067 sicut
584 2036 725 2081 quum
753 2026 830 2066 a'e'r
854 2022 900 2065 in
933 2022 1111 2079 ignem;
1139 2022 1258 2065 unde
1286 2023 1611 2066 conversiones
1651 2021 1870 2066 formales
1904 2022 2216 2068 nominantur.

258 2091 348 2136 Sed
381 2091 427 2133 in
455 2089 756 2135 conversione
783 2089 1014 2147 praedicta
1041 2089 1298 2141 subiectum
1338 2091 1499 2134 transit
1537 2089 1586 2132 in
1611 2078 1870 2148 subiectum
1884 2099 1954 2134 et
1965 2089 2219 2135 accidentia

256 2168 467 2211 manent3
501 2156 620 2200 unde
656 2156 771 2199 haec
805 2156 1046 2199 conversio
1073 2156 1380 2200 substantialis
1414 2156 1692 2200 nominatur.
1725 2155 1782 2200 Et
1806 2155 2218 2215 quidemnqtia'liter

257 2224 508 2269 accidentia
533 2233 747 2267 maneant
765 2231 807 2266 et
833 2237 988 2282 quare,
1006 2223 1229 2280 posterius
1255 2223 1632 2280 perscrutandum
1657 2233 1738 2267 est.
1765 2223 1900 2268 Nunc
1920 2233 2218 2268 autemmon-

256 2291 453 2335 siderare
481 2299 663 2349 oportet
690 2289 926 2348 quomodo
953 2290 1209 2347 subjectum
1241 2290 1287 2332 in
1319 2289 1575 2347 subjectum
1610 2299 1834 2344 vertatur;
1875 2289 2001 2349 quod
2032 2289 2219 2350 quidem

254 2368 415 2402 natura
447 2355 597 2400 facere
623 2370 718 2400 non
743 2365 906 2414 potest.
938 2356 1106 2400 Omnis
1134 2356 1257 2400 enim
1289 2366 1478 2400 naturae
1506 2357 1711 2415 operatio
1739 2357 1980 2401 materiam
2006 2370 2220 2417 praesup-

255 2425 398 2483 ponit,
425 2438 505 2482 per
527 2437 665 2482 quam
684 2423 884 2480 subiecta
911 2423 1268 2478 individuantur3
1301 2423 1422 2468 unde
1448 2433 1609 2467 natura
1634 2422 1784 2467 facere
1809 2437 1904 2468 non
1921 2434 2072 2483 potest
2095 2424 2219 2484 quod
2250 2450 2259 2454 v-

254 2491 372 2534 haec
405 2489 656 2535 substantia
682 2489 760 2532 fiat
780 2488 873 2542 illa,
901 2490 1018 2533 sicut
1045 2490 1167 2548 quod
1194 2489 1269 2533 hic
1296 2490 1462 2549 digitus
1495 2490 1573 2534 fiat
1603 2490 1681 2534 ille
1707 2490 1888 2550 digitus.
1915 2490 2008 2537 Sed
2027 2491 2220 2537 materia

257 2559 459 2615 subjecta
486 2567 555 2601 est
578 2556 733 2600 virtuti
764 2556 958 2611 divinae,
985 2571 1126 2615 quum
1144 2571 1226 2616 per
1246 2557 1394 2616 ipsam
1411 2557 1688 2615 producatur
1703 2559 1752 2602 in
1777 2570 1897 2613 esse3
1929 2559 2051 2604 unde
2067 2558 2220 2604 divina

258 2625 424 2668 virtute
450 2623 548 2668 fieri
581 2633 731 2682 potest
761 2623 883 2682 quod
916 2624 1031 2667 haec
1048 2623 1282 2668 individua
1314 2624 1564 2669 substantia
1588 2625 1636 2668 in
1662 2624 1789 2669 illam
1815 2625 2219 2683 praeexsistentem

258 2701 560 2735 convertatur.
595 2689 723 2733 Sicut
750 2704 871 2733 enim
899 2690 1061 2734 virtute
1094 2690 1311 2734 naturalis
1339 2691 1529 2749 agentis,
1557 2693 1684 2749 cujus
1712 2693 1918 2750 operatio
1950 2705 1999 2737 se
2016 2693 2225 2738 extendit⁴

256 2768 433 2802 tanturn
453 2757 507 2800 ad
535 2756 906 2801 immutationem
932 2756 1124 2811 formae,
1143 2767 1188 2802 et
1204 2758 1464 2802 exsistentia
1480 2758 1672 2817 subjecti
1695 2758 1949 2822 supposita,
1962 2759 2220 2807 hastatum

257 2826 303 2868 in
330 2824 440 2869 illud
466 2834 616 2868 totum
644 2826 923 2868 convertitur
944 2824 1198 2868 secundum
1223 2826 1526 2869 variationem
1562 2825 1731 2884 speciei
1763 2835 1813 2873 ‚et
1839 2824 2039 2887 formae*
2062 2836 2221 2885 utpote
2290 2855 2294 2887 3

257 2892 333 2936 hic
361 2895 438 2934 aer
463 2891 509 2934 in
546 2891 672 2934 hunc
699 2891 856 2949 ignem
889 2902 1172 2950 generatum,
1199 2893 1262 2936 ita
1294 2893 1456 2936 virtute
1489 2892 1656 2946 divina,
1697 2906 1815 2951 quae
1855 2892 2097 2942 materiam
2125 2906 2221 2940 non

260 2959 596 3017 praesupponit,
634 2958 713 3001 sed
750 2971 852 3000 earn
890 2959 1114 3016 producit,
1140 2959 1256 3003 haec
1292 2959 1484 3004 materia
1523 2959 1804 3007 convertitur
1828 2958 2035 3022 'in-iliam
2056 2966 2223 3019 „e‘tsper
2290 3011 2294 3017 ¹

264 3029 547 3082 consequens
578 3024 669 3067 hoc
703 3023 986 3068 individuum
1020 3025 1066 3069 in
1098 3025 1234 3081 illud;
1260 3026 1634 3070 individuationis
1671 3026 2106 3085 enim-principium
2132 3040 2225 3071 ma-

260 3092 372 3135 teria
399 3101 480 3143 est,
523 3091 639 3134 sicut
678 3090 827 3134 forma
860 3102 928 3136 est
954 3092 1228 3151 principium
1261 3093 1444 3151 speciei.
1487 3093 1606 3137 Hinc
1642 3103 1793 3138 autem
1827 3091 2224 3155 manifestmtest

262 3157 383 3216 quod
402 3157 447 3200 in
467 3158 766 3201 conversione
785 3159 1015 3215 praedicta
1034 3159 1161 3218 panis
1187 3160 1233 3204 in
1262 3174 1426 3218 corpus
1453 3159 1628 3205 Christi
1648 3175 1743 3206 non
1768 3169 1847 3207 est>
1870 3160 2057 3220 aliquod
2073 3161 2224 3220 tubff-
2291 3174 2294 3176 ’

266 3234 390 3268 ctum
424 3238 670 3268 commune
698 3239 971 3283 permanens
1007 3236 1111 3284 post
1143 3227 1510 3281 conversionem,
1544 3242 1686 3286 quum
1711 3226 2038 3288 transmutatio
2056 3227 2251 3277 finem,

268 3290 467 3333 cundum
488 3291 684 3348 primurn
703 3291 972 3348 subjectum,
999 3293 1122 3350 quod
1149 3303 1216 3337 est
1241 3292 1612 3338 individuationis
1630 3293 1926 3353 principium:
1950 3298 2139 3342 neeesse
2152 3302 2233 3341 οτι
2275 3283 2294 3338 >f

265 3366 419 3399 tamen
454 3355 620 3413 aliquid
647 3371 898 3410 remanere,
925 3368 975 3402 ut
1006 3374 1165 3403 verum
1206 3360 1263 3404 sit
1294 3359 1418 3418 quod
1444 3360 1629 3404 dicitur:
1665 3360 1759 3405 Hoc
1790 3366 1845 3407 est
1870 3367 2232 3420 eorpusmamff?

266 3436 380 3480 quae
406 3423 589 3480 quidem
616 3424 753 3467 verba
790 3434 895 3468 sunt
929 3425 1063 3483 hujus
1090 3426 1402 3471 conversionis
1433 3426 1735 3485 significativa
1759 3436 1805 3473 et
1826 3425 2019 3475 ἱκάνω
2022 3426 2088 3473 Et
2115 3426 2227 3487 quiff-
2292 3472 2294 3476 .

265 3488 512 3532 substantia
540 3490 667 3546 panis
694 3504 787 3534 non
822 3501 991 3545 manet,
1017 3506 1103 3536 nec
1137 3492 1288 3551 aliqua
1320 3493 1444 3552 prior
1469 3493 1676 3548 materia,
1703 3503 1751 3539 ut
1775 3502 2028 3556 ostensum.
2036 3502 2129 3549 sest,
2147 3501 2225 3541 nt-

267 3568 392 3599 cesse
408 3564 474 3599 est
488 3554 637 3600 dicere
655 3557 776 3615 quod
792 3568 976 3603 maneat
992 3557 1035 3602 id
1055 3559 1176 3616 quod
1195 3569 1263 3604 est
1278 3570 1455 3618 praeter
1477 3560 1775 3606 substantiam
1792 3560 1935 3619 panis.
1938 3557 2254 3625 Ηιιμιιόᾶι.
2270 3544 2294 3604 ἐξ·
