2332 3854
301 199 403 254 132
990 197 1147 236 LIBER
1187 197 1242 235 ιι.
1290 196 1564 236 CAP.XV1.

293 299 483 343 materia
509 298 812 358 spiritualium
839 309 883 343 et
910 298 1235 358 corporalium,
1261 312 1346 343 nec
1374 312 1621 375 corporum
1658 299 1925 346 coelestium
1960 311 2005 346 et
2040 305 2263 365 corrupti-

292 366 474 419 bilium;
502 367 623 425 quod
651 366 837 424 quidem
863 380 918 409 ex
942 366 1033 408 hoc
1061 375 1197 423 patet,
1225 364 1348 424 quod
1375 365 1590 424 recipere,
1617 368 1739 426 quod
1777 378 1844 412 est
1872 369 2131 444 proprietas
2162 385 2262 418 ma-

291 433 448 488 teriae,
478 447 573 476 non
607 433 811 490 ejusdem
838 433 1026 475 rationis
1064 441 1131 475 est
1170 432 1217 474 in
1258 432 1525 489 praedictis;
1565 448 1675 485 nam
1714 435 1915 494 receptio
1958 450 2074 494 quae
2115 448 2184 482 est
2213 439 2262 484 in

293 500 597 559 spiritualibus
625 510 692 543 est
717 499 1025 557 intelligibilis,
1052 499 1166 541 sicut
1199 498 1457 543 intellectus
1493 501 1651 559 recipit
1688 501 1863 559 species
1903 501 2260 562 intelligibilium

292 581 386 610 non
413 567 666 610 secundum
693 580 790 609 esse
818 565 1056 619 materiae3
1085 579 1279 623 corpora
1305 580 1414 610 vero
1443 567 1795 626 supercoelestia
1822 569 2046 627 recipiunt
2070 570 2262 630 innova-

292 633 461 677 tionem
494 633 619 686 situs,
646 646 738 674 non
768 642 920 675 autem
947 631 1294 678 innovationem
1321 633 1514 687 essendi,
1541 634 1658 678 sicut
1680 648 1874 692 corpora
1895 633 2125 686 inferiora.
2150 637 2260 686 Non

293 711 358 744 est
391 701 526 758 igitur
553 713 641 741 una
676 698 867 741 materia
901 712 1015 756 quae
1048 698 1106 742 sit
1130 698 1176 741 in
1203 699 1406 757 potentia
1434 700 1489 744 ad
1517 714 1614 744 esse
1653 700 1922 745 universale.
1965 702 2064 760 Ipse
2089 713 2260 766 antem

291 767 418 810 Deus
445 776 510 809 est
537 765 673 808 totius
702 779 798 807 esse
827 779 964 807 causa
990 765 1316 810 universaliter.
1342 766 1434 825 Ipsi
1460 767 1594 826 igitur
1624 766 1751 811 nulla
1783 768 1973 814 materia
2005 770 2260 833 proportio-

290 833 452 877 naliter
478 833 745 889 respondet3
778 845 873 874 non
898 832 1035 890 igitur
1062 833 1300 877 materiam
1326 846 1380 876 ex
1406 834 1675 878 necessitate
1701 835 1901 893 requirit.

381 900 615 956 Amplius:
643 912 1039 958 quorumcumque
1065 899 1112 942 in
1139 914 1291 943 rerum
1319 909 1480 943 natura
1507 910 1575 944 est
1601 900 1751 959 aliqua
1767 900 2005 960 proportio
2030 911 2075 946 et
2097 892 2259 962 aliquis

291 967 419 1020 ordo,
448 976 629 1025 oportet
655 980 797 1008 unum
825 979 985 1009 eorum
1012 980 1110 1010 esse
1138 967 1191 1009 ab
1221 965 1326 1020 alio,
1347 966 1421 1010 vel
1448 967 1583 1010 ambo
1619 968 1671 1010 ab
1701 966 1855 1026 aliquo
1887 970 2042 1013 tertio:
2078 979 2260 1027 oportet

291 1034 413 1077 enim
447 1033 655 1076 ordinem
688 1033 732 1075 in
767 1046 859 1075 uno
894 1033 1121 1086 constitui,
1147 1033 1466 1091 respondendo
1501 1034 1556 1077 ad
1590 1033 1737 1087 aliud3
1765 1033 1874 1093 alias
1908 1035 2022 1080 ordo
2056 1036 2130 1081 vel
2160 1050 2261 1095 pro-

289 1100 438 1160 portio
467 1111 583 1143 esset
611 1114 635 1142 a
664 1114 785 1157 casu,
812 1115 950 1158 quem
978 1100 1022 1143 in
1049 1100 1208 1158 primis
1235 1115 1386 1161 rerum
1411 1101 1643 1160 principiis
1668 1115 1838 1160 ponere
1866 1112 1934 1147 est
1958 1101 2258 1162 impossibile,

290 1168 394 1226 quia
420 1175 679 1225 sequeretur
707 1167 854 1225 magis
883 1167 1039 1210 omnia
1073 1166 1161 1210 alia
1187 1181 1286 1211 esse
1315 1181 1340 1210 a
1367 1181 1487 1211 casu.
1524 1168 1572 1212 Si
1613 1167 1750 1226 igitur
1786 1168 1843 1212 sit
1881 1167 2032 1228 aliqua
2069 1169 2259 1214 materia

289 1235 466 1278 divinae
494 1234 664 1278 actioni
689 1234 1049 1292 proportionata,
1077 1243 1258 1292 oportet
1294 1230 1368 1277 vel
1404 1234 1526 1292 quod
1569 1233 1763 1278 alterum
1803 1235 1861 1279 sit
1902 1235 1955 1278 ab
1995 1233 2155 1290 altero,
2184 1234 2259 1280 vel

288 1311 530 1360 utrumque
559 1315 584 1344 a
609 1301 758 1345 tertio.
788 1300 879 1345 Sed
902 1315 1043 1360 quum
1069 1302 1195 1344 Deus
1215 1300 1272 1344 sit
1288 1301 1487 1359 primum
1507 1315 1585 1344 ens
1604 1311 1648 1344 et
1665 1301 1811 1359 prima
1830 1315 1981 1356 causa,
1998 1315 2094 1347 non
2109 1312 2260 1361 potest

290 1383 388 1413 esse
417 1368 604 1413 effectus
631 1368 864 1422 materiae,
890 1382 975 1412 nec
1012 1378 1162 1427 potest
1199 1382 1297 1412 esse
1340 1368 1392 1411 ab
1433 1367 1583 1426 aliqua
1622 1369 1753 1412 tertia
1795 1382 1945 1413 causa.
1971 1365 2260 1429 Relinquitur

289 1436 438 1512 igitur,
465 1438 504 1480 si
529 1435 756 1479 invenitur
784 1436 935 1494 aliqua
962 1436 1151 1480 materia
1177 1434 1524 1494 proportionata
1556 1435 1734 1479 divinae
1768 1434 1952 1490 actioni,
1975 1434 2099 1495 quod
2131 1431 2255 1481 illius

287 1503 382 1562 ipse
416 1504 472 1547 sit
505 1517 655 1547 causa.
2327 1559 2332 1564 ·

377 1570 567 1615 Adhuc:
596 1570 719 1629 quod
747 1580 814 1614 est
838 1570 885 1613 in
913 1570 1088 1614 entibus
1114 1570 1329 1629 primurn,
1354 1579 1535 1628 oportet
1561 1583 1660 1614 esse
1702 1583 1891 1614 causam
1930 1583 2094 1615 eorum
2127 1584 2255 1634 quae

289 1647 418 1692 sunt;
445 1638 482 1681 si
509 1638 632 1682 enirn
658 1652 752 1681 non
780 1647 930 1682 essent
956 1647 1154 1691 causata,
1180 1651 1275 1681 non
1302 1647 1452 1681 essent
1479 1637 1531 1680 ab
1559 1637 1657 1696 ipso
1685 1637 1908 1693 ordinata,
1925 1638 2086 1696 utjam
2111 1647 2258 1682 osten-

286 1719 390 1749 sum
417 1715 484 1749 est
510 1705 630 1762 (Lib.
657 1705 691 1748 Ι.
720 1719 758 1748 c.
792 1706 895 1763 13.).
922 1705 1044 1748 Inter
1063 1715 1217 1748 actum
1244 1714 1397 1748 autem
1425 1713 1469 1747 et
1493 1704 1747 1762 potentiam
1772 1703 1874 1748 talis
1900 1713 1968 1749 est
1980 1700 2116 1759 ordo,
2132 1705 2256 1766 quod

286 1771 394 1816 licet
418 1773 465 1815 in
483 1786 575 1815 uno
595 1781 639 1816 et
657 1771 823 1816 eodem
850 1772 972 1830 quod
1000 1771 1274 1830 quandoque
1292 1781 1359 1815 est
1374 1771 1591 1829 potentia,
1611 1770 1885 1830 quandoque
1912 1779 2029 1824 actu,
2051 1771 2256 1830 potentia

286 1839 343 1883 sit
367 1839 490 1898 prior
514 1848 721 1897 ternpore
749 1853 888 1897 quarn
910 1848 1036 1882 actus
1062 1837 1192 1895 (licet
1213 1849 1339 1882 actus
1356 1838 1413 1882 sit
1429 1838 1553 1896 prior
1574 1838 1772 1894 natura),
1795 1847 1967 1891 tamen,
1989 1833 2257 1896 simpliciter

285 1905 534 1964 loquendo,
562 1915 742 1964 oportet
769 1915 922 1949 actum
950 1905 1164 1981 potentia.
1174 1906 1376 1964 priorem
1399 1918 1521 1959 esse;
1550 1904 1673 1962 quod
1696 1913 1819 1963 patet
1844 1918 1898 1948 ex
1919 1904 2010 1949 hoc
2033 1905 2158 1964 quod
2178 1919 2257 1964 po-

284 1973 424 2017 tentia
449 1986 543 2015 non
570 1972 836 2016 reducitur
826 1986 873 2015 ιιι
900 1982 1055 2015 actum
1080 1972 1168 2016 nisi
1194 1987 1274 2050 per
1301 1987 1382 2016 ens
1410 1982 1527 2015 actu.
1556 1971 1647 2015 Sed
1674 1971 1862 2016 materia
1890 1981 1959 2016 est
1981 1984 2062 2016 ens
2086 1971 2137 2015 in
2173 1986 2255 2030 po·
2297 2020 2311 2031 .

283 2040 436 2084 tentia.
471 2039 594 2098 Ergo
621 2049 802 2097 oportet
827 2039 950 2098 quod
977 2039 1118 2093 Deus,
1139 2041 1214 2097 qui
1233 2049 1301 2083 est
1318 2049 1444 2083 actus
1462 2039 1634 2098 primus
1664 2048 1708 2083 et
1732 2052 1886 2096 purus,
1906 2038 1963 2085 sit
1988 2035 2255 2102 simpliciter

285 2122 338 2151 ea
363 2107 500 2166 prior,
528 2117 573 2150 et
596 2121 676 2166 per
704 2120 991 2164 consequens
1019 2098 1156 2150 caus'a
1181 2106 1336 2165 ipsius.
1362 2106 1471 2150 Non
1499 2119 1610 2164 ergo
1638 2119 1747 2150 suae
1774 2105 1946 2149 actioni
1975 2118 2253 2169 praesuppo-

283 2174 403 2218 nitur
428 2173 619 2218 materia
645 2188 701 2218 ex
726 2173 1010 2218 necessitate.
2326 2211 2332 2229 ,

372 2242 510 2285 Item.
539 2240 730 2284 materia
756 2240 904 2317 prima
932 2240 1083 2299 aliquo
1111 2239 1253 2285 modo
1293 2249 1373 2294 est,
1415 2240 1521 2299 quia
1563 2249 1630 2283 est
1667 2252 1746 2284 ens
1788 2238 1836 2283 in
1875 2227 2094 2299 potentia.
2124 2226 2252 2290 Deus

284 2319 438 2352 autern
465 2318 532 2352 est
558 2321 692 2351 causa
721 2308 932 2351 omnium
958 2322 1074 2384 quae
1102 2318 1218 2361 sunt,
1261 2317 1310 2351 ιιι
1349 2322 1485 2366 supra
1527 2308 1587 2365 (c.
1633 2307 1722 2364 15.)
1758 2316 1993 2373 ostensum
2019 2316 2098 2353 est.
2123 2307 2253 2353 Deus
2318 2311 2332 2366 ’ἶ

283 2443 522 2487 materiam
551 2442 953 2501 praeexsistentem
979 2456 1073 2486 non
1101 2442 1300 2501 requirit.

372 2510 503 2554 Hanc
530 2519 684 2553 autem
710 2509 948 2554 veritatem
976 2509 1127 2552 divina
1155 2509 1388 2568 Scriptura
1415 2509 1671 2564 confirmat,
1713 2508 1870 2553 dicens
1904 2479 2057 2567 (Gen
2082 2486 2247 2568 1.1.):

281 2578 333 2622 In
359 2578 574 2637 principio
601 2578 764 2621 creavit
795 2578 909 2620 Deus
940 2576 1098 2620 coelum
1127 2582 1165 2621 et
1191 2582 1361 2620 terram.
1388 2576 1517 2621 Nihil
1542 2577 1666 2620 enim
1692 2586 1761 2621 est
1786 2575 1908 2621 aliud
1931 2590 2086 2623 creare
2109 2591 2251 2639 quam

283 2645 450 2702 absque
478 2643 666 2687 materia
694 2644 981 2702 praejacente
1009 2643 1215 2701 aliquid
1204 2658 1251 2686 ιιι
1279 2657 1376 2687 esse
1403 2643 1672 2702 producere.

371 2712 437 2755 Ex
461 2711 553 2755 hoc
578 2721 730 2754 autern
753 2709 1011 2754 confutatur
1037 2725 1161 2754 error
1188 2710 1493 2770 antiquorum
1503 2710 1902 2770 philosophorum,
1920 2710 1999 2771 qui
2018 2682 2250 2773 ponebant

283 2779 500 2822 materiae
528 2778 718 2822 omnino
745 2776 921 2822 nullam
948 2792 1134 2822 causam
1161 2791 1274 2832 esse,
1302 2791 1357 2822 eo
1384 2778 1543 2836 quod'
1532 2792 1579 2821 ιιι
1614 2777 1867 2823 actionibus
1907 2775 2248 2841 particularium

283 2845 515 2904 agentium
557 2859 737 2904 semper
762 2845 976 2889 videbant
1012 2844 1180 2903 aliquid
1218 2844 1387 2889 actioni
1427 2846 1712 2904 praejacere3
1754 2859 1809 2889 ex
1849 2858 1941 2904 quo
1982 2844 2249 2907 opinionem

282 2923 571 2971 sumpserunt
597 2912 810 2956 omnibus
838 2926 1150 2966 communem,
1178 2912 1299 2971 quod
1326 2926 1379 2956 ex
1405 2911 1551 2956 nihilo
1577 2911 1694 2955 nihil
1719 2911 1793 2967 fit;
1820 2911 1944 2971 quod
1983 2910 2182 2971 quidem
2198 2909 2248 2956 in

281 2979 625 3038 particularibus
652 2979 890 3037 agentibus
916 2993 1076 3022 verum
1110 2989 1190 3023 est.
1232 2979 1306 3022 Ad
1333 2978 1601 3023 universalis
1628 2990 1781 3023 autern
1809 2980 1999 3038 agentis,
2031 2978 2155 3055 quod
2180 2986 2249 3023 est
2319 2994 2332 3031 εξ

280 3047 418 3091 totius
445 3061 543 3091 esse
571 3047 784 3101 activum,
813 3047 1127 3104 cognitionem
1153 3047 1360 3090 nondum
1397 3057 1709 3104 pervenerant,
1746 3059 1884 3106 quem
1920 3041 2040 3096 nihil
2075 3042 2125 3089 in
2164 3058 2248 3090 sua

282 3114 460 3158 actione
487 3127 854 3174 praesupponere
880 3127 1067 3158 necesse
1095 3123 1175 3158 est.
