2332 3854
232 199 258 252 3
268 183 335 253 58
931 199 1085 240 LIBER
1125 200 1202 239 111.
1244 201 1364 239 cAP.
1405 201 1476 239 LI.

1013 410 1268 492 CAPUT
1309 411 1399 466 LI.

565 543 849 588 QUOMODO
891 544 1032 581 DEUS
1073 545 1172 582 PER
1210 544 1515 584 ESSENTIAM
1553 546 1851 585 VIDEATUR.

845 644 898 700 (I.
920 651 1035 703 part.
1069 652 1221 703 quaest.
1253 647 1353 693 XII.
1386 653 1466 691 art.
1499 648 1579 705 4.).

319 756 439 800 Cum
466 765 618 798 autem
644 754 924 812 impossibile
950 755 1007 799 sit
1031 755 1235 800 naturale
1263 756 1537 801 desiderium
1564 771 1662 802 esse
1688 757 1838 815 inane,
1856 757 1978 816 quod
2000 756 2184 818 quidem

229 832 360 875 esset,
386 822 423 865 si
447 835 540 864 non
568 830 685 864 esset
711 821 925 878 possibile
952 823 1186 881 pervenire
1205 822 1260 867 ad
1279 823 1480 868 divinam
1507 824 1804 868 substantiam
1824 819 2185 885 intelligendam,

228 888 349 947 quod
375 886 638 931 naturaliter
664 902 825 931 omnes
848 898 1023 932 mentes
1049 888 1320 944 desiderant,
1347 905 1534 935 necesse
1561 896 1633 935 est
1648 890 1797 935 dicere
1824 890 1948 949 quod
1969 886 2184 950 possibile

229 964 296 998 est
320 954 617 998 substantiam
643 954 732 997 Dei
766 954 868 998 vid
855 955 910 998 ri
946 969 1026 1013 per
1056 955 1355 1010 intellectum,
1383 966 1428 1001 et
1454 971 1479 1000 a
1511 956 1769 1038 substantiis
1800 954 2184 1002 intellectualibus

229 1020 460 1079 separatis.

315 1087 480 1131 Modus
500 1096 653 1130 autem
671 1087 804 1145 hujus
821 1086 1008 1131 visionis
1025 1088 1133 1132 satis
1149 1089 1243 1146 iam
1262 1102 1314 1132 ex
1333 1089 1477 1143 dictis,
1497 1089 1641 1148 qualis
1665 1103 1764 1134 esse
1788 1089 1964 1143 debeat,
1985 1099 2184 1151 apparet.

230 1154 481 1198 Ostensum
508 1153 631 1196 enim
658 1162 724 1197 est
749 1167 883 1212 supra
911 1155 971 1211 (c.
998 1154 1109 1214 49.),
1137 1155 1259 1214 quod
1286 1155 1438 1199 divina
1479 1156 1726 1200 substantia
1751 1170 1846 1199 non
1869 1165 2021 1217 potest
2044 1155 2186 1201 videri

226 1236 305 1280 per
329 1220 611 1265 intellectum
636 1220 683 1264 in
711 1219 862 1279 aliqua
888 1221 1038 1280 specie
1066 1232 1229 1265 creata.
1260 1221 1394 1265 Unde
1427 1232 1620 1280 oportet,
1643 1222 1682 1266 si
1706 1222 1795 1265 Dei
1821 1221 2014 1267 essentia
2035 1221 2188 1273 videa-

223 1298 310 1341 tur,
335 1287 457 1346 quod
483 1301 562 1344 per
586 1287 830 1345 ipsammet
856 1287 1100 1331 essentiam
1129 1287 1332 1332 divinam
1358 1287 1620 1334 intellectus
1661 1288 1811 1347 ipsam
1850 1287 2016 1343 videat,
2042 1298 2092 1333 ut
2118 1284 2184 1333 'sic

226 1354 272 1397 in
303 1353 383 1397 tali
407 1353 584 1397 visione
609 1353 762 1396 divina
788 1353 982 1398 essentia
1008 1355 1066 1398 sit
1092 1363 1137 1398 et
1162 1354 1283 1413 quod
1311 1355 1506 1408 videtur,
1535 1364 1579 1398 et
1604 1369 1694 1413 quo
1726 1349 1915 1399 videtur.

317 1419 438 1464 Cum
465 1428 616 1463 autem
652 1419 909 1464 intellectus
946 1421 1245 1464 substantiam
1279 1420 1480 1480 aliquam
1513 1421 1767 1479 intelligere
1798 1435 1894 1465 non
1926 1422 2070 1485 possit
2099 1419 2189 1467 nisi

227 1486 306 1530 fiat
331 1497 448 1542 actu,
476 1486 730 1530 secundum
757 1486 957 1546 aliquam
983 1488 1186 1546 speciem
1201 1486 1559 1531 informantem'
1549 1501 1698 1546 ipsum
1717 1501 1832 1546 quae
1857 1487 1915 1532 sit
1938 1480 2187 1533 similitudo

228 1553 293 1597 rei
317 1552 590 1607 intellectae,
616 1553 898 1612 impossibile
924 1553 1068 1598 videri
1092 1563 1243 1612 potest
1268 1553 1419 1607 alicui,
1447 1554 1569 1612 quod
1599 1568 1678 1612 per
1710 1553 1956 1599 essentiam
1986 1545 2188 1600 divinam

228 1619 484 1664 intellectus
513 1630 690 1663 creatus
716 1619 860 1678 possit
883 1619 1075 1663 videre'
1063 1634 1211 1677 ipsam
1233 1620 1321 1664 Dei
1348 1619 1647 1664 substantiam
1681 1619 1811 1679 quasi
1840 1615 1920 1696 per
1941 1616 2187 1679 quamdam

229 1687 430 1744 speciem
455 1685 806 1744 intelligibilem,
834 1700 940 1730 cum
967 1685 1117 1729 divina
1145 1686 1337 1730 essentia
1365 1687 1421 1730 sit
1447 1686 1679 1745 quoddam
1701 1701 1783 1745 per
1817 1686 2015 1745 seipsum
2051 1683 2189 1742 subsi-

229 1763 365 1807 stens,
393 1762 436 1796 et
452 1753 498 1796 in
516 1753 665 1811 primo
693 1753 754 1810 (c.
782 1752 875 1809 27.)
903 1762 1137 1796 ostensum
1155 1753 1225 1806 sit,
1252 1752 1373 1811 quod
1391 1753 1517 1796 Deus
1543 1751 1714 1796 nullius
1740 1762 1891 1811 potest
1911 1766 2010 1799 esse
2022 1749 2186 1799 forma.
2210 1749 2214 1750 ⁷

239 1875 241 1877 Ι
316 1819 389 1864 Ad
415 1820 550 1878 hujus
575 1819 715 1878 igitur
739 1818 1089 1878 intelligentiam
1121 1819 1321 1864 veritatis
1349 1818 1747 1872 considerandum,
1774 1818 1896 1895 quod
1938 1818 2186 1870 substantia

227 1901 342 1946 quae
360 1897 427 1931 est
442 1900 520 1945 per
537 1887 685 1945 seipsa
702 1885 946 1930 subsistens
966 1896 1032 1930 est
1047 1885 1122 1929 vel
1137 1885 1285 1929 forma
1302 1896 1494 1939 tantum,
1507 1885 1582 1930 vel
1595 1885 1905 1945 compositum
1918 1899 1974 1930 ex
1991 1884 2184 1931 materia

230 1963 275 1997 et
285 1952 446 1996 forma.
461 1951 576 1996 Illud
595 1953 730 2011 igitur
747 1953 869 2011 quod
883 1966 937 1996 ex
949 1954 1138 1996 materia
1157 1962 1200 1996 et
1215 1951 1363 1996 forma
1377 1952 1684 2011 compositum
1697 1962 1764 1996 est
1780 1965 1874 1996 non
1891 1961 2042 2011 potest
2059 1943 2186 1996 alteri

230 2034 329 2064 esse
354 2018 516 2073 forma,
539 2019 645 2078 quia
669 2018 855 2063 forma
843 2033 890 2062 m
917 2033 973 2063 eo
1001 2029 1067 2063 est
1091 2021 1185 2077 jam
1215 2029 1449 2063 contracta
1483 2019 1539 2063 ad
1571 2018 1698 2063 illam
1724 2020 1978 2074 materiam,
2002 2028 2052 2062 ut
2083 2017 2188 2064 alte-

228 2087 320 2130 rius
347 2087 409 2130 rei
428 2084 578 2130 forma
596 2099 694 2130 esse
719 2099 814 2129 non
839 2086 996 2143 possit.
1023 2084 1139 2130 Illud
1169 2094 1320 2130 autem
1347 2085 1469 2144 quod
1495 2085 1559 2129 sic
1587 2095 1654 2130 est
1679 2085 1940 2139 subsistens,
1957 2095 2006 2130 ut
2030 2081 2187 2131 tamen

230 2153 381 2197 solum
408 2152 465 2197 sit
485 2151 650 2206 forma,
678 2161 828 2228 potest
853 2151 982 2196 alteri
1008 2166 1107 2196 esse
1128 2151 1291 2206 forma,
1315 2153 1568 2196 dummodo
1596 2166 1694 2196 esse
1726 2166 1860 2196 suum
1885 2151 1943 2196 sit
1957 2144 2047 2197 tale
2064 2152 2187 2212 quod

230 2218 284 2263 ab
313 2219 466 2278 aliquo
502 2218 592 2263 alio
628 2219 886 2278 participari
924 2219 1082 2278 possit,
1126 2220 1242 2263 sicut
1281 2219 1326 2262 in
1345 2218 1566 2263 secundo
1593 2219 1653 2277 (c.
1688 2216 1782 2275 68.)
1815 2218 2096 2263 ostendimus
2130 2217 2185 2263 de

232 2286 384 2329 anima
409 2285 627 2329 humana.
657 2286 706 2329 Si
731 2299 840 2330 vero
868 2299 966 2329 esse
992 2300 1126 2330 suum
1154 2286 1207 2329 ab
1237 2284 1378 2330 altero
1418 2285 1677 2344 participari
1712 2298 1807 2329 non
1832 2285 1990 2347 possit,
2019 2282 2187 2338 nullius

230 2352 296 2397 rei
316 2352 466 2396 forma
493 2366 591 2397 esse
617 2353 783 2411 possit:
827 2353 891 2397 sic
919 2353 1041 2396 enim
1073 2367 1153 2412 per
1179 2367 1313 2397 suum
1340 2367 1437 2397 esse
1464 2353 1787 2397 determinatur
1811 2352 1859 2396 in
1883 2353 2049 2412 seipse,
2070 2351 2188 2397 sicut

231 2433 347 2479 quae
374 2429 478 2463 sunt
509 2418 759 2463 materialia
786 2434 864 2478 per
890 2419 1145 2463 materiam.
1173 2419 1276 2463 Hoc
1304 2429 1456 2464 autem
1473 2419 1589 2463 sicut
1606 2419 1654 2463 in
1673 2433 1771 2463 esse
1798 2416 2096 2472 substantiali,
2111 2416 2187 2462 vel

230 2485 427 2529 naturali
451 2486 692 2539 invenitur,
719 2487 783 2530 sic
811 2495 855 2530 et
878 2486 925 2529 in
952 2500 1050 2530 esse
1076 2485 1348 2545 intelligibili
1380 2485 1760 2531 considerandum
1788 2495 1869 2530 est.
1908 2484 2030 2530 Cum
2062 2485 2186 2538 enim

231 2553 488 2598 intellectus
515 2552 732 2612 perfectio
760 2553 816 2597 sit
842 2567 1016 2606 verum,
1039 2551 1148 2596 illud
1175 2551 1458 2611 intelligibile
1486 2553 1570 2597 erit
1596 2562 1645 2596 ut
1669 2551 1818 2596 forma
1843 2562 2020 2604 tantum
2043 2553 2089 2596 in
2114 2565 2187 2610 ge·

230 2634 338 2664 nere
364 2619 735 2678 intelligibilium,
762 2620 884 2679 quod
911 2629 979 2663 est
1003 2619 1167 2663 veritas
1193 2619 1305 2678 ipsa,
1331 2619 1454 2678 quod
1473 2619 1687 2663 convenit
1702 2618 1790 2663 soli
1804 2618 1922 2663 Deo.
1938 2617 2061 2663 Nam
2079 2631 2185 2662 cum

230 2701 391 2731 verum
418 2697 633 2745 sequatur
660 2687 715 2730 ad
742 2701 855 2740 esse,
882 2685 993 2730 illud
1019 2695 1195 2729 tantum
1228 2700 1309 2729 sua
1346 2687 1510 2730 veritas
1538 2695 1618 2739 est,
1645 2684 1767 2744 quod
1803 2694 1871 2729 est
1903 2696 2038 2730 suum
2071 2697 2185 2738 esse,

232 2753 354 2812 quod
382 2763 449 2797 est
474 2754 709 2812 proprium
735 2752 822 2798 soli
846 2753 964 2806 Deo,
982 2762 1029 2796 ut
1051 2753 1096 2796 in
1120 2753 1321 2796 secundo
1349 2753 1410 2811 (c.
1439 2751 1527 2810 15.)
1555 2761 1791 2796 ostensum
1817 2760 1896 2796 est.
1924 2750 2028 2796 Alia
2048 2750 2185 2810 igitur

234 2820 547 2879 intellegibilia
569 2821 856 2865 subsistentia
873 2830 977 2864 sunt
993 2834 1085 2863 non
1104 2830 1153 2864 ut
1170 2834 1280 2878 pura
1297 2818 1447 2863 forma
1463 2820 1510 2863 in
1527 2833 1693 2878 genere
1718 2817 2085 2877 intelligibilium,
2105 2816 2185 2862 sed

234 2896 280 2932 ut
305 2886 505 2932 formam
530 2887 576 2932 in
603 2888 808 2946 subjecto
837 2887 990 2946 aliquo
1016 2887 1258 2930 habentes:
1288 2896 1355 2931 est
1382 2886 1504 2930 enim
1531 2884 1891 2944 unumquodque
1918 2898 2076 2929 eorum
2107 2897 2185 2928 ve-

232 2968 348 3008 rum,
374 2968 468 2998 non
490 2954 676 3009 veritas;
704 2954 820 2998 sicut
853 2964 898 2998 et
930 2963 996 2997 est
1030 2967 1123 3006 ens,
1151 2967 1245 2996 non
1283 2963 1435 2997 autem
1472 2954 1623 3011 ipsum
1650 2966 1762 2996 esse.
1796 2949 2088 2996 Manifestum
2120 2959 2188 2995 est

231 3018 367 3080 igitur
384 3022 505 3080 quod
525 3022 718 3081 essentia
737 3021 888 3064 divina
905 3030 1054 3079 potest
1071 3020 1327 3078 comparari
1345 3020 1399 3063 ad
1418 3018 1699 3063 intellectum
1727 3027 1928 3062 creatum
1947 3027 1997 3062 ut
2012 3016 2186 3075 species
2226 3046 2230 3052 -

231 3087 544 3146 intelligibilis,
567 3102 656 3147 qua
682 3086 915 3146 intelligit:
945 3087 1067 3146 quod
1092 3101 1187 3130 non
1214 3086 1438 3144 contingit
1464 3085 1519 3130 de
1547 3084 1742 3130 essentia
1780 3083 1970 3143 alicuius
2003 3082 2185 3128 alterius

233 3155 507 3214 substantiae
533 3165 785 3214 separatae.

321 3221 417 3265 Nec
444 3231 598 3265 tamen
625 3231 773 3280 potest
799 3234 897 3264 esse
917 3218 1064 3263 forma
1083 3218 1265 3263 alterius
1284 3219 1347 3262 rei
1372 3218 1624 3277 secundum
1651 3231 1750 3263 esse
1776 3214 1995 3261 naturale.
2019 3215 2186 3280 Seque-

234 3299 355 3333 retur
382 3289 505 3332 enim
532 3288 654 3347 quod
688 3286 825 3332 simul
852 3301 956 3331 cum
985 3286 1136 3344 aliquo
1161 3285 1285 3329 unita
1313 3286 1607 3329 constitueret
1632 3298 1771 3328 unam
1795 3293 2030 3338 naturam;
2062 3282 2184 3342 quod

234 3370 330 3400 esse
356 3369 450 3398 non
477 3365 639 3414 potest,
669 3369 774 3399 cum
801 3353 994 3398 essentia
1027 3352 1178 3396 divina
1203 3352 1250 3395 in
1276 3366 1324 3396 se
1351 3351 1549 3410 perfecta
1575 3351 1633 3396 sit
1652 3351 1700 3395 in
1717 3351 1784 3395 sui
1806 3359 1979 3401 natura.
1997 3348 2184 3408 Species

235 3432 387 3465 autem
421 3421 715 3480 intelligibilis
757 3422 881 3465 unita
912 3418 1164 3463 intellectui
1204 3432 1299 3462 non
1341 3419 1574 3462 constituit
1615 3417 1815 3477 aliquam
1846 3425 2072 3470 naturam,
2104 3416 2184 3461 sed

235 3486 407 3546 perficit
443 3487 592 3546 ipsum
619 3486 674 3531 ad
696 3485 1067 3544 intelligendum:
1096 3483 1218 3543 quod
1251 3483 1517 3543 perfectioni
1545 3483 1723 3528 divinae
1756 3482 1980 3528 essentiae
2000 3494 2095 3526 non
2121 3493 2186 3525 re-

234 3564 417 3614 pugnat.

2320 3449 2323 3456 ι

2316 3482 2326 3498 ‚8-

2313 3499 2327 3536 ἐ

2326 3543 2329 3550 ,
