2332 3854
811 231 967 272 LIBER
1004 231 1061 271 11.
1103 229 1223 270 cAP.
1263 227 1413 268 XCVI·
1978 225 2095 288 ,277

146 349 195 385 ut
219 352 273 384 ex
297 335 558 398 praemissis
583 335 645 393 (c.
679 334 772 394 78.)
798 335 1013 390 habetur;
1038 333 1294 380 intellectus
1326 341 1480 378 autem
1511 330 1742 375 humanae
1769 330 1949 373 animae
1977 329 2097 387 obje-

143 414 271 452 ctum
297 406 366 450 est
389 404 673 462 phantasma,
699 411 748 446 ut
772 416 906 461 supra
934 403 993 459 (c.
1016 400 1110 459 60.)
1132 402 1304 446 dictum
1322 408 1403 453 est,
1421 397 1544 458 quod
1560 406 1628 442 est
1644 395 1846 454 superius
1872 396 1917 439 in
1940 396 2097 440 ordine

144 472 430 530 objectorum
452 483 590 529 quam
616 482 687 513 res
714 468 937 513 sensibilis
969 478 1092 512 extra
1119 468 1321 512 animam
1353 467 1583 518 exsistens,
1610 463 1727 507 sicut
1752 477 1807 507 ex
1833 461 1992 506 ordine
2013 462 2099 506 vir-

143 547 293 584 tutum
310 537 645 596 cognitivarum
663 544 858 595 apparet.
881 535 1127 592 Objectum
1145 535 1280 593 igitur
1298 532 1572 578 substantiae
1589 539 1821 589 separatae
1838 543 1932 573 non
1949 539 2099 588 potest

144 619 244 651 esse
269 605 487 650 exsistens
514 613 639 648 extra
665 603 867 647 animam
885 612 933 645 ut
960 602 1013 645 ab
1033 616 1087 647 ea
1104 601 1367 646 immediate
1385 599 1578 658 accipiat
1600 596 1928 655 cognitionem,
1947 609 2096 654 neque

142 672 436 732 phantasma3
462 669 726 729 relinquitur
742 669 877 727 igitur
895 668 1016 727 quod
1036 668 1267 725 objectum
1288 665 1543 711 intellectus
1566 663 1839 710 substantiae
1864 671 2097 722 separatae

115 739 199 790 ,sit
225 738 393 797 aliquid
420 737 553 782 altius
579 737 910 795 phantasmate.
939 734 1066 778 Nihil
1094 745 1246 779 autem
1273 744 1341 778 est
1367 733 1498 778 altius
1525 733 1844 792 phantasmate
1865 730 1912 774 in
1935 729 2095 778 ordine

142 806 429 863 obiectorum
457 802 852 863 cognoscibilium,
879 802 965 846 nisi
996 803 1041 845 id
1074 801 1196 860 quod
1235 811 1300 845 est
1337 799 1621 859 intelligibile
1655 808 1774 843 actu.
1810 796 2098 841 Substantiae

141 872 279 931 igitur
303 881 538 930 separatae
564 884 657 915 non
687 870 915 929 accipiunt
941 869 1254 927 cognitionem
1280 867 1604 912 intellectivam
1635 880 1661 910 a
1692 862 1991 918 sensibilibus,
2017 863 2097 908 sed

142 937 402 997 intelligunt
428 951 481 982 ea
506 952 623 996 quae
650 947 753 981 sunt
784 950 863 996 per
888 937 1036 994 seipsa
1063 935 1200 980 etiam
1228 934 1541 993 intelligibilia.

230 1005 419 1050 Adhuc:
447 1003 698 1049 secundum
726 1003 933 1048 ordinem
960 1002 1274 1046 intellectuum
1301 1012 1368 1046 est
1394 1002 1507 1046 ordo
1530 999 1897 1059 intelligibilium.
1930 997 2020 1043 Sed
2043 1012 2098 1043 ea

63 1116 69 1124 ,
143 1086 260 1132 quae
285 1081 389 1117 sunt
412 1070 665 1116 secundum
691 1071 837 1130 seipsa
869 1069 1171 1128 intelligibilia
1203 1079 1307 1113 sunt
1338 1069 1584 1127 superiora,
1617 1068 1664 1112 in
1700 1068 1858 1112 ordine
1890 1065 2100 1125 intelligi-

141 1139 316 1193 bilium,
341 1139 411 1184 his
437 1152 552 1198 quae
578 1152 673 1182 non
699 1147 803 1183 sunt
823 1137 1124 1196 intelligibilia
1142 1137 1227 1180 nisi
1254 1137 1359 1195 quia
1379 1151 1464 1181 nos
1483 1136 1675 1180 facimus
1694 1150 1747 1179 ea
1773 1132 2096 1192 intelligibilia3

142 1206 368 1266 ejusmodi
394 1215 547 1250 autem
573 1215 754 1264 oportet
779 1219 879 1250 esse
905 1204 1061 1248 omnia
1088 1203 1387 1262 intelligibilia
1411 1218 1437 1247 a
1462 1202 1745 1248 sensibilibus
1765 1210 1966 1260 accepta,
1987 1213 2097 1244 nam

140 1272 372 1319 sensibilia
395 1287 490 1317 non
515 1282 619 1316 sunt
645 1273 896 1317 secundum
919 1286 967 1316 se
989 1270 1315 1329 intelligibilia;
1342 1269 1606 1329 hujusmodi
1624 1280 1777 1314 autem
1795 1265 2096 1327 intelligibilia

139 1350 246 1386 sunt
270 1354 386 1400 quae
410 1339 622 1399 intelligit
648 1339 902 1384 intellectus
925 1349 1094 1383 noster.
1117 1337 1379 1383 Intellectus
1397 1338 1534 1397 igitur
1550 1336 1827 1382 substantiae
1846 1343 2096 1394 separatae,

18 1407 35 1428 ‘⁹
91 1426 95 1431 ⁴
141 1421 283 1467 quum
308 1407 365 1452 sit
386 1407 591 1467 superior
615 1406 847 1451 intellectu
874 1415 1050 1460 nostro,
1076 1420 1168 1450 non
1194 1405 1408 1463 intelligit
1429 1404 1731 1464 intelligibilia
1758 1418 1784 1448 a
1810 1401 2096 1448 sensibilibus
2145 1441 2147 1445 Α

141 1483 343 1534 accepta,
368 1474 447 1519 sed
474 1487 589 1533 quae
616 1483 721 1518 sunt
742 1474 992 1518 secundum
1016 1487 1063 1517 se
1088 1471 1392 1531 intelligibilia
1419 1481 1535 1517 actu.

229 1539 464 1600 Amplius:
497 1541 661 1585 modus
709 1540 986 1600 operationis
1025 1540 1233 1599 propriae
1268 1534 1455 1597 alicujus
1498 1539 1562 1583 rei
1604 1537 2003 1598 proportionaliter
2034 1549 2098 1580 re-

140 1607 333 1668 spondet
363 1607 504 1652 modo
530 1607 805 1651 substantiae
838 1618 881 1651 et
914 1616 1102 1650 naturae
1129 1606 1282 1664 ipsius.
1311 1606 1571 1651 Substantia
1598 1615 1750 1650 autem
1790 1613 1998 1664 separata
2030 1613 2099 1648 est

140 1674 395 1719 intellectus
421 1688 501 1734 per
526 1688 574 1718 se
601 1676 832 1727 exsistens,
865 1688 959 1717 non
991 1673 1038 1716 in
1072 1687 1264 1732 corpore
1299 1672 1466 1732 aliquo.
1503 1673 1725 1732 Operatio
1757 1672 1894 1731 igitur
1924 1669 2098 1715 intelle-

141 1740 302 1786 ctualis
335 1741 430 1799 ejus
463 1740 546 1784 erit
581 1739 935 1799 intelligibilium
970 1755 1086 1799 quae
1118 1754 1214 1784 non
1251 1750 1353 1784 sunt
1389 1739 1576 1783 fundata
1611 1740 1658 1783 in
1695 1739 1847 1797 aliquo
1887 1751 2095 1797 corpore.

147 1807 321 1853 Omnia
348 1817 499 1851 autem
533 1806 836 1865 intelligibilia
869 1821 893 1850 a
926 1806 1209 1851 sensibilibus
1243 1817 1428 1866 accepta
1462 1817 1566 1851 sunt
1596 1807 1642 1850 in
1674 1806 1898 1865 aliquibus
1939 1818 2098 1864 corpo-

140 1874 263 1918 ribus
290 1873 543 1934 aliqualiter
574 1873 775 1928 fundata,
808 1874 926 1918 sicut
955 1873 1257 1932 intelligibilia
1283 1884 1438 1918 nostra
1470 1875 1515 1918 in
1549 1873 1954 1932 phantasmatibus,
1981 1885 2097 1931 quae

142 1951 247 1987 sunt
271 1942 319 1986 in
345 1942 528 2002 organis
556 1942 803 2001 corporeis.
832 1942 1121 1986 Substantiae
1147 1941 1284 2000 igitur
1309 1950 1542 2001 separatae
1568 1955 1662 1985 non
1690 1941 1918 2000 accipiunt
1944 1939 2097 1999 cogni-

142 2009 319 2054 tionem
342 2023 396 2053 ex
418 2008 716 2054 sensibilibus.

230 2075 420 2121 Adhuc:
449 2075 565 2121 sicut
591 2076 780 2120 materia
813 2076 959 2135 prima
998 2086 1065 2120 est
1096 2075 1307 2120 infimum
1338 2076 1386 2120 in
1418 2076 1577 2120 ordine
1611 2089 1764 2119 rerum
1796 2073 2093 2128 sensibilium,

142 2151 187 2188 et
217 2156 297 2202 per
321 2143 412 2187 hoc
440 2153 507 2188 est
531 2143 577 2187 in
603 2144 808 2202 potentia
833 2153 1010 2187 tantum
1034 2143 1088 2187 ad
1113 2158 1274 2187 omnes
1296 2143 1466 2187 formas
1488 2142 1736 2196 sensibiles,
1758 2143 1819 2187 ita
1841 2141 2098 2186 intellectus

140 2209 380 2270 possibilis,
406 2210 590 2255 infimus
615 2210 661 2254 in
681 2210 840 2254 ordine
862 2209 1216 2269 intelligibilium
1235 2211 1467 2264 exsistens,
1491 2220 1559 2254 est
1578 2211 1625 2260 in
1642 2209 1844 2268 potentia
1867 2210 1922 2252 ad
1941 2208 2098 2252 omnia

139 2275 453 2336 intelligibilia,
477 2286 525 2322 ut
550 2291 605 2321 ex
630 2277 889 2336 praemissis
917 2278 978 2335 (c.
1010 2277 1099 2338 59.)
1126 2287 1260 2336 patet.
1290 2278 1380 2321 Sed
1408 2292 1463 2322 ea
1489 2292 1606 2336 quae
1628 2286 1732 2321 sunt
1755 2277 1802 2321 in
1826 2276 1984 2320 ordine
2002 2290 2098 2320 sen-

140 2342 336 2389 sibilium
364 2358 500 2403 supra
531 2344 771 2388 materiam
798 2347 1008 2403 primam,
1035 2345 1206 2388 habent
1237 2345 1283 2388 in
1316 2355 1419 2389 actu
1453 2358 1582 2389 suam
1614 2344 1815 2388 formam
1846 2358 1926 2403 per
1957 2358 2096 2402 quam

34 2412 65 2444 *-
140 2410 473 2455 constituuntur
499 2412 543 2455 in
568 2425 666 2455 esse
694 2411 909 2458 sensibili.
934 2412 1222 2456 Substantiae
1249 2412 1386 2470 igitur
1413 2422 1662 2470 separatae,
1690 2426 1806 2470 quae
1833 2420 1937 2456 sunt
1961 2411 2007 2454 in
2031 2425 2100 2454 or-

48 2483 54 2525 ἶ
139 2476 246 2523 dine
270 2477 621 2536 intelligibilium
649 2492 783 2537 supra
802 2478 1084 2523 intellectum
1102 2479 1365 2537 possibilem
1390 2479 1661 2534 humanum,
1683 2489 1787 2523 sunt
1809 2488 1910 2522 actu
1933 2480 1979 2522 in
1998 2491 2098 2522 esse

34 2555 66 2569 ²
138 2542 436 2602 intelligibili;
467 2544 723 2590 intellectus
758 2545 882 2590 enim
914 2546 1142 2606 accipiens
1178 2547 1493 2605 cognitionem
1527 2561 1553 2591 a
1585 2546 1871 2592 sensibilibus
1903 2560 1997 2590 non
2030 2555 2098 2590 est

37 2615 52 2626 '‘
140 2619 244 2656 actu
268 2611 315 2655 in
347 2624 445 2656 esse
470 2611 756 2671 intelligibili,
782 2612 861 2656 sed
887 2613 934 2658 in
960 2613 1180 2672 potentia.
1209 2613 1471 2658 Substantia
1502 2614 1641 2673 igitur
1667 2623 1874 2672 separata
1900 2627 1995 2661 non
2029 2627 2100 2656 ac-

134 2677 249 2738 *cipit
273 2678 587 2738 cognitionem
615 2693 640 2723 a
665 2679 965 2725 sensibilibus.

223 2746 412 2791 Adhuc:
440 2746 657 2806 perfectio
679 2757 867 2792 naturae
889 2748 1134 2806 superioris
1151 2761 1245 2792 non
1271 2747 1496 2807 dependet
1523 2763 1548 2792 a
1574 2758 1737 2792 natura
1762 2746 1976 2791 inferiori.
1995 2746 2100 2791 Per-

72 2822 82 2828 ·’
139 2810 277 2858 sectio
295 2822 448 2858 autem
467 2813 741 2859 substantiae
759 2823 1006 2873 separatae,
1024 2829 1164 2874 quum
1191 2815 1248 2859 sit
1272 2814 1606 2870 intellectualis,
1625 2825 1692 2859 est
1708 2815 1756 2858 in
1781 2813 2095 2872 intelligendo.

141 2879 310 2925 Earum
335 2880 472 2939 igitur
497 2880 751 2940 intelligere
777 2895 873 2926 non
899 2881 1126 2941 dependet
1151 2897 1176 2926 a
1203 2882 1334 2927 rebus
1368 2881 1669 2937 sensibilibus,
1695 2882 1760 2926 sic
1794 2881 1915 2940 quod
1944 2880 1997 2924 ab
2032 2881 2097 2926 eis

141 2947 455 3008 cognitionem
482 2948 719 3007 accipiant.

228 3014 361 3059 Patet
383 3024 534 3059 autem
552 3029 605 3059 ex
626 3015 716 3060 hoc
735 3015 871 3075 quod,
888 3016 934 3060 in
953 3016 1212 3061 substantiis
1230 3016 1462 3074 separatis,
1484 3030 1578 3061 non
1597 3027 1664 3061 est
1680 3016 1938 3061 intellectus
1957 3030 2096 3075 agens

142 3091 186 3127 et
216 3079 458 3140 possibilis,
492 3081 579 3125 nisi
614 3080 731 3127 forte
767 3083 1030 3142 aequivoce.
1072 3083 1334 3128 Intellectus
1363 3083 1487 3128 enim
1520 3082 1747 3142 possibilis
1786 3093 1831 3128 et
1868 3097 2010 3142 agens
2050 3084 2097 3127 in

38 3140 70 3152 ”
142 3147 295 3193 anima
319 3146 598 3194 intellectiva
622 3149 925 3205 inveniuntur,
952 3161 1135 3210 propter
1166 3151 1256 3195 hoc
1284 3151 1404 3210 quod
1440 3151 1605 3210 accipit
1631 3150 1945 3209 cognitionem
1972 3151 2098 3195 intel·

40 3257 66 3272 ,ἱ
139 3214 353 3260 lectivam
380 3229 405 3260 a
431 3214 739 3270 sensibilibus;
761 3231 869 3261 narn
896 3217 1151 3262 intellectus
1180 3232 1318 3277 agens
1345 3228 1413 3262 est
1438 3218 1515 3277 qui
1547 3217 1655 3261 facit
1681 3217 1869 3276 species,
1898 3232 1923 3262 a
1950 3218 2095 3262 sensi·

141 3280 304 3327 bilibus
321 3292 545 3341 acceptaS,
563 3296 663 3328 esse
683 3283 1014 3343 intelligibiles;
1040 3284 1295 3329 intellectus
1315 3295 1467 3329 autem
1490 3284 1717 3343 possibilis
1735 3294 1803 3328 est
1823 3284 1869 3328 in
1893 3284 2096 3343 potentia

42 3354 50 3368 ”
145 3347 201 3392 ad
227 3361 388 3393 omnes
413 3348 582 3394 formas
609 3350 889 3395 sensibilium
916 3352 1275 3410 cognoscendas.
1306 3352 1464 3403 Quum
1496 3351 1633 3409 igitur
1665 3351 1941 3395 substantiae
1967 3365 2095 3410 sepa-

16 3415 73 3477 ζ ζὲῇ·
144 3423 268 3460 ratae
283 3429 378 3459 non
395 3416 621 3474 accipiant
638 3417 949 3476 cognitionem
972 3432 998 3462 a
1019 3418 1318 3472 sensibilibus,
1339 3432 1434 3463 non
1453 3428 1521 3463 est
1537 3418 1582 3462 in
1603 3418 1665 3462 eis
1685 3418 1939 3463 intellectus
1958 3430 2098 3477 agens

21 3477 73 3557 'ff‘
146 3490 192 3526 et
214 3481 454 3540 possibilis.
482 3482 616 3527 Unde
639 3493 683 3528 et
707 3483 976 3530 Aristoteles
1002 3486 1049 3529 in
1079 3486 1211 3530 tertio
1239 3486 1310 3530 De
1338 3485 1492 3529 anima
1523 3485 1577 3542 (t.
1605 3498 1644 3529 c.
1676 3484 1779 3542 17.),
1810 3483 2097 3530 intellectum

146 3546 409 3606 possibilem
434 3557 479 3593 et
503 3559 718 3608 agentem
741 3549 977 3607 inducens,
1002 3551 1111 3596 dicit
1137 3565 1216 3596 eos
1239 3552 1285 3595 in
1314 3551 1467 3596 anima
1493 3561 1704 3610 oportere
1731 3551 1855 3611 poni.

234 3612 350 3662 Item
366 3614 659 3662 manifestum
676 3616 812 3672 est‚in
830 3616 1018 3674 eisdem,
1035 3619 1158 3678 quod
1178 3617 1339 3664 localis
1357 3618 1567 3664 distantia
1585 3618 1898 3678 cognitionem
1916 3618 2096 3664 animae
