2332 3854
772 232 926 272 LIBER
964 233 1000 271 1.
1042 232 1162 271 CAP.
1203 229 1466 270 Lxxxvm.
1992 229 2092 284 803

232 334 334 380 Hoc
357 334 495 380 etiam
521 346 575 378 ex
598 333 697 392 ipsa
722 334 922 378 nominis
948 334 1124 379 ratione
1139 333 1297 378 haberi
1323 342 1499 393 potest:
1525 345 1634 375 nam
1658 330 1852 376 liberum
1877 341 1958 386 est,
1976 332 2100 390 quod

45 450 51 456 ‚
141 401 211 451 sui
229 414 365 446 causa
387 410 467 454 est,
489 399 740 445 secundum
756 400 1091 460 Philosophum
1107 401 1150 444 in
1174 399 1398 460 principio
1414 398 1615 458 Metaph.
1639 398 1700 455 (c.
1729 399 1806 455 2.).
1825 398 1927 443 Hoc
1947 409 2097 443 autem

62 470 75 478 ”
140 465 254 535 nulli
275 468 422 527 magis
444 467 677 526 competit,
704 481 841 526 quam
864 469 1036 526 primae
1064 480 1243 520 causae,
1271 480 1386 526 quae
1416 465 1544 510 Deus
1571 474 1652 509 est.

811 620 1064 676 CAPUT
1113 621 1428 677 LXXXIX.

389 756 548 804 QUOD
589 756 646 796 IN
685 756 796 795 DEO
835 757 953 795 NON
994 756 1136 794 SUNT
1177 756 1468 795 PASSIONES
1502 754 1851 795 AFFECTUUM.

227 863 295 908 Ex
317 863 576 922 praemissis
603 871 755 907 autem
781 861 885 907 sciri
909 871 1074 921 potest,
1101 863 1222 921 quod
1255 862 1491 921 passiones
1525 861 1770 907 affectuum
1795 861 1842 905 in
1868 861 1973 906 Deo
2004 875 2099 905 non

138 939 258 980 sunt.
285 929 550 975 Secundum
583 929 705 973 enim
737 928 1063 973 intellectivam
1098 928 1389 972 affectionem
1426 943 1520 972 non
1558 939 1625 973 est
1651 927 1803 987 aliqua
1827 928 1995 987 passio,
2021 928 2099 972 sed

135 995 290 1042 solum
316 996 569 1041 secundum
595 995 874 1050 sensitivam,
914 1005 962 1039 ut
983 995 1201 1052 probatur
1225 995 1272 1038 in
1298 996 1493 1053 septimo
1517 996 1654 1053 Phys.
1683 997 1732 1050 (t.
1757 1009 1794 1039 c.
1827 995 1928 1052 18.).
1960 993 2100 1039 Nulla

137 1069 292 1122 autern
316 1061 420 1107 talis
447 1061 628 1107 affectio
655 1063 699 1105 in
726 1062 829 1106 Deo
853 1076 951 1106 esse
976 1071 1140 1120 potest,
1168 1075 1274 1105 cum
1308 1061 1423 1106 desit
1448 1062 1534 1106 sibi
1559 1062 1773 1106 sensitiva
1799 1061 2019 1120 cognitio,
2051 1071 2101 1105 ut

79 1125 86 1132 “
134 1120 220 1192 'per
243 1128 499 1189 supradicta
525 1130 584 1187 (c.
611 1141 683 1184 44.
706 1138 751 1173 et
782 1127 875 1187 65.)
903 1138 970 1173 est
995 1127 1304 1173 manifestum.
1321 1127 1607 1187 Relinquitur
1632 1129 1768 1187 igitur
1794 1128 1917 1187 quod
1933 1129 1980 1172 in
1997 1127 2099 1172 Deo

135 1209 231 1249 non
257 1196 315 1240 sit
339 1194 547 1240 affectiva
572 1195 739 1253 passio.

136 1258 142 1262 ¹
220 1261 490 1307 Praeterea:
528 1262 678 1305 omnis
712 1261 918 1306 affectiva
959 1262 1111 1321 passio
1152 1261 1406 1306 secundum
1440 1261 1646 1320 aliquam*
1671 1262 2098 1306 transmutationem

136 1328 426 1389 corporalem
452 1328 514 1382 fit,
541 1339 648 1386 puta
671 1329 922 1373 secundum
945 1329 1304 1372 constrixionem
1326 1328 1400 1372 vel
1426 1327 1740 1372 dilatationem
1760 1329 1926 1382 cordis,
1943 1338 2021 1373 aut
2036 1342 2101 1373 se-

133 1394 335 1440 cundum
364 1394 532 1454 aliquid
551 1395 838 1453 hujusmodi:
866 1409 1062 1453 quorum
1087 1394 1266 1439 nullum
1289 1395 1335 1438 in
1354 1395 1456 1439 Deo
1480 1395 1695 1452 possibile
1718 1404 1786 1439 est
1803 1395 2023 1449 accidere,
2043 1409 2098 1439 eo

37 1459 56 1525 ,’
133 1462 260 1522 ‘quod
283 1474 380 1506 non
406 1461 467 1506 sit
485 1475 664 1520 corpus,
689 1475 838 1520 neque
859 1462 1000 1506 virtus
1022 1462 1068 1504 in
1091 1475 1297 1520 corpore,
1325 1471 1373 1505 ut
1390 1476 1523 1520 supra
1551 1463 1612 1518 (c.
1637 1462 1728 1518 20.)
1756 1472 1991 1506 ostensum
2009 1471 2099 1516 est;

132 1540 228 1573 non
254 1538 323 1574 est
346 1528 485 1587 igitur
508 1528 555 1572 in
581 1528 682 1586 ipso
710 1527 918 1572 affectiva
945 1528 1112 1586 passio.

222 1595 364 1639 Item:
390 1595 436 1638 in
464 1594 592 1638 omni
617 1593 826 1638 affectiva
857 1595 1068 1654 passione
1102 1594 1277 1653 patiens
1311 1594 1567 1652 aliqualiter
1591 1594 1784 1638 trahitur
1810 1605 1934 1638 extra
1967 1607 2097 1638 suam

15 1649 56 1695 ³'3-
132 1661 447 1706 conditionem
473 1658 760 1722 essentialem
786 1660 861 1704 vel
887 1660 1234 1704 connaturalem
1261 1660 1626 1718 dispositionem,
1653 1662 1781 1718 cujus
1807 1661 1991 1719 signum
2014 1670 2096 1714 est,

133 1727 257 1788 quod
282 1727 547 1786 hujusmodi
571 1729 821 1786 passiones,
848 1728 886 1771 si
912 1729 1215 1781 intendantur,
1242 1727 1514 1771 animalibus
1541 1727 1736 1771 inferant
1757 1738 1970 1771 mortem.
2001 1727 2091 1771 Sed

133 1807 228 1839 non
254 1804 322 1839 est
345 1793 560 1853 possibile
580 1794 735 1838 Deum
762 1803 888 1838 extra
914 1808 1045 1838 suam
1070 1793 1326 1838 naturalem
1355 1794 1669 1838 conditionem
1689 1793 1946 1852 aliqualiter
1961 1794 2096 1847 trahi,

138 1874 244 1906 cum
275 1861 345 1906 sit*
366 1861 559 1905 omnino
593 1860 905 1913 immutabilis,
942 1870 991 1904 ut
1031 1874 1166 1919 supra
1205 1861 1266 1917 (c.
1299 1861 1388 1919 13.)
1423 1870 1660 1905 ostensum
1687 1871 1767 1905 est.
1794 1861 1926 1905 Patet
1960 1861 2097 1919 igitur

133 1927 258 1988 quod
282 1928 329 1971 in
355 1928 458 1972 Deo
490 1927 755 1986 hujusmodi
779 1928 1015 1986 passiones
1042 1940 1140 1971 esse
1166 1940 1260 1970 non
1292 1937 1496 1986 possunt.
2075 1931 2079 1934 ’

225 1993 459 2053 Amplius:
485 1995 637 2038 omnis
663 1993 845 2038 affectio
877 2007 994 2053 quae
1026 2003 1094 2038 est
1124 1994 1375 2038 secundum
1407 1994 1684 2053 passionem,
1719 1994 2015 2038 determinate
2047 1994 2094 2037 in

7 2060 13 2114 f
44 2099 50 2103 ,
68 2063 69 2066 ’
134 2075 278 2105 unum
302 2060 442 2105 fertur
466 2061 719 2105 secundum
735 2061 925 2105 modum
943 2069 988 2104 et
1004 2074 1265 2104 mensuram
1288 2061 1535 2118 passionis:
1557 2061 1708 2119 passio
1728 2061 1851 2105 enim
1868 2062 2090 2119 impetum

11 2139 13 2141 ’
132 2127 270 2179 habet
295 2127 351 2171 ad
378 2126 546 2186 aliquid
574 2142 730 2180 unum,
756 2127 872 2171 sicut
904 2137 947 2171 et
972 2137 1147 2181 natura,
1181 2137 1225 2171 et
1250 2137 1435 2186 propter
1460 2128 1551 2171 hoc
1579 2127 1755 2171 ratione
1787 2137 1969 2186 oportet
1990 2141 2106 2183 eam,

49 2215 60 2225 -
132 2193 318 2253 reprimi
343 2203 388 2238 et
412 2192 622 2252 regulari.
640 2193 809 2237 Divina
842 2203 996 2237 autem
1027 2193 1239 2237 voluntas
1270 2207 1365 2237 non
1398 2194 1726 2238 determinatur
1758 2195 2012 2238 secundum
2045 2209 2093 2239 se

58 2289 64 2321 ³,
133 2260 190 2304 ad
216 2274 359 2304 unum
394 2260 441 2303 in
476 2260 548 2304 his
575 2274 690 2318 quae
719 2269 871 2304 creata
895 2269 1013 2314 sunt,
1048 2260 1137 2304 nisi
1172 2274 1227 2304 ex
1262 2260 1421 2304 ordine
1448 2275 1556 2306 suae
1583 2261 1925 2321 sapientiae‚2ut
1961 2276 2095 2321 supra

55 2337 68 2366 12
133 2327 195 2384 (c.
221 2327 309 2382 82.)
337 2337 573 2371 ostensum
600 2336 682 2371 est.
707 2326 816 2371 Non
843 2336 911 2372 est
941 2326 1078 2384 igitur
1103 2326 1151 2370 in
1177 2327 1278 2385 ipso
1316 2328 1467 2385 passio
1509 2328 1760 2372 secundum
1800 2327 2091 2373 affectionem

46 2411 71 2414 ¹
134 2393 195 2438 ali
228 2408 350 2438 uam.

196 2407 412 2506 quhuc:
438 2461 589 2506 omnis
615 2461 766 2521 passio
794 2471 861 2506 est
886 2461 1076 2519 alicujus
1102 2461 1148 2505 in
1174 2462 1379 2521 potentia
1405 2462 1671 2507 exsistentis
1697 2463 1825 2508 Deus
1848 2473 2003 2507 autem
2026 2473 2094 2508 est

6 2581 7 2584 Ἰ
134 2528 325 2573 omnino
352 2527 465 2573 liber
499 2542 526 2572 a
566 2529 783 2587 potentia,
821 2542 927 2572 cum
957 2528 1014 2573 sit
1039 2541 1177 2587 purus
1203 2538 1355 2583 actus;
1382 2539 1451 2573 est
1475 2530 1612 2588 igitur
1644 2543 1785 2588 agens
1821 2539 2013 2584 tantum,
2045 2539 2095 2573 ut

31 2603 62 2619 ³
133 2594 263 2640 nullo
287 2596 429 2639 modo
457 2594 607 2654 aliqua
633 2595 786 2653 passio
819 2595 866 2639 in
891 2595 991 2654 ipso
1019 2594 1176 2639 locum
1202 2594 1381 2640 habeat.

222 2661 298 2706 Sic
314 2662 452 2721 igitur
467 2661 618 2706 omnis
639 2661 790 2720 passio
812 2661 988 2706 ratione
1007 2662 1184 2719 generis
1209 2661 1349 2705 aDeo
1372 2672 1646 2706 removetur.
1673 2662 1917 2714 Quaedam
1938 2673 2091 2707 autem

127 2727 367 2802 passiones
406 2737 699 2773 removentur
724 2743 749 2772 a
774 2728 893 2781 Deo,
918 2741 1013 2772 non
1046 2727 1198 2772 'solum
1234 2729 1411 2772 ratione
1437 2729 1506 2772 sui
1533 2729 1726 2787 generis,
1754 2729 1832 2774 sed
1859 2730 1998 2773 etiam
2030 2743 2096 2773 ra-

130 2792 257 2851 tione
283 2795 474 2855 speciei:
514 2795 664 2839 omnis
690 2795 813 2839 enim
851 2796 1003 2854 passio
1042 2809 1096 2838 ex
1134 2795 1316 2853 objecto
1353 2795 1555 2854 speciem
1594 2795 1776 2854 recipit3
1805 2797 1932 2854 cnjus
1957 2795 2094 2854 igitur

0 2868 5 2924 'j
47 2856 76 2918 {s
98 2919 101 2922 ‘
132 2861 363 2920 objectum
396 2863 586 2906 omnino
620 2871 688 2906 est
711 2861 814 2906 Deo
841 2862 1173 2920 incompetens,
1199 2860 1301 2906 talis
1324 2863 1475 2921 passio
1500 2877 1523 2905 a
1546 2863 1649 2907 Deo
1678 2873 1940 2907 removetur
1961 2873 2006 2907 et
2027 2876 2092 2907 se-

132 2929 333 2973 cundum
358 2928 583 2973 rationem
609 2928 819 2987 propriae
846 2929 1030 2986 speciei.
1057 2927 1186 2972 Talis
1215 2939 1367 2973 autem
1406 2939 1473 2973 est
1507 2929 1686 2973 tristitia
1725 2939 1768 2973 et
1794 2928 1950 2973 dolor:
1983 2942 2093 2972 nam

133 2996 228 3053 eius
255 2995 487 3054 objectum
513 3005 581 3039 est
605 2995 779 3038 malum
806 2997 900 3053 jam
935 2994 1194 3048 inhaerens,
1221 2988 1338 3039 sicut
1374 2996 1525 3054 gaudii
1560 2996 1789 3054 objectum
1822 3005 1890 3040 est
1919 2996 2093 3039 bonum

0 3074 6 3121 g
102 3068 105 3070 ’
130 3074 346 3120 praesens
372 3070 417 3106 et
441 3061 662 3108 habitum.
677 3060 882 3106 Tristitia
913 3062 1049 3120 igitur
1075 3072 1120 3106 et
1145 3061 1278 3106 dolor
1300 3076 1353 3106 ex
1379 3063 1477 3122 ipsa
1505 3062 1574 3107 sui
1599 3062 1775 3106 ratione
1801 3063 1846 3105 in
1869 3062 1972 3106 Deo
1996 3075 2093 3107 esse

0 3139 5 3158 ³
132 3138 229 3172 non
253 3137 457 3188 possunt.

226 3193 415 3239 Adhuc:
441 3194 558 3239 ratio
586 3194 753 3253 objecti
780 3194 968 3253 alicujus
1006 3196 1230 3254 passionis
1266 3209 1360 3239 non
1396 3195 1548 3240 solum
1590 3195 1782 3240 sumitur
1821 3209 1873 3239 ex
1899 3195 2023 3239 bono
2050 3204 2095 3239 et

31 3243 75 3295 :J
133 3259 277 3315 malo,
304 3260 382 3306 sed
409 3261 547 3305 etiam
570 3275 625 3306 ex
655 3261 746 3305 hoc
774 3262 895 3320 quod
923 3261 1177 3320 aliqualiter
1203 3263 1302 3320 quis
1325 3276 1374 3306 se
1399 3262 1538 3306 habet
1570 3263 1624 3305 ad
1657 3261 1851 3305 alterum
1893 3262 2090 3306 horum:

132 3325 196 3372 'sic
223 3327 347 3371 enim
379 3332 479 3386 spes
508 3336 552 3371 et
573 3327 791 3386 gaudium
818 3327 1043 3372 differunt.
1072 3328 1120 3372 Si
1146 3328 1282 3386 igitur
1308 3328 1472 3372 modus
1499 3329 1594 3386 ipse
1620 3342 1668 3372 se
1701 3328 1899 3372 habendi
1926 3328 1982 3372 ad
2009 3329 2090 3372 ob-

130 3391 302 3452 jectum
328 3394 405 3453 qui
431 3394 477 3437 in
503 3393 679 3438 ratione
705 3394 930 3452 passionis
952 3394 1196 3439 includitur
1216 3395 1319 3439 Deo
1342 3409 1435 3439 non
1460 3395 1693 3453 competit,
1715 3408 1800 3439 nec
1817 3395 1916 3454 ipsa
1938 3395 2092 3454 passio

130 3456 235 3504 Deo
261 3459 508 3504 convenire
525 3469 676 3518 potest
692 3460 830 3504 etiam
852 3474 908 3504 ex
923 3461 1100 3504 ratione
1117 3461 1325 3519 propriae
1348 3461 1529 3519 speciei.
1555 3461 1668 3519 Spes
1691 3471 1860 3515 autem,
1883 3461 2091 3520 quamvis

131 3523 299 3588 habeat
323 3527 552 3583 objectum
570 3526 759 3577 bonum,
780 3541 875 3572 non
891 3537 1047 3572 tamen
1063 3527 1238 3571 bonum
1265 3527 1518 3581 obtentum,
1537 3527 1615 3572 sed
1638 3527 1953 3582 obtinendum,
1969 3529 2092 3587 quod

130 3589 318 3651 ‘quidem
339 3594 443 3638 Deo
464 3606 558 3638 non
578 3602 733 3651 potest
758 3603 1037 3654 competere,
1058 3595 1235 3639 ratione
1261 3607 1370 3639 suae
1391 3593 1699 3653 perfectionis,
1717 3608 1833 3654 quae
1854 3604 1980 3640 tanta
2011 3605 2092 3649 est,
