2294 3854
242 186 346 251 692
878 194 1033 233 LIBER
1072 193 1144 231 ιν.
1187 193 1307 231 cAP.
1349 192 1555 231 Lxxxn.

241 297 439 342 veniens.
470 296 678 341 Christus
705 305 858 340 autem
881 294 1047 338 merito
1065 307 1174 338 suae
1191 293 1415 352 passionis
1431 303 1619 337 naturae
1641 292 1847 338 defectus
1865 294 2201 355 reparavitgzqui

239 364 287 407 in
312 363 463 422 ipsum
491 377 544 406 ex
569 371 760 420 peccato
787 370 1120 418 provenerunt:
1154 369 1203 404 ut
1235 359 1357 404 enim
1389 359 1499 404 dicit
1529 359 1780 418 Apostolus
1813 359 1971 417 (Rom.
1996 358 2199 420 V..›15.-.).:

240 431 340 475 Non
364 432 467 474 sicut
497 429 705 482 delictum,
738 429 798 471 ita
824 434 863 471 et
887 427 1056 470 donum.
1085 426 1132 470 Si
1156 427 1269 470 enim
1294 427 1418 471 unius
1442 426 1587 470 delicto
1613 427 1736 471 multi
1760 428 1918 471 mortui
1937 434 2046 482 sunt,
2071 429 2201 473 mcliv

241 498 371 555 magis
401 498 542 554 gratia
573 497 673 547 Dei,
707 497 751 537 in
774 494 916 552 gratia
947 495 1070 537 unius
1095 493 1275 537 hominis
1299 494 1395 549 Jesu
1428 492 1588 538 Christi
1617 494 1663 536 in
1689 493 1833 552 plures
1856 493 2200 542 abundavinssx

241 578 332 622 quo
349 563 540 606 habetur
556 561 678 620 quod
697 559 924 603 efficacius
951 568 1019 603 est
1043 559 1258 603 meritum
1278 559 1449 603 Christi
1471 559 1527 603 ad
1548 558 1803 604 tollendum
1826 569 2038 616 mortem,
2047 571 2200 621 quam

239 639 480 688 peccatum
499 628 627 671 Adae
646 626 701 670 ad
727 624 1052 670 inducendum.
1068 624 1142 668 Illi
1166 625 1303 684 igitur
1328 625 1406 684 qui
1420 639 1502 685 per
1517 626 1732 670 meritum
1756 626 1926 707 Christi
1947 634 2199 686 resurgent,

239 711 264 739 a
291 705 438 739 morte
467 693 656 745 liberati,
683 702 881 735 mortem
908 691 1095 735 ulterius
1120 704 1216 752 non
1241 692 1481 750 patientur.

327 763 591 805 Praeterea:
619 759 731 802 illud
769 758 892 817 quod
919 767 987 802 est
1011 759 1056 801 in
1083 769 1352 817 perpetuum
1384 758 1650 803 duraturum
1681 773 1777 803 non
1808 768 1876 805 est
1906 723 2200 805 destructum.

239 829 288 873 Si
314 828 449 886 igitur
475 826 686 870 homines
712 834 997 883 resurgentes
1024 824 1174 868 adhuc
1205 826 1369 869 iterum
1396 825 1661 879 morientur,
1687 840 1740 870 us
1766 826 1831 870 sic
1862 836 1989 871 mors
2019 827 2066 871 in
2097 842 2196 887 per·

238 905 433 954 petuum
452 893 595 946 duret,
611 891 739 937 nullo
767 891 908 935 modo
934 905 1060 935 mors
1084 906 1165 950 per
1189 901 1388 936 mortem
1406 892 1579 936 Christi
1600 893 1826 937 destructa
1842 902 1922 939 est.
1940 893 2021 938 Est
2044 903 2198 939 autem

238 962 462 1005 destructa
495 973 615 1002 nunc
649 958 833 1016 quidem
859 959 905 1000 in
933 971 1084 1011 causa,
1110 958 1234 1016 quod
1260 959 1488 1002 Dominus
1515 973 1596 1017 per
1622 959 1747 1004 Osee
1773 959 2055 1039 (XIII.1'4.)
2069 972 2198 1019 prae-

236 1028 407 1071 dixerat
433 1026 611 1070 dicens:
623 1027 727 1069 Ero
760 1039 871 1068 mors
902 1030 988 1079 tua,
1016 1039 1042 1069 ο
1075 1039 1201 1068 mois.
1229 1024 1408 1069 Ultimo
1436 1034 1590 1069 autem
1615 1025 1870 1071 destruetur
1904 1028 1951 1071 in
1976 1015 2097 1083 actu,
2128 1040 2197 1072 se·

236 1094 436 1137 cundum
467 1092 579 1136 illud
606 1092 660 1150 (Ι.
689 1090 799 1135 Cor.
826 1089 926 1133 XV.
955 1089 1072 1147 26.:)
1100 1092 1336 1135 Novissime
1366 1093 1542 1136 inimica
1559 1091 1789 1137 destruetur
1808 1106 1934 1138 mors.
1960 1093 2072 1141 Est
2059 1094 2197 1153 igitur

236 1160 487 1205 secundum
513 1159 651 1203 fidem
678 1157 911 1202 Ecclesiae
937 1158 1028 1202 hoc
1054 1158 1318 1213 tenendum,
1337 1160 1460 1218 quod
1486 1169 1774 1218 resurgentes
1788 1171 1899 1205 non
1908 1160 2088 1206 iterum
2098 1170 2196 1226 mo·

234 1227 417 1272 rientur.
1166 1255 1169 1258 >
2071 1255 2094 1263 fl-

323 1293 514 1338 Adhuc:
543 1292 730 1336 effectus
756 1291 980 1336 similatur
1001 1305 1110 1336 suae
1144 1305 1323 1336 causae.
1350 1292 1642 1338 Resurrectio
1675 1303 1834 1339 autem·
1861 1293 2195 1341 Chnfflenusn‘

238 1371 306 1405 est
331 1360 507 1404 futurae
533 1359 890 1412 resurrectioniS,
913 1368 962 1402 ut
993 1359 1164 1403 dictum
1192 1369 1259 1403 est
1281 1356 1353 1416 (c.¹
1371 1361 1484 1419 79.):
1517 1360 1582 1405 sic
1610 1364 1764 1406 autern
1795 1361 2198 1412 remmath-‘Ebri-

235 1439 329 1474 stus
356 1438 404 1473 ut
427 1443 523 1473 non
549 1428 735 1472 ulterius
767 1437 1035 1481 moreretur,
1063 1429 1316 1472 secundum
1340 1428 1452 1472 illud
1479 1429 1637 1487 (Rom.
1669 1428 1748 1475 VI.
1775 1431 1864 1490 9.):
1897 1423 2114 1476 Christus·
2111 1444 2191 1476 re·-

234 1511 401 1554 surgens
432 1511 482 1540 ex
511 1497 702 1548 mortuis,
720 1497 814 1552 jam
839 1509 923 1538 non
944 1496 1142 1539 moritur.
1169 1494 1394 1539 Homines
1419 1495 1557 1553 igitur
1580 1496 1647 1569 sic
1672 1502 1926 1573 resurgent
1928 1502 1991 1542 ut
2007 1494 2194 1543 ulterius

233 1578 327 1607 non
359 1563 623 1607 moriantur.

321 1630 557 1689 Amplius:
586 1629 624 1673 si
643 1629 857 1672 homines
875 1638 1161 1686 resurgentes
1186 1628 1352 1672 iterum
1379 1628 1647 1684 moriantur,
1675 1639 1752 1674 aut
1777 1630 1831 1674 ab
1842 1629 1928 1674 illa
1947 1623 2101 1676 morte
2113 1630 2193 1691 ite·

231 1706 329 1741 rato
362 1706 613 1755 resurgent,
647 1705 723 1740 aut
761 1708 870 1739 non.
900 1695 949 1738 Si
982 1708 1077 1738 non
1118 1704 1367 1753 resurgent,
1409 1696 1708 1740 remanebunt
1746 1706 1968 1756 perpetuo
2003 1697 2201 1743 animae·

230 1773 482 1822 separatae:
512 1762 633 1821 quod
667 1772 734 1806 est
764 1761 1107 1815 inconveniens,
1134 1770 1183 1805 ut
1208 1774 1342 1819 supra
1373 1760 1547 1805 dictum
1573 1771 1665 1816 est;
1693 1762 1749 1807 ad
1775 1760 2190 1821 quodevitandu'm

228 1839 457 1888 ponuntur
483 1838 586 1887 post
610 1841 859 1886 resurgere.
882 1827 969 1871 Vel
995 1828 1035 1871 si
1059 1838 1164 1886 post
1189 1827 1438 1871 secundam
1457 1837 1655 1872 mortem
1676 1842 1771 1872 non
1796 1829 2191 1888 resurgantsn‘ulla'

230 1896 313 1939 erit
339 1909 475 1939 causa
501 1909 640 1954 quare
665 1905 770 1953 post
800 1896 997 1952 primam
1029 1904 1280 1951 resurgant.
1316 1894 1366 1937 Si
1398 1904 1551 1938 autern
1584 1904 1688 1953 post
1713 1896 1962 1940 secundam
1986 1894 2190 1942 monem

228 1963 390 2007 iterato
418 1972 666 2020 resurgent,
685 1971 761 2005 aut
777 1970 1013 2019 resurgent
1038 1962 1201 2004 iterum
1229 1961 1451 2014 morituri,
1476 1971 1552 2005 aut
1576 1975 1684 2005 non.
1713 1962 1763 2005 Si
1787 1975 1885 2006 non
1907 1963 2192 2008 iterummo-

228 2030 369 2083 rituri,
395 2029 558 2073 eadem
584 2029 760 2072 ratione
786 2028 875 2072 hoc
909 2028 993 2071 erit
1023 2028 1288 2086 ponendum
1317 2037 1360 2071 et
1391 2030 1439 2070 in
1466 2028 1611 2086 prima
1637 2028 1994 2084 resurrectione;
2015 2029 2055 2074 si
2077 2029 2190 2075 vero

225 2097 390 2140 iterum
418 2096 641 2149 morituri,
668 2095 884 2153 procedet
915 2095 961 2138 in
992 2094 1219 2138 infinitum
1253 2093 1491 2138 alternatio
1526 2095 1686 2139 mortis
1719 2105 1764 2140 et
1793 2097 1914 2140 vitae
1943 2095 2190 2141 in'eode'm

226 2163 453 2220 subjecto:
483 2162 605 2220 quod
630 2162 807 2205 videtur
832 2161 1174 2205 inconveniens.
1205 2161 1404 2219 Oportet
1429 2161 1553 2205 enim
1580 2162 1702 2220 quod
1726 2162 1920 2207 intentio
1944 2163 2033 2207 Dei
2054 2163 2192 2208 susci·

226 2230 360 2273 tantis
379 2230 434 2272 ad
452 2228 621 2287 aliquid
648 2229 1000 2272 determinatum
1026 2227 1207 2271 feratur.
1234 2228 1338 2286 Ipsa
1364 2237 1517 2271 autem
1545 2229 1703 2272 mortis
1730 2238 1774 2273 et
1798 2229 1918 2274 vitae
1949 2228 2188 2276 alternatio

227 2296 484 2340 successiva
510 2305 577 2339 est
601 2295 731 2353 quasi
756 2294 982 2353 quaedam
1014 2297 1350 2348 transmutatio,
1377 2308 1493 2352 quae
1525 2294 1627 2338 finis
1659 2309 1758 2339 esse
1789 2309 1884 2340 non
1915 2302 2089 2355 potest:
2119 2305 2190 2342 est

226 2363 349 2406 enim
372 2372 531 2406 contra
548 2363 773 2405 rationem
800 2371 952 2405 motus
970 2361 1091 2419 quod
1110 2361 1166 2404 sit
1181 2361 1297 2414 finis,
1316 2375 1457 2419 quum
1474 2361 1625 2405 omnis
1643 2371 1796 2406 motus
1811 2361 1859 2405 in
1875 2355 2005 2407 aliudss
2017 2363 2187 2408 tendat.

317 2430 578 2472 Praeterea:
607 2428 799 2471 intentio
826 2426 1050 2471 inferioris
1076 2437 1265 2471 naturae
1291 2428 1338 2471 in
1367 2428 1545 2486 agendo
1569 2427 1624 2470 ad
1651 2429 2000 2487 perpetuitatem
2030 2428 2185 2474 fertur.

231 2495 398 2540 Omnis
417 2495 540 2539 enim
557 2504 746 2538 naturae
772 2493 996 2538 inferioris
1016 2494 1135 2537 actio
1155 2495 1210 2537 ad
1229 2494 1576 2552 generationem
1596 2494 1844 2548 ordinatur,
1857 2495 1984 2553 cujus
2001 2495 2187 2556 quidem

225 2562 325 2606 finis
344 2572 411 2606 est
437 2571 484 2605 ut
511 2571 805 2605 conservetur
822 2574 921 2604 esse
939 2571 1207 2618 perpetuum
1233 2561 1396 2619 speciei
1412 2576 1422 2614 ;
1449 2561 1568 2604 unde
1586 2571 1747 2605 natura
1771 2575 1866 2606 non
1881 2561 2075 2608 intendit
2093 2563 2185 2608 hoc

225 2629 508 2672 individuum
527 2628 643 2671 sicut
665 2627 878 2671 ultimum
904 2627 1058 2680 finem,
1086 2628 1164 2670 sed
1191 2627 1359 2685 speciei
1386 2628 1783 2672 conservationem
1800 2628 1847 2671 in
1872 2628 1997 2687 ipso:
2024 2639 2073 2674 et
2092 2629 2184 2674 hoc

226 2696 363 2739 habet
394 2704 568 2748 natura,
600 2695 647 2737 in
680 2704 900 2753 quantum
930 2694 1021 2752 agit
1052 2694 1099 2737 in
1124 2694 1288 2737 virtute
1321 2694 1423 2747 Dei,
1457 2708 1573 2751 quae
1606 2704 1674 2738 est
1704 2695 1851 2752 prima
1882 2695 2008 2741 radix
2032 2705 2188 2756 perpe·

225 2756 414 2806 tuitaits:
448 2762 567 2805 unde
601 2761 738 2805 etiarn
772 2761 872 2804 finis
907 2761 1216 2818 generationis
1243 2775 1342 2804 esse
1374 2761 1557 2819 ponitur
1583 2775 1608 2804 a
1641 2760 1927 2821 Philosopho
1959 2763 2184 2820 (secundo

226 2830 297 2872 De
331 2829 638 2886 generatione,
661 2838 691 2871 t.
725 2842 763 2871 c.
802 2827 907 2886 59),
934 2837 983 2870 ut
1014 2837 1230 2884 generata
1261 2827 1531 2885 participent
1563 2841 1661 2872 esse
1693 2827 1899 2872 divinum
1931 2829 2183 2874 secundum

225 2896 584 2954 perpetuitatem.
612 2893 758 2938 Multo
785 2894 922 2952 igitur
943 2894 1090 2952 magis
1108 2895 1228 2938 actio
1252 2894 1390 2952 ipsius
1412 2893 1501 2937 Dei
1528 2895 1583 2937 ad
1611 2893 1778 2953 aliquid
1797 2904 2065 2954 perpetuum
2090 2906 2184 2941 ten-

226 2962 303 3005 dit.
336 2961 624 3005 Rerurrectio
660 2971 811 3004 autem
850 2975 944 3004 non
978 2960 1210 3004 ordinatur
1233 2961 1286 3003 ad
1315 2961 1664 3018 perpetuitatem
1697 2961 1879 3020 speciei,
1910 2961 2026 3006 haec
2058 2963 2183 3007 enim

225 3020 305 3086 per
330 3029 674 3086 generationem
701 3037 878 3086 poterat
906 3028 1177 3071 conservari.
1207 3027 1406 3085 Oportet
1437 3028 1573 3085 igitur
1600 3028 1721 3086 quod
1749 3028 1983 3073 ordinetur
2007 3029 2063 3074 ad
2088 3042 2184 3088 per-

225 3096 489 3153 petuitatem
523 3095 756 3138 individui.
783 3095 890 3137 Non
919 3104 1070 3137 autem
1103 3094 1356 3138 secundum
1379 3094 1581 3137 animam
1607 3105 1799 3148 tantum,
1824 3094 1916 3139 hoc
1938 3095 2062 3140 enim
2086 3097 2181 3155 jam

226 3162 378 3213 anima
413 3162 609 3204 habebat
646 3171 747 3204 ante
785 3162 1178 3204 resurrectionem.
1212 3160 1334 3219 Ergo
1372 3161 1625 3221 secundum
1667 3161 1990 3220 compositum.
2023 3162 2180 3208 Homo

224 3228 360 3285 igitur
388 3242 625 3285 resurgens
652 3238 871 3285 perpetuo
898 3228 1033 3271 vivet.

314 3294 501 3337 Adhuc:
531 3296 683 3337 anima
711 3308 753 3338 et
780 3308 944 3352 corpus
983 3295 1161 3338 diverso
1196 3294 1353 3337 ordine
1387 3294 1643 3352 comparari
1676 3293 1887 3338 videntur
1925 3294 2177 3339 secundum

224 3360 418 3418 primam
446 3361 646 3404 hominis
676 3362 1032 3418 generationem,
1060 3372 1103 3404 et
1130 3360 1511 3404 resurrectionem
1539 3360 1756 3417 ejusdem.
1782 3360 1904 3404 Nam
1926 3362 2178 3406 secundum

225 3427 564 3483 generationem
593 3427 788 3485 primam
815 3429 986 3471 creatio
1011 3428 1190 3471 animae
1214 3427 1414 3486 sequitur
1436 3427 1783 3485 generationem
1800 3426 2030 3486 commin
2055 3438 2179 3487 prae·

228 3503 382 3550 parata
416 3494 537 3537 emm
571 3494 760 3537 materia
794 3493 1021 3551 corporali
1053 3507 1131 3552 per
1162 3494 1375 3537 virtutem
1409 3493 1548 3537 decisi
1580 3493 1781 3547 seminis,
1816 3493 1953 3546 Deus,
1973 3493 2176 3538 animam

230 3560 426 3603 creando
445 3559 658 3605 infundit:
685 3561 729 3603 in
748 3561 1077 3604 resurrectione
1105 3570 1258 3604 autem
1277 3573 1440 3619 corpus
1459 3559 1639 3603 animae
1663 3558 2177 3619 praeexistenti'eoa'pta·
