<?xml version="1.0" encoding="UTF-8"?>
<!DOCTYPE html PUBLIC "-//W3C//DTD XHTML 1.0 Transitional//EN"
    "http://www.w3.org/TR/xhtml1/DTD/xhtml1-transitional.dtd">
<html xmlns="http://www.w3.org/1999/xhtml" xml:lang="en" lang="en">
 <head>
  <title>
</title>
<meta http-equiv="Content-Type" content="text/html;charset=utf-8" />
  <meta name='ocr-system' content='tesseract 3.04.00' />
  <meta name='ocr-capabilities' content='ocr_page ocr_carea ocr_par ocr_line ocrx_word'/>
</head>
<body>
  <div class='ocr_page' id='page_1' title='image "./divithomaeaquina00thom_0054.png"; bbox 0 0 2332 3854; ppageno 0'>
   <div class='ocr_carea' id='block_1_1' title="bbox 274 152 1540 238">
    <p class='ocr_par' dir='ltr' id='par_1_1' title="bbox 274 152 1540 238">
     <span class='ocr_line' id='line_1_1' title="bbox 274 152 1540 238; baseline -0.002 -16"><span class='ocrx_word' id='word_1_1' title='bbox 274 185 341 238; x_wconf 82' lang='lat'>42</span> <span class='ocrx_word' id='word_1_2' title='bbox 939 183 1167 222; x_wconf 86' lang='lat' dir='ltr'><strong>LIBERI.</strong></span> <span class='ocrx_word' id='word_1_3' title='bbox 1211 152 1329 221; x_wconf 78' lang='lat' dir='ltr'><strong>CAP.</strong></span> <span class='ocrx_word' id='word_1_4' title='bbox 1372 182 1540 220; x_wconf 81' lang='lat' dir='ltr'><strong>XXXII.</strong></span> 
     </span>
    </p>
   </div>
   <div class='ocr_carea' id='block_1_2' title="bbox 266 281 2227 2213">
    <p class='ocr_par' dir='ltr' id='par_1_2' title="bbox 270 281 2225 806">
     <span class='ocr_line' id='line_1_2' title="bbox 361 281 2224 359; baseline -0.002 -30"><span class='ocrx_word' id='word_1_5' title='bbox 361 285 552 330; x_wconf 88' lang='lat' dir='ltr'>Adhuc:</span> <span class='ocrx_word' id='word_1_6' title='bbox 585 299 724 329; x_wconf 88' lang='lat' dir='ltr'>omne</span> <span class='ocrx_word' id='word_1_7' title='bbox 751 285 871 344; x_wconf 92' lang='lat' dir='ltr'>quod</span> <span class='ocrx_word' id='word_1_8' title='bbox 900 285 955 328; x_wconf 93' lang='lat' dir='ltr'>de</span> <span class='ocrx_word' id='word_1_9' title='bbox 981 284 1183 343; x_wconf 87' lang='lat' dir='ltr'>pluribus</span> <span class='ocrx_word' id='word_1_10' title='bbox 1215 284 1410 327; x_wconf 88' lang='lat' dir='ltr'>univoce</span> <span class='ocrx_word' id='word_1_11' title='bbox 1442 282 1725 342; x_wconf 90' lang='lat' dir='ltr'>praedicatur</span> <span class='ocrx_word' id='word_1_12' title='bbox 1755 282 1830 328; x_wconf 90' lang='lat' dir='ltr'>vel</span> <span class='ocrx_word' id='word_1_13' title='bbox 1861 292 1928 327; x_wconf 88' lang='lat' dir='ltr'>est</span> <span class='ocrx_word' id='word_1_14' title='bbox 1960 293 2119 359; x_wconf 71' lang='lat' dir='ltr'>genus,</span> <span class='ocrx_word' id='word_1_15' title='bbox 2148 281 2224 327; x_wconf 86' lang='lat' dir='ltr'>vel</span> 
     </span>
     <span class='ocr_line' id='line_1_3' title="bbox 273 339 2224 408; baseline -0.002 -12"><span class='ocrx_word' id='word_1_16' title='bbox 273 362 340 396; x_wconf 87' lang='lat' dir='ltr'>est</span> <span class='ocrx_word' id='word_1_17' title='bbox 366 353 555 408; x_wconf 88' lang='lat' dir='ltr'>species,</span> <span class='ocrx_word' id='word_1_18' title='bbox 581 351 655 395; x_wconf 89' lang='lat' dir='ltr'>vel</span> <span class='ocrx_word' id='word_1_19' title='bbox 682 351 949 403; x_wconf 85' lang='lat' dir='ltr'>differentia,</span> <span class='ocrx_word' id='word_1_20' title='bbox 981 350 1055 394; x_wconf 87' lang='lat' dir='ltr'>vel</span> <span class='ocrx_word' id='word_1_21' title='bbox 1078 349 1303 403; x_wconf 90' lang='lat' dir='ltr'>accidens,</span> <span class='ocrx_word' id='word_1_22' title='bbox 1330 359 1407 393; x_wconf 92' lang='lat' dir='ltr'>aut</span> <span class='ocrx_word' id='word_1_23' title='bbox 1430 349 1686 408; x_wconf 80' lang='lat' dir='ltr'>proprium3</span> <span class='ocrx_word' id='word_1_24' title='bbox 1719 350 1774 394; x_wconf 87' lang='lat' dir='ltr'>de</span> <span class='ocrx_word' id='word_1_25' title='bbox 1798 349 1908 393; x_wconf 92' lang='lat' dir='ltr'>Deo</span> <span class='ocrx_word' id='word_1_26' title='bbox 1935 339 2088 393; x_wconf 84' lang='lat' dir='ltr'>autem</span> <span class='ocrx_word' id='word_1_27' title='bbox 2108 348 2224 397; x_wconf 82' lang='lat' dir='ltr'>nihil</span> 
     </span>
     <span class='ocr_line' id='line_1_4' title="bbox 271 415 2223 476; baseline -0.001 -15"><span class='ocrx_word' id='word_1_28' title='bbox 271 418 557 475; x_wconf 86' lang='lat' dir='ltr'>praedicatur</span> <span class='ocrx_word' id='word_1_29' title='bbox 582 428 630 462; x_wconf 91' lang='lat' dir='ltr'>ut</span> <span class='ocrx_word' id='word_1_30' title='bbox 656 432 814 476; x_wconf 89' lang='lat' dir='ltr'>genus,</span> <span class='ocrx_word' id='word_1_31' title='bbox 827 432 909 460; x_wconf 92' lang='lat' dir='ltr'>nec</span> <span class='ocrx_word' id='word_1_32' title='bbox 934 426 982 460; x_wconf 95' lang='lat' dir='ltr'>ut</span> <span class='ocrx_word' id='word_1_33' title='bbox 1004 416 1269 469; x_wconf 84' lang='lat' dir='ltr'>differentia,</span> <span class='ocrx_word' id='word_1_34' title='bbox 1293 425 1342 460; x_wconf 88' lang='lat' dir='ltr'>ut</span> <span class='ocrx_word' id='word_1_35' title='bbox 1362 430 1497 474; x_wconf 89' lang='lat' dir='ltr'>supra</span> <span class='ocrx_word' id='word_1_36' title='bbox 1518 418 1578 474; x_wconf 86' lang='lat' dir='ltr'>(c.</span> <span class='ocrx_word' id='word_1_37' title='bbox 1608 416 1700 474; x_wconf 85' lang='lat'>25.)</span> <span class='ocrx_word' id='word_1_38' title='bbox 1723 426 1958 460; x_wconf 86' lang='lat' dir='ltr'>ostensum</span> <span class='ocrx_word' id='word_1_39' title='bbox 1980 426 2072 470; x_wconf 82' lang='lat' dir='ltr'>est3</span> <span class='ocrx_word' id='word_1_40' title='bbox 2094 425 2140 460; x_wconf 86' lang='lat' dir='ltr'>et</span> <span class='ocrx_word' id='word_1_41' title='bbox 2159 415 2223 459; x_wconf 88' lang='lat' dir='ltr'>sic</span> 
     </span>
     <span class='ocr_line' id='line_1_5' title="bbox 270 481 2225 541; baseline 0.001 -14"><span class='ocrx_word' id='word_1_42' title='bbox 270 499 355 528; x_wconf 91' lang='lat' dir='ltr'>nec</span> <span class='ocrx_word' id='word_1_43' title='bbox 379 494 428 528; x_wconf 91' lang='lat' dir='ltr'>ut</span> <span class='ocrx_word' id='word_1_44' title='bbox 454 484 676 538; x_wconf 86' lang='lat' dir='ltr'>diffinitio,</span> <span class='ocrx_word' id='word_1_45' title='bbox 702 498 787 527; x_wconf 93' lang='lat' dir='ltr'>nec</span> <span class='ocrx_word' id='word_1_46' title='bbox 815 483 953 527; x_wconf 89' lang='lat' dir='ltr'>etiam</span> <span class='ocrx_word' id='word_1_47' title='bbox 986 492 1033 526; x_wconf 92' lang='lat' dir='ltr'>ut</span> <span class='ocrx_word' id='word_1_48' title='bbox 1060 483 1234 541; x_wconf 90' lang='lat' dir='ltr'>species</span> <span class='ocrx_word' id='word_1_49' title='bbox 1273 497 1388 541; x_wconf 90' lang='lat' dir='ltr'>quae</span> <span class='ocrx_word' id='word_1_50' title='bbox 1426 497 1480 527; x_wconf 86' lang='lat' dir='ltr'>ex</span> <span class='ocrx_word' id='word_1_51' title='bbox 1506 497 1672 541; x_wconf 86' lang='lat' dir='ltr'><strong>genere</strong></span> <span class='ocrx_word' id='word_1_52' title='bbox 1700 493 1743 527; x_wconf 92' lang='lat' dir='ltr'>et</span> <span class='ocrx_word' id='word_1_53' title='bbox 1774 482 2028 526; x_wconf 89' lang='lat' dir='ltr'>differentia</span> <span class='ocrx_word' id='word_1_54' title='bbox 2062 481 2225 529; x_wconf 76' lang='lat' dir='ltr'>consti·</span> 
     </span>
     <span class='ocr_line' id='line_1_6' title="bbox 270 546 2225 609; baseline -0.001 -16"><span class='ocrx_word' id='word_1_55' title='bbox 270 551 421 604; x_wconf 90' lang='lat' dir='ltr'>tuitur,</span> <span class='ocrx_word' id='word_1_56' title='bbox 448 565 532 594; x_wconf 92' lang='lat' dir='ltr'>nec</span> <span class='ocrx_word' id='word_1_57' title='bbox 561 550 728 608; x_wconf 90' lang='lat' dir='ltr'>aliquid</span> <span class='ocrx_word' id='word_1_58' title='bbox 756 550 798 593; x_wconf 91' lang='lat' dir='ltr'>ei</span> <span class='ocrx_word' id='word_1_59' title='bbox 821 549 1026 592; x_wconf 90' lang='lat' dir='ltr'>accidere</span> <span class='ocrx_word' id='word_1_60' title='bbox 1052 558 1215 606; x_wconf 88' lang='lat' dir='ltr'>potest,</span> <span class='ocrx_word' id='word_1_61' title='bbox 1242 560 1291 593; x_wconf 92' lang='lat' dir='ltr'>ut</span> <span class='ocrx_word' id='word_1_62' title='bbox 1312 563 1447 608; x_wconf 89' lang='lat' dir='ltr'>supra</span> <span class='ocrx_word' id='word_1_63' title='bbox 1473 550 1533 608; x_wconf 91' lang='lat' dir='ltr'>(c.</span> <span class='ocrx_word' id='word_1_64' title='bbox 1555 549 1648 609; x_wconf 80' lang='lat'>23.)</span> <span class='ocrx_word' id='word_1_65' title='bbox 1675 550 2040 593; x_wconf 88' lang='lat' dir='ltr'>demonstratum</span> <span class='ocrx_word' id='word_1_66' title='bbox 2062 557 2143 593; x_wconf 86' lang='lat' dir='ltr'>est.</span> <span class='ocrx_word' id='word_1_67' title='bbox 2163 546 2225 598; x_wconf 55' lang='lat' dir='ltr'>‚Et</span> 
     </span>
     <span class='ocr_line' id='line_1_7' title="bbox 271 615 2224 674; baseline -0.001 -14"><span class='ocrx_word' id='word_1_68' title='bbox 271 618 331 660; x_wconf 91' lang='lat' dir='ltr'>ita</span> <span class='ocrx_word' id='word_1_69' title='bbox 357 617 472 661; x_wconf 90' lang='lat' dir='ltr'>nihil</span> <span class='ocrx_word' id='word_1_70' title='bbox 509 618 563 661; x_wconf 90' lang='lat' dir='ltr'>de</span> <span class='ocrx_word' id='word_1_71' title='bbox 590 618 691 660; x_wconf 90' lang='lat' dir='ltr'>Deo</span> <span class='ocrx_word' id='word_1_72' title='bbox 725 617 1023 674; x_wconf 87' lang='lat' dir='ltr'>praedicatur,</span> <span class='ocrx_word' id='word_1_73' title='bbox 1054 629 1201 674; x_wconf 89' lang='lat' dir='ltr'>neque</span> <span class='ocrx_word' id='word_1_74' title='bbox 1234 626 1283 660; x_wconf 92' lang='lat' dir='ltr'>ut</span> <span class='ocrx_word' id='word_1_75' title='bbox 1318 615 1544 670; x_wconf 89' lang='lat' dir='ltr'>accidens,</span> <span class='ocrx_word' id='word_1_76' title='bbox 1579 630 1728 674; x_wconf 91' lang='lat' dir='ltr'>neque</span> <span class='ocrx_word' id='word_1_77' title='bbox 1762 625 1810 659; x_wconf 92' lang='lat' dir='ltr'>ut</span> <span class='ocrx_word' id='word_1_78' title='bbox 1836 615 2084 674; x_wconf 89' lang='lat' dir='ltr'>proprium,</span> <span class='ocrx_word' id='word_1_79' title='bbox 2115 627 2224 666; x_wconf 81' lang='lat' dir='ltr'>nam</span> 
     </span>
     <span class='ocr_line' id='line_1_8' title="bbox 270 681 2225 742; baseline -0.001 -15"><span class='ocrx_word' id='word_1_80' title='bbox 270 685 504 742; x_wconf 88' lang='lat' dir='ltr'>proprium</span> <span class='ocrx_word' id='word_1_81' title='bbox 531 683 585 726; x_wconf 92' lang='lat' dir='ltr'>de</span> <span class='ocrx_word' id='word_1_82' title='bbox 613 697 777 741; x_wconf 86' lang='lat' dir='ltr'><strong>genere</strong></span> <span class='ocrx_word' id='word_1_83' title='bbox 802 682 1107 727; x_wconf 88' lang='lat' dir='ltr'>accidentium</span> <span class='ocrx_word' id='word_1_84' title='bbox 1125 691 1205 727; x_wconf 88' lang='lat' dir='ltr'>est.</span> <span class='ocrx_word' id='word_1_85' title='bbox 1232 681 1519 741; x_wconf 86' lang='lat' dir='ltr'>Relinquitur</span> <span class='ocrx_word' id='word_1_86' title='bbox 1535 683 1672 741; x_wconf 87' lang='lat' dir='ltr'>igitur</span> <span class='ocrx_word' id='word_1_87' title='bbox 1692 681 1807 727; x_wconf 84' lang='lat' dir='ltr'>nihil</span> <span class='ocrx_word' id='word_1_88' title='bbox 1829 683 1884 726; x_wconf 92' lang='lat' dir='ltr'>de</span> <span class='ocrx_word' id='word_1_89' title='bbox 1901 683 2004 726; x_wconf 93' lang='lat' dir='ltr'>Deo</span> <span class='ocrx_word' id='word_1_90' title='bbox 2027 691 2071 726; x_wconf 90' lang='lat' dir='ltr'>et</span> <span class='ocrx_word' id='word_1_91' title='bbox 2090 681 2225 728; x_wconf 75' lang='lat' dir='ltr'>rebus</span> 
     </span>
     <span class='ocr_line' id='line_1_9' title="bbox 270 749 882 824; baseline -0.002 -32"><span class='ocrx_word' id='word_1_92' title='bbox 270 749 368 794; x_wconf 89' lang='lat' dir='ltr'>aliis</span> <span class='ocrx_word' id='word_1_93' title='bbox 395 751 589 793; x_wconf 87' lang='lat' dir='ltr'>univoce</span> <span class='ocrx_word' id='word_1_94' title='bbox 615 749 882 824; x_wconf 83' lang='lat' dir='ltr'>praedicari.</span> 
     </span>
    </p>

    <p class='ocr_par' dir='ltr' id='par_1_3' title="bbox 267 814 2223 1076">
     <span class='ocr_line' id='line_1_10' title="bbox 357 814 2223 875; baseline -0.001 -15"><span class='ocrx_word' id='word_1_95' title='bbox 357 817 493 861; x_wconf 89' lang='lat' dir='ltr'>Item:</span> <span class='ocrx_word' id='word_1_96' title='bbox 522 815 643 874; x_wconf 92' lang='lat' dir='ltr'>quod</span> <span class='ocrx_word' id='word_1_97' title='bbox 671 815 866 858; x_wconf 84' lang='lat' dir='ltr'>univoce</span> <span class='ocrx_word' id='word_1_98' title='bbox 894 815 949 858; x_wconf 93' lang='lat' dir='ltr'>de</span> <span class='ocrx_word' id='word_1_99' title='bbox 975 814 1175 873; x_wconf 88' lang='lat' dir='ltr'>pluribus</span> <span class='ocrx_word' id='word_1_100' title='bbox 1203 815 1502 875; x_wconf 87' lang='lat' dir='ltr'>praedicatur,</span> <span class='ocrx_word' id='word_1_101' title='bbox 1522 825 1727 874; x_wconf 93' lang='lat' dir='ltr'>utroque</span> <span class='ocrx_word' id='word_1_102' title='bbox 1759 815 1945 860; x_wconf 87' lang='lat' dir='ltr'>illorum</span> <span class='ocrx_word' id='word_1_103' title='bbox 1979 815 2034 860; x_wconf 91' lang='lat' dir='ltr'>ad</span> <span class='ocrx_word' id='word_1_104' title='bbox 2072 814 2223 861; x_wconf 84' lang='lat' dir='ltr'>minus</span> 
     </span>
     <span class='ocr_line' id='line_1_11' title="bbox 269 880 2224 941; baseline -0.002 -14"><span class='ocrx_word' id='word_1_105' title='bbox 269 883 521 927; x_wconf 89' lang='lat' dir='ltr'>secundum</span> <span class='ocrx_word' id='word_1_106' title='bbox 548 880 830 925; x_wconf 90' lang='lat' dir='ltr'>intellectum</span> <span class='ocrx_word' id='word_1_107' title='bbox 857 881 1108 940; x_wconf 86' lang='lat' dir='ltr'>simplicius</span> <span class='ocrx_word' id='word_1_108' title='bbox 1131 892 1211 926; x_wconf 86' lang='lat' dir='ltr'>est.</span> <span class='ocrx_word' id='word_1_109' title='bbox 1235 883 1337 927; x_wconf 94' lang='lat' dir='ltr'>Deo</span> <span class='ocrx_word' id='word_1_110' title='bbox 1361 891 1514 926; x_wconf 89' lang='lat' dir='ltr'>autern</span> <span class='ocrx_word' id='word_1_111' title='bbox 1537 896 1684 941; x_wconf 86' lang='lat' dir='ltr'>neque</span> <span class='ocrx_word' id='word_1_112' title='bbox 1706 882 1959 927; x_wconf 90' lang='lat' dir='ltr'>secundum</span> <span class='ocrx_word' id='word_1_113' title='bbox 1984 882 2224 938; x_wconf 81' lang='lat' dir='ltr'>rationem,</span> 
     </span>
     <span class='ocr_line' id='line_1_12' title="bbox 267 942 2225 1008; baseline -0.001 -16"><span class='ocrx_word' id='word_1_114' title='bbox 267 963 414 1007; x_wconf 89' lang='lat' dir='ltr'>neque</span> <span class='ocrx_word' id='word_1_115' title='bbox 441 948 692 992; x_wconf 88' lang='lat' dir='ltr'>secundum</span> <span class='ocrx_word' id='word_1_116' title='bbox 719 947 1002 991; x_wconf 90' lang='lat' dir='ltr'>intellectum</span> <span class='ocrx_word' id='word_1_117' title='bbox 1029 957 1178 1006; x_wconf 87' lang='lat' dir='ltr'>potest</span> <span class='ocrx_word' id='word_1_118' title='bbox 1204 963 1303 993; x_wconf 85' lang='lat' dir='ltr'>esse</span> <span class='ocrx_word' id='word_1_119' title='bbox 1337 948 1506 1008; x_wconf 90' lang='lat' dir='ltr'>aliquid</span> <span class='ocrx_word' id='word_1_120' title='bbox 1532 943 1806 1008; x_wconf 83' lang='lat' dir='ltr'>simplicius3</span> <span class='ocrx_word' id='word_1_121' title='bbox 1832 948 1948 993; x_wconf 90' lang='lat' dir='ltr'>nihil</span> <span class='ocrx_word' id='word_1_122' title='bbox 1967 942 2105 1007; x_wconf 80' lang='lat' dir='ltr'>igitur</span> <span class='ocrx_word' id='word_1_123' title='bbox 2131 948 2225 992; x_wconf 88' lang='lat' dir='ltr'>uni-</span> 
     </span>
     <span class='ocr_line' id='line_1_13' title="bbox 267 1014 1263 1076; baseline 0 -18"><span class='ocrx_word' id='word_1_124' title='bbox 267 1029 382 1060; x_wconf 90' lang='lat' dir='ltr'>voce</span> <span class='ocrx_word' id='word_1_125' title='bbox 406 1015 459 1058; x_wconf 91' lang='lat' dir='ltr'>de</span> <span class='ocrx_word' id='word_1_126' title='bbox 486 1015 587 1058; x_wconf 91' lang='lat' dir='ltr'>Deo</span> <span class='ocrx_word' id='word_1_127' title='bbox 612 1024 655 1058; x_wconf 91' lang='lat' dir='ltr'>et</span> <span class='ocrx_word' id='word_1_128' title='bbox 679 1014 812 1058; x_wconf 90' lang='lat' dir='ltr'>rebus</span> <span class='ocrx_word' id='word_1_129' title='bbox 841 1014 939 1058; x_wconf 87' lang='lat' dir='ltr'>aliis</span> <span class='ocrx_word' id='word_1_130' title='bbox 965 1014 1263 1076; x_wconf 88' lang='lat' dir='ltr'>praedicatur.</span> 
     </span>
    </p>

    <p class='ocr_par' dir='ltr' id='par_1_4' title="bbox 267 1080 2226 1475">
     <span class='ocr_line' id='line_1_14' title="bbox 357 1080 2224 1141; baseline 0.002 -17"><span class='ocrx_word' id='word_1_131' title='bbox 357 1081 591 1140; x_wconf 87' lang='lat' dir='ltr'>Amplius:</span> <span class='ocrx_word' id='word_1_132' title='bbox 625 1095 765 1125; x_wconf 91' lang='lat' dir='ltr'>omne</span> <span class='ocrx_word' id='word_1_133' title='bbox 792 1081 914 1139; x_wconf 92' lang='lat' dir='ltr'>quod</span> <span class='ocrx_word' id='word_1_134' title='bbox 942 1081 997 1125; x_wconf 90' lang='lat' dir='ltr'>de</span> <span class='ocrx_word' id='word_1_135' title='bbox 1028 1080 1229 1140; x_wconf 90' lang='lat' dir='ltr'>pluribus</span> <span class='ocrx_word' id='word_1_136' title='bbox 1263 1082 1549 1140; x_wconf 86' lang='lat' dir='ltr'>praedicatur</span> <span class='ocrx_word' id='word_1_137' title='bbox 1581 1083 1778 1128; x_wconf 91' lang='lat' dir='ltr'>univoce</span> <span class='ocrx_word' id='word_1_138' title='bbox 1809 1081 2062 1127; x_wconf 89' lang='lat' dir='ltr'>secundum</span> <span class='ocrx_word' id='word_1_139' title='bbox 2088 1081 2224 1141; x_wconf 86' lang='lat' dir='ltr'>parti-</span> 
     </span>
     <span class='ocr_line' id='line_1_15' title="bbox 268 1146 2226 1209; baseline 0.001 -18"><span class='ocrx_word' id='word_1_140' title='bbox 268 1148 558 1206; x_wconf 87' lang='lat' dir='ltr'>cipationem,</span> <span class='ocrx_word' id='word_1_141' title='bbox 587 1146 770 1190; x_wconf 86' lang='lat' dir='ltr'>cuilibet</span> <span class='ocrx_word' id='word_1_142' title='bbox 802 1161 962 1191; x_wconf 89' lang='lat' dir='ltr'>eorum</span> <span class='ocrx_word' id='word_1_143' title='bbox 991 1148 1205 1191; x_wconf 92' lang='lat' dir='ltr'>convenit</span> <span class='ocrx_word' id='word_1_144' title='bbox 1231 1148 1285 1192; x_wconf 94' lang='lat' dir='ltr'>de</span> <span class='ocrx_word' id='word_1_145' title='bbox 1311 1162 1403 1207; x_wconf 92' lang='lat' dir='ltr'>quo</span> <span class='ocrx_word' id='word_1_146' title='bbox 1430 1148 1729 1206; x_wconf 85' lang='lat' dir='ltr'>praedicatur,</span> <span class='ocrx_word' id='word_1_147' title='bbox 1755 1163 1864 1193; x_wconf 88' lang='lat' dir='ltr'>nam</span> <span class='ocrx_word' id='word_1_148' title='bbox 1895 1149 2069 1209; x_wconf 88' lang='lat' dir='ltr'>species</span> <span class='ocrx_word' id='word_1_149' title='bbox 2094 1148 2226 1208; x_wconf 84' lang='lat' dir='ltr'>parti-</span> 
     </span>
     <span class='ocr_line' id='line_1_16' title="bbox 269 1214 2225 1275; baseline 0 -17"><span class='ocrx_word' id='word_1_150' title='bbox 269 1216 417 1274; x_wconf 88' lang='lat' dir='ltr'>cipare</span> <span class='ocrx_word' id='word_1_151' title='bbox 445 1215 605 1258; x_wconf 90' lang='lat' dir='ltr'>dicitur</span> <span class='ocrx_word' id='word_1_152' title='bbox 632 1228 790 1272; x_wconf 87' lang='lat' dir='ltr'>genus,</span> <span class='ocrx_word' id='word_1_153' title='bbox 809 1225 853 1258; x_wconf 92' lang='lat' dir='ltr'>et</span> <span class='ocrx_word' id='word_1_154' title='bbox 869 1215 1154 1258; x_wconf 87' lang='lat' dir='ltr'>individuum</span> <span class='ocrx_word' id='word_1_155' title='bbox 1171 1214 1388 1273; x_wconf 90' lang='lat' dir='ltr'>speciem.</span> <span class='ocrx_word' id='word_1_156' title='bbox 1420 1216 1492 1259; x_wconf 88' lang='lat' dir='ltr'>De</span> <span class='ocrx_word' id='word_1_157' title='bbox 1512 1215 1616 1260; x_wconf 94' lang='lat' dir='ltr'>Deo</span> <span class='ocrx_word' id='word_1_158' title='bbox 1644 1226 1798 1259; x_wconf 90' lang='lat' dir='ltr'>autem</span> <span class='ocrx_word' id='word_1_159' title='bbox 1822 1215 1939 1260; x_wconf 91' lang='lat' dir='ltr'>nihil</span> <span class='ocrx_word' id='word_1_160' title='bbox 1962 1216 2125 1260; x_wconf 83' lang='lat' dir='ltr'>dicitur</span> <span class='ocrx_word' id='word_1_161' title='bbox 2138 1229 2225 1275; x_wconf 82' lang='lat' dir='ltr'>per</span> 
     </span>
     <span class='ocr_line' id='line_1_17' title="bbox 267 1281 2226 1341; baseline 0 -17"><span class='ocrx_word' id='word_1_162' title='bbox 267 1281 678 1340; x_wconf 85' lang='lat' dir='ltr'>participationem,</span> <span class='ocrx_word' id='word_1_163' title='bbox 705 1295 814 1324; x_wconf 90' lang='lat' dir='ltr'>nam</span> <span class='ocrx_word' id='word_1_164' title='bbox 841 1295 978 1325; x_wconf 88' lang='lat' dir='ltr'>omne</span> <span class='ocrx_word' id='word_1_165' title='bbox 997 1281 1118 1339; x_wconf 90' lang='lat' dir='ltr'>quod</span> <span class='ocrx_word' id='word_1_166' title='bbox 1136 1282 1429 1340; x_wconf 87' lang='lat' dir='ltr'>participatur</span> <span class='ocrx_word' id='word_1_167' title='bbox 1452 1282 1777 1326; x_wconf 87' lang='lat' dir='ltr'>determinatur</span> <span class='ocrx_word' id='word_1_168' title='bbox 1799 1282 1855 1326; x_wconf 88' lang='lat' dir='ltr'>ad</span> <span class='ocrx_word' id='word_1_169' title='bbox 1881 1281 2072 1326; x_wconf 87' lang='lat' dir='ltr'>modum</span> <span class='ocrx_word' id='word_1_170' title='bbox 2093 1282 2226 1341; x_wconf 74' lang='lat' dir='ltr'>parti-</span> 
     </span>
     <span class='ocr_line' id='line_1_18' title="bbox 268 1347 2224 1408; baseline 0.001 -17"><span class='ocrx_word' id='word_1_171' title='bbox 268 1348 417 1407; x_wconf 87' lang='lat' dir='ltr'>cipati,</span> <span class='ocrx_word' id='word_1_172' title='bbox 445 1358 489 1391; x_wconf 91' lang='lat' dir='ltr'>et</span> <span class='ocrx_word' id='word_1_173' title='bbox 513 1348 576 1392; x_wconf 88' lang='lat' dir='ltr'>sic</span> <span class='ocrx_word' id='word_1_174' title='bbox 603 1347 850 1406; x_wconf 86' lang='lat' dir='ltr'>partialiter</span> <span class='ocrx_word' id='word_1_175' title='bbox 875 1348 1082 1401; x_wconf 78' lang='lat' dir='ltr'>habetur,</span> <span class='ocrx_word' id='word_1_176' title='bbox 1106 1358 1150 1391; x_wconf 92' lang='lat' dir='ltr'>et</span> <span class='ocrx_word' id='word_1_177' title='bbox 1181 1363 1275 1392; x_wconf 91' lang='lat' dir='ltr'>non</span> <span class='ocrx_word' id='word_1_178' title='bbox 1308 1348 1561 1392; x_wconf 89' lang='lat' dir='ltr'>secundum</span> <span class='ocrx_word' id='word_1_179' title='bbox 1589 1363 1777 1393; x_wconf 91' lang='lat' dir='ltr'>omnem</span> <span class='ocrx_word' id='word_1_180' title='bbox 1813 1347 2104 1408; x_wconf 85' lang='lat' dir='ltr'>perfectionis</span> <span class='ocrx_word' id='word_1_181' title='bbox 2125 1361 2224 1394; x_wconf 83' lang='lat' dir='ltr'>mo-</span> 
     </span>
     <span class='ocr_line' id='line_1_19' title="bbox 267 1414 2001 1475; baseline 0.001 -17"><span class='ocrx_word' id='word_1_182' title='bbox 267 1416 390 1458; x_wconf 88' lang='lat' dir='ltr'>dum.</span> <span class='ocrx_word' id='word_1_183' title='bbox 420 1415 618 1474; x_wconf 86' lang='lat' dir='ltr'>Oportet</span> <span class='ocrx_word' id='word_1_184' title='bbox 638 1414 775 1473; x_wconf 90' lang='lat' dir='ltr'>igitur</span> <span class='ocrx_word' id='word_1_185' title='bbox 800 1414 915 1457; x_wconf 86' lang='lat' dir='ltr'>nihil</span> <span class='ocrx_word' id='word_1_186' title='bbox 943 1415 997 1458; x_wconf 92' lang='lat' dir='ltr'>de</span> <span class='ocrx_word' id='word_1_187' title='bbox 1030 1415 1134 1459; x_wconf 91' lang='lat' dir='ltr'>Deo</span> <span class='ocrx_word' id='word_1_188' title='bbox 1158 1425 1201 1459; x_wconf 92' lang='lat' dir='ltr'>et</span> <span class='ocrx_word' id='word_1_189' title='bbox 1227 1415 1358 1459; x_wconf 91' lang='lat' dir='ltr'>rebus</span> <span class='ocrx_word' id='word_1_190' title='bbox 1387 1415 1485 1460; x_wconf 87' lang='lat' dir='ltr'>aliis</span> <span class='ocrx_word' id='word_1_191' title='bbox 1512 1416 1708 1460; x_wconf 88' lang='lat' dir='ltr'>univoce</span> <span class='ocrx_word' id='word_1_192' title='bbox 1734 1415 2001 1475; x_wconf 84' lang='lat' dir='ltr'>praedicari.</span> 
     </span>
    </p>

    <p class='ocr_par' dir='ltr' id='par_1_5' title="bbox 266 1481 2227 2213">
     <span class='ocr_line' id='line_1_20' title="bbox 356 1481 2226 1542; baseline 0.001 -18"><span class='ocrx_word' id='word_1_193' title='bbox 356 1481 545 1525; x_wconf 87' lang='lat' dir='ltr'>Adhuc:</span> <span class='ocrx_word' id='word_1_194' title='bbox 564 1482 686 1540; x_wconf 90' lang='lat' dir='ltr'>quod</span> <span class='ocrx_word' id='word_1_195' title='bbox 705 1481 990 1540; x_wconf 89' lang='lat' dir='ltr'>praedicatur</span> <span class='ocrx_word' id='word_1_196' title='bbox 1009 1481 1063 1525; x_wconf 89' lang='lat' dir='ltr'>de</span> <span class='ocrx_word' id='word_1_197' title='bbox 1082 1481 1304 1540; x_wconf 88' lang='lat' dir='ltr'>aliquibus</span> <span class='ocrx_word' id='word_1_198' title='bbox 1323 1483 1574 1527; x_wconf 90' lang='lat' dir='ltr'>secundum</span> <span class='ocrx_word' id='word_1_199' title='bbox 1592 1483 1714 1542; x_wconf 88' lang='lat' dir='ltr'>prius</span> <span class='ocrx_word' id='word_1_200' title='bbox 1733 1492 1777 1527; x_wconf 92' lang='lat' dir='ltr'>et</span> <span class='ocrx_word' id='word_1_201' title='bbox 1792 1482 2033 1542; x_wconf 78' lang='lat' dir='ltr'>posterius,</span> <span class='ocrx_word' id='word_1_202' title='bbox 2050 1491 2226 1532; x_wconf 78' lang='lat' dir='ltr'>certum</span> 
     </span>
     <span class='ocr_line' id='line_1_21' title="bbox 268 1548 2227 1608; baseline 0 -15"><span class='ocrx_word' id='word_1_203' title='bbox 268 1559 335 1593; x_wconf 90' lang='lat' dir='ltr'>est</span> <span class='ocrx_word' id='word_1_204' title='bbox 360 1548 555 1593; x_wconf 86' lang='lat' dir='ltr'>univoce</span> <span class='ocrx_word' id='word_1_205' title='bbox 573 1562 667 1592; x_wconf 92' lang='lat' dir='ltr'>non</span> <span class='ocrx_word' id='word_1_206' title='bbox 693 1548 969 1607; x_wconf 83' lang='lat' dir='ltr'>praedicari3</span> <span class='ocrx_word' id='word_1_207' title='bbox 995 1563 1104 1593; x_wconf 91' lang='lat' dir='ltr'>nam</span> <span class='ocrx_word' id='word_1_208' title='bbox 1130 1549 1254 1607; x_wconf 90' lang='lat' dir='ltr'>prius</span> <span class='ocrx_word' id='word_1_209' title='bbox 1289 1549 1336 1593; x_wconf 89' lang='lat' dir='ltr'>in</span> <span class='ocrx_word' id='word_1_210' title='bbox 1370 1548 1640 1594; x_wconf 90' lang='lat' dir='ltr'>diffinitione</span> <span class='ocrx_word' id='word_1_211' title='bbox 1670 1549 1935 1608; x_wconf 86' lang='lat' dir='ltr'>posterioris</span> <span class='ocrx_word' id='word_1_212' title='bbox 1965 1549 2227 1603; x_wconf 78' lang='lat' dir='ltr'>includitur,</span> 
     </span>
     <span class='ocr_line' id='line_1_22' title="bbox 266 1614 2227 1676; baseline 0 -16"><span class='ocrx_word' id='word_1_213' title='bbox 266 1616 384 1660; x_wconf 87' lang='lat' dir='ltr'>sicut</span> <span class='ocrx_word' id='word_1_214' title='bbox 418 1615 666 1659; x_wconf 89' lang='lat' dir='ltr'>substantia</span> <span class='ocrx_word' id='word_1_215' title='bbox 692 1616 740 1658; x_wconf 90' lang='lat' dir='ltr'>in</span> <span class='ocrx_word' id='word_1_216' title='bbox 767 1614 1035 1660; x_wconf 84' lang='lat' dir='ltr'>diffinitione</span> <span class='ocrx_word' id='word_1_217' title='bbox 1062 1615 1325 1670; x_wconf 88' lang='lat' dir='ltr'>accidentis,</span> <span class='ocrx_word' id='word_1_218' title='bbox 1351 1617 1605 1661; x_wconf 88' lang='lat' dir='ltr'>secundum</span> <span class='ocrx_word' id='word_1_219' title='bbox 1637 1617 1760 1676; x_wconf 91' lang='lat' dir='ltr'>quod</span> <span class='ocrx_word' id='word_1_220' title='bbox 1787 1625 1855 1661; x_wconf 86' lang='lat' dir='ltr'>est</span> <span class='ocrx_word' id='word_1_221' title='bbox 1884 1630 1979 1661; x_wconf 88' lang='lat' dir='ltr'>ens.</span> <span class='ocrx_word' id='word_1_222' title='bbox 2006 1616 2059 1661; x_wconf 89' lang='lat' dir='ltr'>Si</span> <span class='ocrx_word' id='word_1_223' title='bbox 2087 1616 2227 1675; x_wconf 81' lang='lat' dir='ltr'>igitur</span> 
     </span>
     <span class='ocr_line' id='line_1_23' title="bbox 267 1677 2225 1743; baseline 0.001 -17"><span class='ocrx_word' id='word_1_224' title='bbox 267 1682 491 1726; x_wconf 88' lang='lat' dir='ltr'>diceretur</span> <span class='ocrx_word' id='word_1_225' title='bbox 516 1683 712 1726; x_wconf 89' lang='lat' dir='ltr'>univoce</span> <span class='ocrx_word' id='word_1_226' title='bbox 741 1697 820 1727; x_wconf 90' lang='lat' dir='ltr'>ens</span> <span class='ocrx_word' id='word_1_227' title='bbox 847 1682 902 1726; x_wconf 91' lang='lat' dir='ltr'>de</span> <span class='ocrx_word' id='word_1_228' title='bbox 935 1682 1184 1727; x_wconf 89' lang='lat' dir='ltr'>substantia</span> <span class='ocrx_word' id='word_1_229' title='bbox 1210 1693 1256 1727; x_wconf 92' lang='lat' dir='ltr'>et</span> <span class='ocrx_word' id='word_1_230' title='bbox 1281 1683 1531 1738; x_wconf 86' lang='lat' dir='ltr'>accidente,</span> <span class='ocrx_word' id='word_1_231' title='bbox 1559 1677 1792 1743; x_wconf 88' lang='lat' dir='ltr'>oporteret</span> <span class='ocrx_word' id='word_1_232' title='bbox 1822 1683 1944 1743; x_wconf 92' lang='lat' dir='ltr'>quod</span> <span class='ocrx_word' id='word_1_233' title='bbox 1976 1683 2225 1728; x_wconf 82' lang='lat' dir='ltr'>substantia</span> 
     </span>
     <span class='ocr_line' id='line_1_24' title="bbox 267 1748 2226 1810; baseline 0.001 -17"><span class='ocrx_word' id='word_1_234' title='bbox 267 1750 405 1793; x_wconf 90' lang='lat' dir='ltr'>etiam</span> <span class='ocrx_word' id='word_1_235' title='bbox 431 1760 676 1807; x_wconf 91' lang='lat' dir='ltr'>poneretur</span> <span class='ocrx_word' id='word_1_236' title='bbox 701 1749 747 1793; x_wconf 91' lang='lat' dir='ltr'>in</span> <span class='ocrx_word' id='word_1_237' title='bbox 774 1748 1043 1794; x_wconf 87' lang='lat' dir='ltr'>diffinitione</span> <span class='ocrx_word' id='word_1_238' title='bbox 1071 1750 1185 1794; x_wconf 91' lang='lat' dir='ltr'>entis</span> <span class='ocrx_word' id='word_1_239' title='bbox 1222 1750 1473 1794; x_wconf 87' lang='lat' dir='ltr'>secundum</span> <span class='ocrx_word' id='word_1_240' title='bbox 1502 1751 1624 1809; x_wconf 93' lang='lat' dir='ltr'>quod</span> <span class='ocrx_word' id='word_1_241' title='bbox 1642 1750 1698 1795; x_wconf 93' lang='lat' dir='ltr'>de</span> <span class='ocrx_word' id='word_1_242' title='bbox 1725 1750 1973 1796; x_wconf 89' lang='lat' dir='ltr'>substantia</span> <span class='ocrx_word' id='word_1_243' title='bbox 1998 1750 2226 1810; x_wconf 86' lang='lat' dir='ltr'>praedica-</span> 
     </span>
     <span class='ocr_line' id='line_1_25' title="bbox 266 1815 2226 1878; baseline 0.001 -18"><span class='ocrx_word' id='word_1_244' title='bbox 266 1827 352 1870; x_wconf 91' lang='lat' dir='ltr'>tur,</span> <span class='ocrx_word' id='word_1_245' title='bbox 385 1817 509 1875; x_wconf 89' lang='lat' dir='ltr'>quod</span> <span class='ocrx_word' id='word_1_246' title='bbox 543 1826 665 1874; x_wconf 88' lang='lat' dir='ltr'>patet</span> <span class='ocrx_word' id='word_1_247' title='bbox 698 1830 795 1860; x_wconf 89' lang='lat' dir='ltr'>esse</span> <span class='ocrx_word' id='word_1_248' title='bbox 821 1815 1118 1874; x_wconf 90' lang='lat' dir='ltr'>impossibile.</span> <span class='ocrx_word' id='word_1_249' title='bbox 1146 1816 1276 1861; x_wconf 91' lang='lat' dir='ltr'>Nihil</span> <span class='ocrx_word' id='word_1_250' title='bbox 1302 1827 1455 1862; x_wconf 91' lang='lat' dir='ltr'>autem</span> <span class='ocrx_word' id='word_1_251' title='bbox 1482 1817 1538 1861; x_wconf 82' lang='lat' dir='ltr'>de</span> <span class='ocrx_word' id='word_1_252' title='bbox 1559 1818 1663 1861; x_wconf 90' lang='lat' dir='ltr'>Deo</span> <span class='ocrx_word' id='word_1_253' title='bbox 1691 1827 1735 1862; x_wconf 90' lang='lat' dir='ltr'>et</span> <span class='ocrx_word' id='word_1_254' title='bbox 1760 1817 1894 1863; x_wconf 88' lang='lat' dir='ltr'>rebus</span> <span class='ocrx_word' id='word_1_255' title='bbox 1925 1817 2024 1862; x_wconf 86' lang='lat' dir='ltr'>aliis</span> <span class='ocrx_word' id='word_1_256' title='bbox 2054 1817 2226 1878; x_wconf 58' lang='lat' dir='ltr'>praedi-⁴</span> 
     </span>
     <span class='ocr_line' id='line_1_26' title="bbox 267 1883 2223 1943; baseline 0 -16"><span class='ocrx_word' id='word_1_257' title='bbox 267 1893 395 1927; x_wconf 89' lang='lat' dir='ltr'>catur</span> <span class='ocrx_word' id='word_1_258' title='bbox 421 1884 585 1927; x_wconf 90' lang='lat' dir='ltr'>eodem</span> <span class='ocrx_word' id='word_1_259' title='bbox 613 1884 790 1937; x_wconf 89' lang='lat' dir='ltr'>ordine,</span> <span class='ocrx_word' id='word_1_260' title='bbox 817 1883 895 1927; x_wconf 92' lang='lat' dir='ltr'>sed</span> <span class='ocrx_word' id='word_1_261' title='bbox 930 1884 1182 1928; x_wconf 89' lang='lat' dir='ltr'>secundum</span> <span class='ocrx_word' id='word_1_262' title='bbox 1209 1884 1331 1943; x_wconf 91' lang='lat' dir='ltr'>prius</span> <span class='ocrx_word' id='word_1_263' title='bbox 1364 1894 1408 1928; x_wconf 89' lang='lat' dir='ltr'>et</span> <span class='ocrx_word' id='word_1_264' title='bbox 1442 1884 1682 1943; x_wconf 90' lang='lat' dir='ltr'>posterius,</span> <span class='ocrx_word' id='word_1_265' title='bbox 1710 1898 1816 1928; x_wconf 89' lang='lat' dir='ltr'>cum</span> <span class='ocrx_word' id='word_1_266' title='bbox 1849 1884 1906 1928; x_wconf 92' lang='lat' dir='ltr'>de</span> <span class='ocrx_word' id='word_1_267' title='bbox 1930 1884 2035 1928; x_wconf 91' lang='lat' dir='ltr'>Deo</span> <span class='ocrx_word' id='word_1_268' title='bbox 2066 1884 2223 1929; x_wconf 86' lang='lat' dir='ltr'>omnia</span> 
     </span>
     <span class='ocr_line' id='line_1_27' title="bbox 266 1951 2226 2011; baseline 0.002 -18"><span class='ocrx_word' id='word_1_269' title='bbox 266 1951 583 2010; x_wconf 87' lang='lat' dir='ltr'>praedicentur</span> <span class='ocrx_word' id='word_1_270' title='bbox 610 1951 930 2005; x_wconf 83' lang='lat' dir='ltr'>essentialiter;</span> <span class='ocrx_word' id='word_1_271' title='bbox 959 1951 1120 1995; x_wconf 90' lang='lat' dir='ltr'>dicitur</span> <span class='ocrx_word' id='word_1_272' title='bbox 1146 1951 1270 1995; x_wconf 90' lang='lat' dir='ltr'>enim</span> <span class='ocrx_word' id='word_1_273' title='bbox 1286 1966 1366 1996; x_wconf 92' lang='lat' dir='ltr'>ens</span> <span class='ocrx_word' id='word_1_274' title='bbox 1384 1952 1512 2011; x_wconf 85' lang='lat' dir='ltr'>quasi</span> <span class='ocrx_word' id='word_1_275' title='bbox 1528 1952 1626 2010; x_wconf 91' lang='lat' dir='ltr'>ipsa</span> <span class='ocrx_word' id='word_1_276' title='bbox 1645 1952 1853 2006; x_wconf 89' lang='lat' dir='ltr'>essentia,</span> <span class='ocrx_word' id='word_1_277' title='bbox 1870 1961 1916 1996; x_wconf 90' lang='lat' dir='ltr'>et</span> <span class='ocrx_word' id='word_1_278' title='bbox 1929 1953 2084 1998; x_wconf 27' lang='lat' dir='ltr'>bonus,</span> <span class='ocrx_word' id='word_1_279' title='bbox 2095 1952 2226 2011; x_wconf 87' lang='lat' dir='ltr'>quasi</span> 
     </span>
     <span class='ocr_line' id='line_1_28' title="bbox 266 2018 2226 2078; baseline 0.001 -16"><span class='ocrx_word' id='word_1_280' title='bbox 266 2020 363 2077; x_wconf 90' lang='lat' dir='ltr'>ipsa</span> <span class='ocrx_word' id='word_1_281' title='bbox 389 2019 592 2062; x_wconf 87' lang='lat' dir='ltr'>bonitas:</span> <span class='ocrx_word' id='word_1_282' title='bbox 628 2020 682 2063; x_wconf 93' lang='lat' dir='ltr'>de</span> <span class='ocrx_word' id='word_1_283' title='bbox 710 2018 808 2063; x_wconf 75' lang='lat' dir='ltr'>aliis</span> <span class='ocrx_word' id='word_1_284' title='bbox 842 2029 996 2063; x_wconf 88' lang='lat' dir='ltr'>autem</span> <span class='ocrx_word' id='word_1_285' title='bbox 1029 2018 1392 2077; x_wconf 87' lang='lat' dir='ltr'>praedicationes</span> <span class='ocrx_word' id='word_1_286' title='bbox 1424 2019 1537 2063; x_wconf 89' lang='lat' dir='ltr'>fiunt</span> <span class='ocrx_word' id='word_1_287' title='bbox 1566 2033 1645 2078; x_wconf 93' lang='lat' dir='ltr'>per</span> <span class='ocrx_word' id='word_1_288' title='bbox 1680 2019 2091 2078; x_wconf 88' lang='lat' dir='ltr'>participationem,</span> <span class='ocrx_word' id='word_1_289' title='bbox 2107 2019 2226 2064; x_wconf 88' lang='lat' dir='ltr'>sicut</span> 
     </span>
     <span class='ocr_line' id='line_1_29' title="bbox 270 2086 2223 2146; baseline 0 -16"><span class='ocrx_word' id='word_1_290' title='bbox 270 2087 483 2131; x_wconf 88' lang='lat' dir='ltr'>Socrates</span> <span class='ocrx_word' id='word_1_291' title='bbox 501 2087 663 2130; x_wconf 86' lang='lat' dir='ltr'>dicitur</span> <span class='ocrx_word' id='word_1_292' title='bbox 679 2087 840 2141; x_wconf 90' lang='lat' dir='ltr'>homo,</span> <span class='ocrx_word' id='word_1_293' title='bbox 857 2101 951 2130; x_wconf 93' lang='lat' dir='ltr'>non</span> <span class='ocrx_word' id='word_1_294' title='bbox 970 2086 1090 2146; x_wconf 93' lang='lat' dir='ltr'>quod</span> <span class='ocrx_word' id='word_1_295' title='bbox 1110 2087 1167 2130; x_wconf 91' lang='lat' dir='ltr'>sit</span> <span class='ocrx_word' id='word_1_296' title='bbox 1183 2087 1279 2145; x_wconf 92' lang='lat' dir='ltr'>ipsa</span> <span class='ocrx_word' id='word_1_297' title='bbox 1297 2086 1572 2140; x_wconf 89' lang='lat' dir='ltr'>humanitas,</span> <span class='ocrx_word' id='word_1_298' title='bbox 1590 2086 1667 2131; x_wconf 90' lang='lat' dir='ltr'>sed</span> <span class='ocrx_word' id='word_1_299' title='bbox 1686 2086 2018 2132; x_wconf 82' lang='lat' dir='ltr'>humanitatem</span> <span class='ocrx_word' id='word_1_300' title='bbox 2035 2086 2223 2131; x_wconf 88' lang='lat' dir='ltr'>habens.</span> 
     </span>
     <span class='ocr_line' id='line_1_30' title="bbox 269 2153 1928 2213; baseline 0.001 -17"><span class='ocrx_word' id='word_1_301' title='bbox 269 2153 554 2212; x_wconf 88' lang='lat' dir='ltr'>Impossibile</span> <span class='ocrx_word' id='word_1_302' title='bbox 582 2164 650 2198; x_wconf 90' lang='lat' dir='ltr'>est</span> <span class='ocrx_word' id='word_1_303' title='bbox 674 2154 811 2212; x_wconf 88' lang='lat' dir='ltr'>igitur</span> <span class='ocrx_word' id='word_1_304' title='bbox 838 2153 1006 2213; x_wconf 89' lang='lat' dir='ltr'>aliquid</span> <span class='ocrx_word' id='word_1_305' title='bbox 1033 2154 1088 2197; x_wconf 94' lang='lat' dir='ltr'>de</span> <span class='ocrx_word' id='word_1_306' title='bbox 1114 2153 1217 2198; x_wconf 94' lang='lat' dir='ltr'>Deo</span> <span class='ocrx_word' id='word_1_307' title='bbox 1247 2164 1290 2198; x_wconf 91' lang='lat' dir='ltr'>et</span> <span class='ocrx_word' id='word_1_308' title='bbox 1315 2153 1447 2198; x_wconf 90' lang='lat' dir='ltr'>rebus</span> <span class='ocrx_word' id='word_1_309' title='bbox 1475 2153 1573 2198; x_wconf 84' lang='lat' dir='ltr'>aliis</span> <span class='ocrx_word' id='word_1_310' title='bbox 1605 2153 1801 2198; x_wconf 89' lang='lat' dir='ltr'>univoce</span> <span class='ocrx_word' id='word_1_311' title='bbox 1825 2153 1928 2198; x_wconf 90' lang='lat' dir='ltr'>dici.</span> 
     </span>
    </p>
   </div>
   <div class='ocr_carea' id='block_1_3' title="bbox 892 2309 1591 2366">
    <p class='ocr_par' dir='ltr' id='par_1_6' title="bbox 892 2309 1591 2366">
     <span class='ocr_line' id='line_1_31' title="bbox 892 2309 1591 2366; baseline -0.003 0"><span class='ocrx_word' id='word_1_312' title='bbox 892 2310 1195 2366; x_wconf 89' lang='lat' dir='ltr'><strong>CAPUT</strong></span> <span class='ocrx_word' id='word_1_313' title='bbox 1253 2309 1591 2366; x_wconf 86' lang='lat' dir='ltr'><strong>XXXIII.</strong></span> 
     </span>
    </p>
   </div>
   <div class='ocr_carea' id='block_1_4' title="bbox 312 2436 2179 2558">
    <p class='ocr_par' dir='ltr' id='par_1_7' title="bbox 312 2436 2179 2558">
     <span class='ocr_line' id='line_1_32' title="bbox 312 2436 2179 2483; baseline 0 -8"><span class='ocrx_word' id='word_1_314' title='bbox 312 2437 471 2483; x_wconf 88' lang='lat' dir='ltr'><strong>QUOD</strong></span> <span class='ocrx_word' id='word_1_315' title='bbox 513 2438 630 2478; x_wconf 87' lang='lat' dir='ltr'>NON</span> <span class='ocrx_word' id='word_1_316' title='bbox 669 2438 883 2478; x_wconf 90' lang='lat' dir='ltr'>OMNINO</span> <span class='ocrx_word' id='word_1_317' title='bbox 918 2438 1137 2478; x_wconf 84' lang='lat' dir='ltr'>NOMINA</span> <span class='ocrx_word' id='word_1_318' title='bbox 1176 2437 1465 2476; x_wconf 90' lang='lat' dir='ltr'>DICUNTUR</span> <span class='ocrx_word' id='word_1_319' title='bbox 1503 2438 1576 2475; x_wconf 93' lang='lat' dir='ltr'>DE</span> <span class='ocrx_word' id='word_1_320' title='bbox 1610 2436 1723 2475; x_wconf 91' lang='lat' dir='ltr'>DEO</span> <span class='ocrx_word' id='word_1_321' title='bbox 1765 2437 1836 2476; x_wconf 90' lang='lat' dir='ltr'>ET</span> <span class='ocrx_word' id='word_1_322' title='bbox 1877 2436 2179 2477; x_wconf 79' lang='lat' dir='ltr'>CREATURIS</span> 
     </span>
     <span class='ocr_line' id='line_1_33' title="bbox 985 2511 1502 2558; baseline 0.002 -9"><span class='ocrx_word' id='word_1_323' title='bbox 985 2513 1121 2551; x_wconf 92' lang='lat' dir='ltr'>PURE</span> <span class='ocrx_word' id='word_1_324' title='bbox 1161 2511 1502 2558; x_wconf 84' lang='lat' dir='ltr'><strong>AEQUIVOCE.</strong></span> 
     </span>
    </p>
   </div>
   <div class='ocr_carea' id='block_1_5' title="bbox 262 2613 2225 3611">
    <p class='ocr_par' dir='ltr' id='par_1_8' title="bbox 262 2613 2225 3210">
     <span class='ocr_line' id='line_1_34' title="bbox 354 2613 2225 2674; baseline 0.001 -17"><span class='ocrx_word' id='word_1_325' title='bbox 354 2613 419 2657; x_wconf 85' lang='lat' dir='ltr'>Ex</span> <span class='ocrx_word' id='word_1_326' title='bbox 435 2614 695 2672; x_wconf 88' lang='lat' dir='ltr'>praemissis</span> <span class='ocrx_word' id='word_1_327' title='bbox 723 2615 859 2658; x_wconf 88' lang='lat' dir='ltr'>etiam</span> <span class='ocrx_word' id='word_1_328' title='bbox 878 2624 1001 2672; x_wconf 90' lang='lat' dir='ltr'>patet</span> <span class='ocrx_word' id='word_1_329' title='bbox 1017 2614 1140 2672; x_wconf 91' lang='lat' dir='ltr'>quod</span> <span class='ocrx_word' id='word_1_330' title='bbox 1165 2628 1259 2658; x_wconf 93' lang='lat' dir='ltr'>non</span> <span class='ocrx_word' id='word_1_331' title='bbox 1277 2614 1493 2673; x_wconf 90' lang='lat' dir='ltr'>quidquid</span> <span class='ocrx_word' id='word_1_332' title='bbox 1526 2613 1582 2658; x_wconf 92' lang='lat' dir='ltr'>de</span> <span class='ocrx_word' id='word_1_333' title='bbox 1608 2614 1712 2658; x_wconf 94' lang='lat' dir='ltr'>Deo</span> <span class='ocrx_word' id='word_1_334' title='bbox 1740 2624 1783 2658; x_wconf 94' lang='lat' dir='ltr'>et</span> <span class='ocrx_word' id='word_1_335' title='bbox 1809 2613 1942 2659; x_wconf 88' lang='lat' dir='ltr'>rebus</span> <span class='ocrx_word' id='word_1_336' title='bbox 1968 2613 2069 2662; x_wconf 84' lang='lat' dir='ltr'>aliis</span> <span class='ocrx_word' id='word_1_337' title='bbox 2087 2628 2225 2674; x_wconf 60' lang='lat' dir='ltr'>,prae-</span> 
     </span>
     <span class='ocr_line' id='line_1_35' title="bbox 265 2680 2223 2740; baseline 0.001 -16"><span class='ocrx_word' id='word_1_338' title='bbox 265 2680 452 2734; x_wconf 88' lang='lat' dir='ltr'>dicatur,</span> <span class='ocrx_word' id='word_1_339' title='bbox 479 2682 729 2737; x_wconf 72' lang='lat' dir='ltr'>secundum</span> <span class='ocrx_word' id='word_1_340' title='bbox 753 2695 914 2740; x_wconf 91' lang='lat' dir='ltr'>puram</span> <span class='ocrx_word' id='word_1_341' title='bbox 941 2681 1370 2739; x_wconf 88' lang='lat' dir='ltr'>aequivocationem</span> <span class='ocrx_word' id='word_1_342' title='bbox 1392 2681 1568 2735; x_wconf 86' lang='lat' dir='ltr'>dicitur,</span> <span class='ocrx_word' id='word_1_343' title='bbox 1595 2683 1712 2725; x_wconf 86' lang='lat' dir='ltr'>sicut</span> <span class='ocrx_word' id='word_1_344' title='bbox 1736 2694 1790 2725; x_wconf 91' lang='lat' dir='ltr'>ea</span> <span class='ocrx_word' id='word_1_345' title='bbox 1808 2695 1924 2740; x_wconf 89' lang='lat' dir='ltr'>quae</span> <span class='ocrx_word' id='word_1_346' title='bbox 1949 2690 2099 2733; x_wconf 67' lang='lat' dir='ltr'>sunta</span> <span class='ocrx_word' id='word_1_347' title='bbox 2113 2695 2223 2727; x_wconf 79' lang='lat' dir='ltr'>casu</span> 
     </span>
     <span class='ocr_line' id='line_1_36' title="bbox 264 2747 2222 2808; baseline 0.001 -17"><span class='ocrx_word' id='word_1_348' title='bbox 264 2748 540 2805; x_wconf 81' lang='lat' dir='ltr'>aequivoca3</span> <span class='ocrx_word' id='word_1_349' title='bbox 566 2762 673 2791; x_wconf 91' lang='lat' dir='ltr'>nam</span> <span class='ocrx_word' id='word_1_350' title='bbox 701 2749 747 2791; x_wconf 91' lang='lat' dir='ltr'>in</span> <span class='ocrx_word' id='word_1_351' title='bbox 774 2749 845 2791; x_wconf 86' lang='lat' dir='ltr'>his</span> <span class='ocrx_word' id='word_1_352' title='bbox 865 2763 979 2806; x_wconf 82' lang='lat' dir='ltr'>quae</span> <span class='ocrx_word' id='word_1_353' title='bbox 999 2758 1103 2792; x_wconf 91' lang='lat' dir='ltr'>sunt</span> <span class='ocrx_word' id='word_1_354' title='bbox 1129 2763 1154 2792; x_wconf 90' lang='lat' dir='ltr'>a</span> <span class='ocrx_word' id='word_1_355' title='bbox 1181 2762 1288 2792; x_wconf 91' lang='lat' dir='ltr'>casu</span> <span class='ocrx_word' id='word_1_356' title='bbox 1308 2749 1573 2807; x_wconf 88' lang='lat' dir='ltr'>aequivoca,</span> <span class='ocrx_word' id='word_1_357' title='bbox 1590 2747 1741 2792; x_wconf 91' lang='lat' dir='ltr'>nullus</span> <span class='ocrx_word' id='word_1_358' title='bbox 1760 2748 1875 2792; x_wconf 91' lang='lat' dir='ltr'>ordo</span> <span class='ocrx_word' id='word_1_359' title='bbox 1893 2757 1972 2793; x_wconf 89' lang='lat' dir='ltr'>aut</span> <span class='ocrx_word' id='word_1_360' title='bbox 1990 2758 2222 2808; x_wconf 83' lang='lat' dir='ltr'>respectus</span> 
     </span>
     <span class='ocr_line' id='line_1_37' title="bbox 264 2814 2221 2891; baseline 0.001 -34"><span class='ocrx_word' id='word_1_361' title='bbox 264 2814 506 2858; x_wconf 87' lang='lat' dir='ltr'>attenditur</span> <span class='ocrx_word' id='word_1_362' title='bbox 523 2815 655 2858; x_wconf 90' lang='lat' dir='ltr'>unius</span> <span class='ocrx_word' id='word_1_363' title='bbox 683 2815 737 2858; x_wconf 91' lang='lat' dir='ltr'>ad</span> <span class='ocrx_word' id='word_1_364' title='bbox 758 2815 966 2868; x_wconf 89' lang='lat' dir='ltr'>alterum,</span> <span class='ocrx_word' id='word_1_365' title='bbox 993 2815 1071 2859; x_wconf 88' lang='lat' dir='ltr'>sed</span> <span class='ocrx_word' id='word_1_366' title='bbox 1091 2815 1282 2859; x_wconf 78' lang='lat' dir='ltr'>omnino</span> <span class='ocrx_word' id='word_1_367' title='bbox 1309 2829 1389 2874; x_wconf 91' lang='lat' dir='ltr'>per</span> <span class='ocrx_word' id='word_1_368' title='bbox 1415 2815 1626 2859; x_wconf 86' lang='lat' dir='ltr'>accidens</span> <span class='ocrx_word' id='word_1_369' title='bbox 1645 2824 1713 2859; x_wconf 91' lang='lat' dir='ltr'>est</span> <span class='ocrx_word' id='word_1_370' title='bbox 1738 2814 1858 2891; x_wconf 79' lang='lat' dir='ltr'>quod</span> <span class='ocrx_word' id='word_1_371' title='bbox 1881 2828 2024 2861; x_wconf 86' lang='lat' dir='ltr'>unum</span> <span class='ocrx_word' id='word_1_372' title='bbox 2047 2827 2221 2869; x_wconf 84' lang='lat' dir='ltr'>nomen</span> 
     </span>
     <span class='ocr_line' id='line_1_38' title="bbox 263 2881 2221 2942; baseline 0.001 -18"><span class='ocrx_word' id='word_1_373' title='bbox 263 2881 450 2925; x_wconf 89' lang='lat' dir='ltr'>diversis</span> <span class='ocrx_word' id='word_1_374' title='bbox 484 2882 616 2925; x_wconf 91' lang='lat' dir='ltr'>rebus</span> <span class='ocrx_word' id='word_1_375' title='bbox 651 2882 940 2926; x_wconf 89' lang='lat' dir='ltr'>attribuatur.</span> <span class='ocrx_word' id='word_1_376' title='bbox 973 2896 1066 2925; x_wconf 92' lang='lat' dir='ltr'>non</span> <span class='ocrx_word' id='word_1_377' title='bbox 1101 2882 1223 2925; x_wconf 91' lang='lat' dir='ltr'>enim</span> <span class='ocrx_word' id='word_1_378' title='bbox 1256 2895 1427 2926; x_wconf 89' lang='lat' dir='ltr'>nornen</span> <span class='ocrx_word' id='word_1_379' title='bbox 1455 2882 1721 2941; x_wconf 87' lang='lat' dir='ltr'>impositum</span> <span class='ocrx_word' id='word_1_380' title='bbox 1755 2882 1847 2936; x_wconf 88' lang='lat' dir='ltr'>uni,</span> <span class='ocrx_word' id='word_1_381' title='bbox 1888 2881 2036 2941; x_wconf 86' lang='lat' dir='ltr'>signat</span> <span class='ocrx_word' id='word_1_382' title='bbox 2069 2881 2221 2942; x_wconf 85' lang='lat' dir='ltr'>ipsum</span> 
     </span>
     <span class='ocr_line' id='line_1_39' title="bbox 264 2937 2221 3009; baseline 0.001 -17"><span class='ocrx_word' id='word_1_383' title='bbox 264 2948 431 2992; x_wconf 90' lang='lat' dir='ltr'>habere</span> <span class='ocrx_word' id='word_1_384' title='bbox 458 2949 667 2993; x_wconf 91' lang='lat' dir='ltr'>ordinem</span> <span class='ocrx_word' id='word_1_385' title='bbox 695 2950 749 2993; x_wconf 92' lang='lat' dir='ltr'>ad</span> <span class='ocrx_word' id='word_1_386' title='bbox 777 2937 984 2993; x_wconf 81' lang='lat' dir='ltr'>alterum.</span> <span class='ocrx_word' id='word_1_387' title='bbox 1010 2950 1085 2993; x_wconf 89' lang='lat' dir='ltr'>Sic</span> <span class='ocrx_word' id='word_1_388' title='bbox 1115 2961 1266 2993; x_wconf 89' lang='lat' dir='ltr'>autem</span> <span class='ocrx_word' id='word_1_389' title='bbox 1293 2964 1386 2993; x_wconf 92' lang='lat' dir='ltr'>non</span> <span class='ocrx_word' id='word_1_390' title='bbox 1415 2959 1482 2993; x_wconf 84' lang='lat' dir='ltr'>est.</span> <span class='ocrx_word' id='word_1_391' title='bbox 1506 2950 1562 2993; x_wconf 90' lang='lat' dir='ltr'>de</span> <span class='ocrx_word' id='word_1_392' title='bbox 1587 2949 1851 2994; x_wconf 87' lang='lat' dir='ltr'>nominibus</span> <span class='ocrx_word' id='word_1_393' title='bbox 1881 2953 1999 3009; x_wconf 78' lang='lat' dir='ltr'>quae</span> <span class='ocrx_word' id='word_1_394' title='bbox 2030 2949 2086 2995; x_wconf 88' lang='lat' dir='ltr'>de</span> <span class='ocrx_word' id='word_1_395' title='bbox 2117 2949 2221 2994; x_wconf 91' lang='lat' dir='ltr'>Deo</span> 
     </span>
     <span class='ocr_line' id='line_1_40' title="bbox 263 3008 2225 3074; baseline 0.001 -15"><span class='ocrx_word' id='word_1_396' title='bbox 263 3008 472 3060; x_wconf 91' lang='lat' dir='ltr'>dicuntur</span> <span class='ocrx_word' id='word_1_397' title='bbox 500 3026 543 3060; x_wconf 91' lang='lat' dir='ltr'>et</span> <span class='ocrx_word' id='word_1_398' title='bbox 570 3016 811 3070; x_wconf 89' lang='lat' dir='ltr'>creaturis;</span> <span class='ocrx_word' id='word_1_399' title='bbox 840 3017 1152 3060; x_wconf 89' lang='lat' dir='ltr'>consideratur</span> <span class='ocrx_word' id='word_1_400' title='bbox 1169 3017 1291 3060; x_wconf 89' lang='lat' dir='ltr'>enim</span> <span class='ocrx_word' id='word_1_401' title='bbox 1318 3017 1364 3059; x_wconf 88' lang='lat' dir='ltr'>in</span> <span class='ocrx_word' id='word_1_402' title='bbox 1396 3016 1660 3074; x_wconf 90' lang='lat' dir='ltr'>hujusmodi</span> <span class='ocrx_word' id='word_1_403' title='bbox 1692 3016 1934 3060; x_wconf 86' lang='lat' dir='ltr'>nominum</span> <span class='ocrx_word' id='word_1_404' title='bbox 1970 3016 2225 3060; x_wconf 84' lang='lat' dir='ltr'>communi-</span> 
     </span>
     <span class='ocr_line' id='line_1_41' title="bbox 262 3083 2222 3143; baseline 0.002 -19"><span class='ocrx_word' id='word_1_405' title='bbox 262 3091 353 3125; x_wconf 90' lang='lat' dir='ltr'>tate</span> <span class='ocrx_word' id='word_1_406' title='bbox 387 3083 500 3126; x_wconf 90' lang='lat' dir='ltr'>ordo</span> <span class='ocrx_word' id='word_1_407' title='bbox 534 3097 699 3127; x_wconf 88' lang='lat' dir='ltr'>causae</span> <span class='ocrx_word' id='word_1_408' title='bbox 737 3093 781 3126; x_wconf 92' lang='lat' dir='ltr'>et</span> <span class='ocrx_word' id='word_1_409' title='bbox 818 3083 1004 3136; x_wconf 87' lang='lat' dir='ltr'>causati,</span> <span class='ocrx_word' id='word_1_410' title='bbox 1042 3093 1090 3127; x_wconf 89' lang='lat' dir='ltr'>ut</span> <span class='ocrx_word' id='word_1_411' title='bbox 1116 3097 1169 3127; x_wconf 86' lang='lat' dir='ltr'>ex</span> <span class='ocrx_word' id='word_1_412' title='bbox 1202 3083 1332 3127; x_wconf 88' lang='lat' dir='ltr'>dictis</span> <span class='ocrx_word' id='word_1_413' title='bbox 1370 3084 1429 3140; x_wconf 91' lang='lat' dir='ltr'>(c.</span> <span class='ocrx_word' id='word_1_414' title='bbox 1458 3096 1527 3143; x_wconf 90' lang='lat'>29</span> <span class='ocrx_word' id='word_1_415' title='bbox 1563 3093 1608 3127; x_wconf 92' lang='lat' dir='ltr'>et</span> <span class='ocrx_word' id='word_1_416' title='bbox 1643 3083 1731 3141; x_wconf 83' lang='lat'>32.)</span> <span class='ocrx_word' id='word_1_417' title='bbox 1770 3092 1905 3142; x_wconf 86' lang='lat' dir='ltr'>patet.</span> <span class='ocrx_word' id='word_1_418' title='bbox 1944 3083 2053 3128; x_wconf 88' lang='lat' dir='ltr'>Non</span> <span class='ocrx_word' id='word_1_419' title='bbox 2083 3083 2222 3142; x_wconf 81' lang='lat' dir='ltr'>igitur</span> 
     </span>
     <span class='ocr_line' id='line_1_42' title="bbox 263 3149 2221 3210; baseline 0.001 -18"><span class='ocrx_word' id='word_1_420' title='bbox 263 3149 514 3193; x_wconf 87' lang='lat' dir='ltr'>secundum</span> <span class='ocrx_word' id='word_1_421' title='bbox 541 3165 702 3209; x_wconf 88' lang='lat' dir='ltr'>puram</span> <span class='ocrx_word' id='word_1_422' title='bbox 727 3150 1155 3208; x_wconf 84' lang='lat' dir='ltr'>aequivocationem</span> <span class='ocrx_word' id='word_1_423' title='bbox 1175 3150 1343 3209; x_wconf 89' lang='lat' dir='ltr'>aliquid</span> <span class='ocrx_word' id='word_1_424' title='bbox 1362 3152 1417 3195; x_wconf 92' lang='lat' dir='ltr'>de</span> <span class='ocrx_word' id='word_1_425' title='bbox 1442 3150 1546 3194; x_wconf 94' lang='lat' dir='ltr'>Deo</span> <span class='ocrx_word' id='word_1_426' title='bbox 1564 3159 1608 3194; x_wconf 93' lang='lat' dir='ltr'>et</span> <span class='ocrx_word' id='word_1_427' title='bbox 1633 3150 1765 3195; x_wconf 89' lang='lat' dir='ltr'>rebus</span> <span class='ocrx_word' id='word_1_428' title='bbox 1797 3150 1898 3194; x_wconf 86' lang='lat' dir='ltr'>aliis</span> <span class='ocrx_word' id='word_1_429' title='bbox 1923 3150 2221 3210; x_wconf 81' lang='lat' dir='ltr'>praedicatur.</span> 
     </span>
    </p>

    <p class='ocr_par' dir='ltr' id='par_1_9' title="bbox 263 3215 2223 3477">
     <span class='ocr_line' id='line_1_43' title="bbox 354 3215 2222 3276; baseline 0.001 -17"><span class='ocrx_word' id='word_1_430' title='bbox 354 3216 592 3274; x_wconf 90' lang='lat' dir='ltr'>Amplius:</span> <span class='ocrx_word' id='word_1_431' title='bbox 620 3217 695 3260; x_wconf 89' lang='lat' dir='ltr'>ubi</span> <span class='ocrx_word' id='word_1_432' title='bbox 722 3227 790 3261; x_wconf 90' lang='lat' dir='ltr'>est</span> <span class='ocrx_word' id='word_1_433' title='bbox 822 3231 934 3275; x_wconf 90' lang='lat' dir='ltr'>pura</span> <span class='ocrx_word' id='word_1_434' title='bbox 961 3217 1280 3276; x_wconf 90' lang='lat' dir='ltr'>aequivocatio</span> <span class='ocrx_word' id='word_1_435' title='bbox 1313 3216 1437 3260; x_wconf 90' lang='lat' dir='ltr'>nulla</span> <span class='ocrx_word' id='word_1_436' title='bbox 1464 3216 1715 3261; x_wconf 89' lang='lat' dir='ltr'>similitudo</span> <span class='ocrx_word' id='word_1_437' title='bbox 1742 3219 1787 3261; x_wconf 90' lang='lat' dir='ltr'>in</span> <span class='ocrx_word' id='word_1_438' title='bbox 1815 3217 1952 3262; x_wconf 86' lang='lat' dir='ltr'>rebus</span> <span class='ocrx_word' id='word_1_439' title='bbox 1965 3215 2222 3270; x_wconf 73' lang='lat' dir='ltr'>attenditur,</span> 
     </span>
     <span class='ocr_line' id='line_1_44' title="bbox 263 3282 2222 3344; baseline -0.001 -17"><span class='ocrx_word' id='word_1_440' title='bbox 263 3283 341 3327; x_wconf 89' lang='lat' dir='ltr'>sed</span> <span class='ocrx_word' id='word_1_441' title='bbox 369 3282 518 3326; x_wconf 90' lang='lat' dir='ltr'>solum</span> <span class='ocrx_word' id='word_1_442' title='bbox 552 3284 699 3327; x_wconf 90' lang='lat' dir='ltr'>unitas</span> <span class='ocrx_word' id='word_1_443' title='bbox 725 3284 941 3327; x_wconf 91' lang='lat' dir='ltr'>nominis.</span> <span class='ocrx_word' id='word_1_444' title='bbox 970 3283 1141 3328; x_wconf 90' lang='lat' dir='ltr'>Rerum</span> <span class='ocrx_word' id='word_1_445' title='bbox 1169 3294 1322 3328; x_wconf 89' lang='lat' dir='ltr'>autem</span> <span class='ocrx_word' id='word_1_446' title='bbox 1350 3283 1405 3327; x_wconf 90' lang='lat' dir='ltr'>ad</span> <span class='ocrx_word' id='word_1_447' title='bbox 1431 3283 1584 3328; x_wconf 88' lang='lat' dir='ltr'>Deum</span> <span class='ocrx_word' id='word_1_448' title='bbox 1617 3293 1685 3328; x_wconf 90' lang='lat' dir='ltr'>est</span> <span class='ocrx_word' id='word_1_449' title='bbox 1711 3282 1874 3344; x_wconf 80' lang='lat' dir='ltr'>aliquis</span> <span class='ocrx_word' id='word_1_450' title='bbox 1906 3282 2072 3329; x_wconf 77' lang='lat' dir='ltr'>modus</span> <span class='ocrx_word' id='word_1_451' title='bbox 2102 3282 2222 3328; x_wconf 73' lang='lat' dir='ltr'>simi·</span> 
     </span>
     <span class='ocr_line' id='line_1_45' title="bbox 266 3348 2223 3412; baseline 0.001 -19"><span class='ocrx_word' id='word_1_452' title='bbox 266 3350 485 3404; x_wconf 85' lang='lat' dir='ltr'>litudinis‚</span> <span class='ocrx_word' id='word_1_453' title='bbox 513 3360 561 3394; x_wconf 91' lang='lat' dir='ltr'>ut</span> <span class='ocrx_word' id='word_1_454' title='bbox 587 3365 641 3395; x_wconf 84' lang='lat' dir='ltr'>ex</span> <span class='ocrx_word' id='word_1_455' title='bbox 658 3350 899 3410; x_wconf 89' lang='lat' dir='ltr'>praedictis</span> <span class='ocrx_word' id='word_1_456' title='bbox 928 3352 988 3408; x_wconf 91' lang='lat' dir='ltr'>(c.</span> <span class='ocrx_word' id='word_1_457' title='bbox 1017 3352 1108 3410; x_wconf 90' lang='lat'>29.)</span> <span class='ocrx_word' id='word_1_458' title='bbox 1137 3362 1271 3409; x_wconf 89' lang='lat' dir='ltr'>patet.</span> <span class='ocrx_word' id='word_1_459' title='bbox 1291 3350 1576 3410; x_wconf 90' lang='lat' dir='ltr'>Relinquitur</span> <span class='ocrx_word' id='word_1_460' title='bbox 1600 3351 1736 3410; x_wconf 88' lang='lat' dir='ltr'>igitur</span> <span class='ocrx_word' id='word_1_461' title='bbox 1761 3350 1884 3412; x_wconf 83' lang='lat' dir='ltr'>quod</span> <span class='ocrx_word' id='word_1_462' title='bbox 1900 3364 1994 3397; x_wconf 88' lang='lat' dir='ltr'>non</span> <span class='ocrx_word' id='word_1_463' title='bbox 2013 3348 2223 3397; x_wconf 78' lang='lat' dir='ltr'>dicantur</span> 
     </span>
     <span class='ocr_line' id='line_1_46' title="bbox 264 3417 1387 3477; baseline 0 -15"><span class='ocrx_word' id='word_1_464' title='bbox 264 3418 318 3462; x_wconf 88' lang='lat' dir='ltr'>de</span> <span class='ocrx_word' id='word_1_465' title='bbox 344 3417 447 3461; x_wconf 92' lang='lat' dir='ltr'>Deo</span> <span class='ocrx_word' id='word_1_466' title='bbox 480 3419 729 3463; x_wconf 89' lang='lat' dir='ltr'>secundum</span> <span class='ocrx_word' id='word_1_467' title='bbox 757 3432 915 3477; x_wconf 85' lang='lat' dir='ltr'>puram</span> <span class='ocrx_word' id='word_1_468' title='bbox 946 3419 1387 3476; x_wconf 87' lang='lat' dir='ltr'>aequivocationem.</span> 
     </span>
    </p>

    <p class='ocr_par' dir='ltr' id='par_1_10' title="bbox 264 3480 2219 3611">
     <span class='ocr_line' id='line_1_47' title="bbox 352 3480 2218 3544; baseline 0 -16"><span class='ocrx_word' id='word_1_469' title='bbox 352 3485 492 3529; x_wconf 88' lang='lat' dir='ltr'>Item:</span> <span class='ocrx_word' id='word_1_470' title='bbox 517 3487 698 3544; x_wconf 84' lang='lat' dir='ltr'>quando</span> <span class='ocrx_word' id='word_1_471' title='bbox 726 3501 867 3530; x_wconf 90' lang='lat' dir='ltr'>unum</span> <span class='ocrx_word' id='word_1_472' title='bbox 886 3485 940 3530; x_wconf 87' lang='lat' dir='ltr'>de</span> <span class='ocrx_word' id='word_1_473' title='bbox 959 3485 1159 3544; x_wconf 88' lang='lat' dir='ltr'>pluribus</span> <span class='ocrx_word' id='word_1_474' title='bbox 1178 3485 1429 3530; x_wconf 90' lang='lat' dir='ltr'>secundum</span> <span class='ocrx_word' id='word_1_475' title='bbox 1457 3499 1619 3544; x_wconf 85' lang='lat' dir='ltr'>puram</span> <span class='ocrx_word' id='word_1_476' title='bbox 1638 3480 2067 3544; x_wconf 73' lang='lat' dir='ltr'>aequivocationem</span> <span class='ocrx_word' id='word_1_477' title='bbox 2089 3497 2218 3544; x_wconf 82' lang='lat' dir='ltr'>prae·</span> 
     </span>
     <span class='ocr_line' id='line_1_48' title="bbox 264 3551 2219 3611; baseline 0.002 -16"><span class='ocrx_word' id='word_1_478' title='bbox 264 3552 451 3605; x_wconf 83' lang='lat' dir='ltr'>dicatur,</span> <span class='ocrx_word' id='word_1_479' title='bbox 480 3567 533 3596; x_wconf 86' lang='lat' dir='ltr'>ex</span> <span class='ocrx_word' id='word_1_480' title='bbox 567 3567 658 3597; x_wconf 89' lang='lat' dir='ltr'>uno</span> <span class='ocrx_word' id='word_1_481' title='bbox 692 3567 851 3597; x_wconf 86' lang='lat' dir='ltr'>eorum</span> <span class='ocrx_word' id='word_1_482' title='bbox 880 3567 972 3596; x_wconf 90' lang='lat' dir='ltr'>non</span> <span class='ocrx_word' id='word_1_483' title='bbox 1006 3566 1248 3611; x_wconf 86' lang='lat' dir='ltr'>possumus</span> <span class='ocrx_word' id='word_1_484' title='bbox 1275 3553 1407 3597; x_wconf 81' lang='lat' dir='ltr'>duci</span> <span class='ocrx_word' id='word_1_485' title='bbox 1397 3567 1443 3597; x_wconf 79' lang='lat' dir='ltr'>in</span> <span class='ocrx_word' id='word_1_486' title='bbox 1472 3552 1754 3611; x_wconf 87' lang='lat' dir='ltr'>agnitionem</span> <span class='ocrx_word' id='word_1_487' title='bbox 1781 3551 1988 3609; x_wconf 75' lang='lat' dir='ltr'>alterius;</span> <span class='ocrx_word' id='word_1_488' title='bbox 2009 3565 2118 3598; x_wconf 84' lang='lat' dir='ltr'>nam</span> <span class='ocrx_word' id='word_1_489' title='bbox 2144 3565 2219 3598; x_wconf 86' lang='lat' dir='ltr'>co·</span> 
     </span>
    </p>
   </div>
  </div>
 </body>
</html>
