<?xml version="1.0" encoding="UTF-8"?>
<!DOCTYPE html PUBLIC "-//W3C//DTD XHTML 1.0 Transitional//EN"
    "http://www.w3.org/TR/xhtml1/DTD/xhtml1-transitional.dtd">
<html xmlns="http://www.w3.org/1999/xhtml" xml:lang="en" lang="en">
 <head>
  <title>
</title>
<meta http-equiv="Content-Type" content="text/html;charset=utf-8" />
  <meta name='ocr-system' content='tesseract 3.04.00' />
  <meta name='ocr-capabilities' content='ocr_page ocr_carea ocr_par ocr_line ocrx_word'/>
</head>
<body>
  <div class='ocr_page' id='page_1' title='image "./divithomaeaquina00thom_0571.png"; bbox 0 0 2332 3854; ppageno 0'>
   <div class='ocr_carea' id='block_1_1' title="bbox 804 218 2070 275">
    <p class='ocr_par' dir='ltr' id='par_1_1' title="bbox 804 218 2070 275">
     <span class='ocr_line' id='line_1_1' title="bbox 804 218 2070 275; baseline 0.009 -18"><span class='ocrx_word' id='word_1_1' title='bbox 804 219 956 259; x_wconf 68' lang='lat' dir='ltr'>mma</span> <span class='ocrx_word' id='word_1_2' title='bbox 996 219 1066 258; x_wconf 81' lang='grc' dir='ltr'>ιν.</span> <span class='ocrx_word' id='word_1_3' title='bbox 1109 218 1229 258; x_wconf 77' lang='grc' dir='ltr'><strong>οΑΡ.</strong></span> <span class='ocrx_word' id='word_1_4' title='bbox 1272 218 1386 259; x_wconf 86' lang='lat' dir='ltr'>vm.</span> <span class='ocrx_word' id='word_1_5' title='bbox 1967 220 2070 275; x_wconf 84' lang='lat'>559</span> 
     </span>
    </p>
   </div>
   <div class='ocr_carea' id='block_1_2' title="bbox 116 320 2075 714">
    <p class='ocr_par' dir='ltr' id='par_1_2' title="bbox 116 320 2075 714">
     <span class='ocr_line' id='line_1_2' title="bbox 119 320 2074 382; baseline -0.001 -14"><span class='ocrx_word' id='word_1_6' title='bbox 119 322 323 382; x_wconf 77' lang='lat' dir='ltr'>(coloss.</span> <span class='ocrx_word' id='word_1_7' title='bbox 349 322 443 379; x_wconf 88' lang='lat' dir='ltr'>IL),</span> <span class='ocrx_word' id='word_1_8' title='bbox 465 331 510 367; x_wconf 90' lang='lat' dir='ltr'>et</span> <span class='ocrx_word' id='word_1_9' title='bbox 530 330 672 380; x_wconf 84' lang='lat' dir='ltr'>quum</span> <span class='ocrx_word' id='word_1_10' title='bbox 693 320 738 364; x_wconf 88' lang='lat' dir='ltr'>id</span> <span class='ocrx_word' id='word_1_11' title='bbox 761 321 883 380; x_wconf 91' lang='lat' dir='ltr'>quod</span> <span class='ocrx_word' id='word_1_12' title='bbox 906 322 1053 378; x_wconf 85' lang='lat' dir='ltr'>majus</span> <span class='ocrx_word' id='word_1_13' title='bbox 1073 330 1142 365; x_wconf 88' lang='lat' dir='ltr'>est</span> <span class='ocrx_word' id='word_1_14' title='bbox 1163 321 1360 380; x_wconf 86' lang='lat' dir='ltr'>perfecte</span> <span class='ocrx_word' id='word_1_15' title='bbox 1385 330 1648 380; x_wconf 85' lang='lat' dir='ltr'>cognoscat,</span> <span class='ocrx_word' id='word_1_16' title='bbox 1671 321 1845 366; x_wconf 89' lang='lat' dir='ltr'>scilicet</span> <span class='ocrx_word' id='word_1_17' title='bbox 1865 323 2074 377; x_wconf 87' lang='lat' dir='ltr'>Patrem;</span> 
     </span>
     <span class='ocr_line' id='line_1_3' title="bbox 118 387 2074 447; baseline -0.001 -13"><span class='ocrx_word' id='word_1_18' title='bbox 118 389 197 435; x_wconf 87' lang='lat' dir='ltr'>sed</span> <span class='ocrx_word' id='word_1_19' title='bbox 223 390 312 433; x_wconf 92' lang='lat' dir='ltr'>hoc</span> <span class='ocrx_word' id='word_1_20' title='bbox 341 388 684 447; x_wconf 88' lang='lat' dir='ltr'>intelligendum</span> <span class='ocrx_word' id='word_1_21' title='bbox 717 398 782 431; x_wconf 89' lang='lat' dir='ltr'>est</span> <span class='ocrx_word' id='word_1_22' title='bbox 816 388 919 447; x_wconf 91' lang='lat' dir='ltr'>quia</span> <span class='ocrx_word' id='word_1_23' title='bbox 946 387 1100 441; x_wconf 90' lang='lat' dir='ltr'>Filius,</span> <span class='ocrx_word' id='word_1_24' title='bbox 1132 388 1249 432; x_wconf 90' lang='lat' dir='ltr'>inter</span> <span class='ocrx_word' id='word_1_25' title='bbox 1279 388 1492 432; x_wconf 87' lang='lat' dir='ltr'>homines</span> <span class='ocrx_word' id='word_1_26' title='bbox 1524 388 1668 431; x_wconf 90' lang='lat' dir='ltr'>homo</span> <span class='ocrx_word' id='word_1_27' title='bbox 1701 389 1985 443; x_wconf 86' lang='lat' dir='ltr'>constitutus,</span> <span class='ocrx_word' id='word_1_28' title='bbox 2019 390 2074 433; x_wconf 90' lang='lat' dir='ltr'>ad</span> 
     </span>
     <span class='ocr_line' id='line_1_4' title="bbox 117 448 2075 513; baseline -0.001 -12"><span class='ocrx_word' id='word_1_29' title='bbox 117 456 309 501; x_wconf 84' lang='lat' dir='ltr'>modum</span> <span class='ocrx_word' id='word_1_30' title='bbox 335 455 589 513; x_wconf 86' lang='lat' dir='ltr'>ignorantis</span> <span class='ocrx_word' id='word_1_31' title='bbox 620 448 869 506; x_wconf 78' lang='lat' dir='ltr'>se&#39;habuit‚</span> <span class='ocrx_word' id='word_1_32' title='bbox 903 454 1013 497; x_wconf 90' lang='lat' dir='ltr'>dum</span> <span class='ocrx_word' id='word_1_33' title='bbox 1045 452 1275 512; x_wconf 86' lang='lat' dir='ltr'>discipulis</span> <span class='ocrx_word' id='word_1_34' title='bbox 1308 468 1402 498; x_wconf 91' lang='lat' dir='ltr'>non</span> <span class='ocrx_word' id='word_1_35' title='bbox 1435 453 1665 498; x_wconf 89' lang='lat' dir='ltr'>revelavit.</span> <span class='ocrx_word' id='word_1_36' title='bbox 1699 454 1777 498; x_wconf 89' lang='lat' dir='ltr'>Est</span> <span class='ocrx_word' id='word_1_37' title='bbox 1808 455 1931 498; x_wconf 89' lang='lat' dir='ltr'>enim</span> <span class='ocrx_word' id='word_1_38' title='bbox 1966 470 2075 500; x_wconf 91' lang='lat' dir='ltr'>con-</span> 
     </span>
     <span class='ocr_line' id='line_1_5' title="bbox 116 517 2072 581; baseline -0.001 -13"><span class='ocrx_word' id='word_1_39' title='bbox 116 517 269 568; x_wconf 78' lang='lat' dir='ltr'>suetus</span> <span class='ocrx_word' id='word_1_40' title='bbox 291 523 456 567; x_wconf 88' lang='lat' dir='ltr'>modus</span> <span class='ocrx_word' id='word_1_41' title='bbox 480 521 697 581; x_wconf 87' lang='lat' dir='ltr'>loquendi</span> <span class='ocrx_word' id='word_1_42' title='bbox 723 521 769 564; x_wconf 90' lang='lat' dir='ltr'>in</span> <span class='ocrx_word' id='word_1_43' title='bbox 797 521 1041 579; x_wconf 80' lang='lat' dir='ltr'>Scripturis</span> <span class='ocrx_word' id='word_1_44' title='bbox 1072 531 1120 564; x_wconf 90' lang='lat' dir='ltr'>ut</span> <span class='ocrx_word' id='word_1_45' title='bbox 1152 522 1278 565; x_wconf 90' lang='lat' dir='ltr'>Deus</span> <span class='ocrx_word' id='word_1_46' title='bbox 1311 522 1486 565; x_wconf 87' lang='lat' dir='ltr'>dicatur</span> <span class='ocrx_word' id='word_1_47' title='bbox 1518 520 1686 580; x_wconf 89' lang='lat' dir='ltr'>aliquid</span> <span class='ocrx_word' id='word_1_48' title='bbox 1720 535 2003 580; x_wconf 85' lang='lat' dir='ltr'>cognoscere</span> <span class='ocrx_word' id='word_1_49' title='bbox 2036 525 2072 567; x_wconf 90' lang='lat' dir='ltr'>si</span> 
     </span>
     <span class='ocr_line' id='line_1_6' title="bbox 116 585 2075 665; baseline 0.001 -32"><span class='ocrx_word' id='word_1_50' title='bbox 116 588 227 634; x_wconf 85' lang='lat' dir='ltr'>illud</span> <span class='ocrx_word' id='word_1_51' title='bbox 268 602 550 648; x_wconf 87' lang='lat' dir='ltr'>cognoscere</span> <span class='ocrx_word' id='word_1_52' title='bbox 582 588 711 642; x_wconf 85' lang='lat' dir='ltr'>facit3</span> <span class='ocrx_word' id='word_1_53' title='bbox 745 585 861 631; x_wconf 90' lang='lat' dir='ltr'>sicut</span> <span class='ocrx_word' id='word_1_54' title='bbox 892 587 1082 631; x_wconf 89' lang='lat' dir='ltr'>habetur</span> <span class='ocrx_word' id='word_1_55' title='bbox 1107 587 1247 645; x_wconf 90' lang='lat' dir='ltr'>(Gen.</span> <span class='ocrx_word' id='word_1_56' title='bbox 1281 588 1425 631; x_wconf 88' lang='lat' dir='ltr'>XXII.</span> <span class='ocrx_word' id='word_1_57' title='bbox 1460 587 1569 644; x_wconf 83' lang='lat'>12.):</span> <span class='ocrx_word' id='word_1_58' title='bbox 1604 589 1728 632; x_wconf 83' lang='lat' dir='ltr'>Nunc</span> <span class='ocrx_word' id='word_1_59' title='bbox 1761 591 1937 665; x_wconf 84' lang='lat' dir='ltr'>cognovi</span> <span class='ocrx_word' id='word_1_60' title='bbox 1967 590 2075 648; x_wconf 85' lang='lat' dir='ltr'>quod</span> 
     </span>
     <span class='ocr_line' id='line_1_7' title="bbox 117 653 2075 714; baseline 0 -14"><span class='ocrx_word' id='word_1_61' title='bbox 117 658 260 700; x_wconf 65' lang='lat' dir='ltr'>fflneas</span> <span class='ocrx_word' id='word_1_62' title='bbox 284 656 538 708; x_wconf 81' lang='lat' dir='ltr'>Dominum,</span> <span class='ocrx_word' id='word_1_63' title='bbox 571 654 616 698; x_wconf 91' lang='lat' dir='ltr'>id</span> <span class='ocrx_word' id='word_1_64' title='bbox 651 662 716 698; x_wconf 89' lang='lat' dir='ltr'>est</span> <span class='ocrx_word' id='word_1_65' title='bbox 747 667 867 697; x_wconf 90' lang='lat' dir='ltr'>nunc</span> <span class='ocrx_word' id='word_1_66' title='bbox 903 667 1184 712; x_wconf 87' lang='lat' dir='ltr'>cognoscere</span> <span class='ocrx_word' id='word_1_67' title='bbox 1210 653 1321 708; x_wconf 82' lang='lat' dir='ltr'>feci3</span> <span class='ocrx_word' id='word_1_68' title='bbox 1357 665 1400 699; x_wconf 91' lang='lat' dir='ltr'>et</span> <span class='ocrx_word' id='word_1_69' title='bbox 1432 654 1494 698; x_wconf 90' lang='lat' dir='ltr'>sic</span> <span class='ocrx_word' id='word_1_70' title='bbox 1529 668 1608 714; x_wconf 91' lang='lat' dir='ltr'>per</span> <span class='ocrx_word' id='word_1_71' title='bbox 1641 654 1903 713; x_wconf 87' lang='lat' dir='ltr'>oppositum</span> <span class='ocrx_word' id='word_1_72' title='bbox 1937 655 2075 700; x_wconf 89' lang='lat' dir='ltr'>Filius</span> 
     </span>
    </p>
   </div>
   <div class='ocr_carea' id='block_1_3' title="bbox 117 719 2068 846">
    <p class='ocr_par' dir='ltr' id='par_1_3' title="bbox 117 719 2068 846">
     <span class='ocr_line' id='line_1_8' title="bbox 117 719 1148 798; baseline -0.004 -32"><span class='ocrx_word' id='word_1_73' title='bbox 117 723 294 766; x_wconf 81' lang='lat' dir='ltr'>nescire</span> <span class='ocrx_word' id='word_1_74' title='bbox 318 721 483 765; x_wconf 86' lang='lat' dir='ltr'>dicitur</span> <span class='ocrx_word' id='word_1_75' title='bbox 507 721 628 798; x_wconf 79' lang='lat' dir='ltr'>quod</span> <span class='ocrx_word' id='word_1_76' title='bbox 653 734 748 764; x_wconf 92' lang='lat' dir='ltr'>non</span> <span class='ocrx_word' id='word_1_77' title='bbox 775 719 883 764; x_wconf 88' lang='lat' dir='ltr'>facit</span> <span class='ocrx_word' id='word_1_78' title='bbox 907 734 992 763; x_wconf 91' lang='lat' dir='ltr'>nos</span> <span class='ocrx_word' id='word_1_79' title='bbox 1020 720 1148 763; x_wconf 91' lang='lat' dir='ltr'>scire.</span> 
     </span>
     <span class='ocr_line' id='line_1_9' title="bbox 205 786 2068 846; baseline 0.001 -14"><span class='ocrx_word' id='word_1_80' title='bbox 205 786 408 832; x_wconf 85' lang='lat' dir='ltr'>Tristitia</span> <span class='ocrx_word' id='word_1_81' title='bbox 429 802 553 842; x_wconf 83' lang='lat' dir='ltr'>vero,</span> <span class='ocrx_word' id='word_1_82' title='bbox 571 787 723 840; x_wconf 89' lang='lat' dir='ltr'>timor,</span> <span class='ocrx_word' id='word_1_83' title='bbox 740 797 784 830; x_wconf 87' lang='lat' dir='ltr'>et</span> <span class='ocrx_word' id='word_1_84' title='bbox 802 786 890 830; x_wconf 88' lang='lat' dir='ltr'>alia</span> <span class='ocrx_word' id='word_1_85' title='bbox 915 786 1179 844; x_wconf 75' lang='lat' dir='ltr'>huJusmodi</span> <span class='ocrx_word' id='word_1_86' title='bbox 1206 786 1499 830; x_wconf 85' lang='lat' dir='ltr'>manifestum</span> <span class='ocrx_word' id='word_1_87' title='bbox 1522 796 1587 830; x_wconf 88' lang='lat' dir='ltr'>est</span> <span class='ocrx_word' id='word_1_88' title='bbox 1613 787 1735 846; x_wconf 92' lang='lat' dir='ltr'>quod</span> <span class='ocrx_word' id='word_1_89' title='bbox 1755 787 1810 831; x_wconf 90' lang='lat' dir='ltr'>ad</span> <span class='ocrx_word' id='word_1_90' title='bbox 1830 787 2068 833; x_wconf 88' lang='lat' dir='ltr'>Christum</span> 
     </span>
    </p>
   </div>
   <div class='ocr_carea' id='block_1_4' title="bbox 114 852 2073 1047">
    <p class='ocr_par' dir='ltr' id='par_1_4' title="bbox 114 852 2073 1047">
     <span class='ocr_line' id='line_1_10' title="bbox 115 852 2070 914; baseline 0 -15"><span class='ocrx_word' id='word_1_91' title='bbox 115 855 370 914; x_wconf 84' lang='lat' dir='ltr'>pertineant</span> <span class='ocrx_word' id='word_1_92' title='bbox 393 854 644 898; x_wconf 89' lang='lat' dir='ltr'>secundum</span> <span class='ocrx_word' id='word_1_93' title='bbox 673 853 794 912; x_wconf 88' lang='lat' dir='ltr'>quod</span> <span class='ocrx_word' id='word_1_94' title='bbox 827 853 993 907; x_wconf 91' lang='lat' dir='ltr'>homo;</span> <span class='ocrx_word' id='word_1_95' title='bbox 1022 853 1139 897; x_wconf 91' lang='lat' dir='ltr'>unde</span> <span class='ocrx_word' id='word_1_96' title='bbox 1173 863 1216 897; x_wconf 91' lang='lat' dir='ltr'>et</span> <span class='ocrx_word' id='word_1_97' title='bbox 1248 866 1326 912; x_wconf 89' lang='lat' dir='ltr'>per</span> <span class='ocrx_word' id='word_1_98' title='bbox 1358 853 1449 897; x_wconf 85' lang='lat' dir='ltr'>hoc</span> <span class='ocrx_word' id='word_1_99' title='bbox 1482 852 1607 897; x_wconf 87' lang='lat' dir='ltr'>nulla</span> <span class='ocrx_word' id='word_1_100' title='bbox 1640 854 1886 898; x_wconf 86' lang='lat' dir='ltr'>minoratio</span> <span class='ocrx_word' id='word_1_101' title='bbox 1921 865 2070 914; x_wconf 88' lang='lat' dir='ltr'>potest</span> 
     </span>
     <span class='ocr_line' id='line_1_11' title="bbox 114 919 868 978; baseline -0.005 -12"><span class='ocrx_word' id='word_1_102' title='bbox 114 922 161 966; x_wconf 81' lang='lat' dir='ltr'>in</span> <span class='ocrx_word' id='word_1_103' title='bbox 186 920 420 965; x_wconf 84' lang='lat' dir='ltr'>divinitate</span> <span class='ocrx_word' id='word_1_104' title='bbox 451 919 552 963; x_wconf 83' lang='lat' dir='ltr'>Filii</span> <span class='ocrx_word' id='word_1_105' title='bbox 580 919 868 978; x_wconf 85' lang='lat' dir='ltr'>deprehendi.</span> 
     </span>
     <span class='ocr_line' id='line_1_12' title="bbox 205 986 2073 1047; baseline 0.002 -17"><span class='ocrx_word' id='word_1_106' title='bbox 205 986 345 1040; x_wconf 88' lang='lat' dir='ltr'>Quod</span> <span class='ocrx_word' id='word_1_107' title='bbox 373 996 524 1030; x_wconf 80' lang='lat' dir='ltr'>autem</span> <span class='ocrx_word' id='word_1_108' title='bbox 558 986 720 1029; x_wconf 88' lang='lat' dir='ltr'>dicitur</span> <span class='ocrx_word' id='word_1_109' title='bbox 751 986 1020 1044; x_wconf 86' lang='lat' dir='ltr'>sapientiam</span> <span class='ocrx_word' id='word_1_110' title='bbox 1054 999 1152 1030; x_wconf 90' lang='lat' dir='ltr'>esse</span> <span class='ocrx_word' id='word_1_111' title='bbox 1185 996 1398 1041; x_wconf 89' lang='lat' dir='ltr'>creatam,</span> <span class='ocrx_word' id='word_1_112' title='bbox 1429 986 1578 1045; x_wconf 91' lang='lat' dir='ltr'>primo</span> <span class='ocrx_word' id='word_1_113' title='bbox 1612 987 1797 1045; x_wconf 88' lang='lat' dir='ltr'>quidem</span> <span class='ocrx_word' id='word_1_114' title='bbox 1829 998 1979 1047; x_wconf 85' lang='lat' dir='ltr'>potest</span> <span class='ocrx_word' id='word_1_115' title='bbox 2011 989 2073 1033; x_wconf 90' lang='lat' dir='ltr'>in-</span> 
     </span>
    </p>
   </div>
   <div class='ocr_carea' id='block_1_5' title="bbox 31 1034 2072 1113">
    <p class='ocr_par' dir='ltr' id='par_1_5' title="bbox 31 1034 2072 1113">
     <span class='ocr_line' id='line_1_13' title="bbox 31 1034 2072 1113; baseline 0 -14"><span class='ocrx_word' id='word_1_116' title='bbox 31 1084 41 1090; x_wconf 73' lang='grc'><strong>-</strong></span> <span class='ocrx_word' id='word_1_117' title='bbox 65 1034 70 1041; x_wconf 38' lang='lat'><strong>¹</strong></span> <span class='ocrx_word' id='word_1_118' title='bbox 113 1053 375 1113; x_wconf 74' lang='lat' dir='ltr'>telliginon</span> <span class='ocrx_word' id='word_1_119' title='bbox 402 1053 458 1096; x_wconf 90' lang='lat' dir='ltr'>de</span> <span class='ocrx_word' id='word_1_120' title='bbox 485 1053 704 1111; x_wconf 87' lang='lat' dir='ltr'>sapientia</span> <span class='ocrx_word' id='word_1_121' title='bbox 731 1066 847 1111; x_wconf 87' lang='lat' dir='ltr'>quae</span> <span class='ocrx_word' id='word_1_122' title='bbox 873 1063 940 1096; x_wconf 90' lang='lat' dir='ltr'>est</span> <span class='ocrx_word' id='word_1_123' title='bbox 966 1052 1103 1096; x_wconf 87' lang='lat' dir='ltr'>Filius</span> <span class='ocrx_word' id='word_1_124' title='bbox 1129 1053 1230 1106; x_wconf 91' lang='lat' dir='ltr'>Dei,</span> <span class='ocrx_word' id='word_1_125' title='bbox 1257 1053 1334 1096; x_wconf 89' lang='lat' dir='ltr'>sed</span> <span class='ocrx_word' id='word_1_126' title='bbox 1361 1052 1417 1096; x_wconf 93' lang='lat' dir='ltr'>de</span> <span class='ocrx_word' id='word_1_127' title='bbox 1443 1053 1663 1111; x_wconf 88' lang='lat' dir='ltr'>sapientia</span> <span class='ocrx_word' id='word_1_128' title='bbox 1691 1068 1829 1112; x_wconf 86' lang='lat' dir='ltr'>quarn</span> <span class='ocrx_word' id='word_1_129' title='bbox 1856 1054 1983 1099; x_wconf 90' lang='lat' dir='ltr'>Deus</span> <span class='ocrx_word' id='word_1_130' title='bbox 2010 1058 2072 1100; x_wconf 92' lang='lat' dir='ltr'>in-</span> 
     </span>
    </p>
   </div>
   <div class='ocr_carea' id='block_1_6' title="bbox 55 1118 2075 2447">
    <p class='ocr_par' dir='ltr' id='par_1_6' title="bbox 55 1118 2075 1911">
     <span class='ocr_line' id='line_1_14' title="bbox 113 1118 2072 1180; baseline 0.001 -15"><span class='ocrx_word' id='word_1_131' title='bbox 113 1120 225 1165; x_wconf 82' lang='lat' dir='ltr'>didit</span> <span class='ocrx_word' id='word_1_132' title='bbox 239 1121 475 1173; x_wconf 84' lang='lat' dir='ltr'>creaturis;</span> <span class='ocrx_word' id='word_1_133' title='bbox 503 1119 664 1163; x_wconf 91' lang='lat' dir='ltr'>dicitur</span> <span class='ocrx_word' id='word_1_134' title='bbox 681 1119 803 1162; x_wconf 90' lang='lat' dir='ltr'>enim</span> <span class='ocrx_word' id='word_1_135' title='bbox 821 1118 982 1177; x_wconf 88' lang='lat' dir='ltr'>(Eccli.</span> <span class='ocrx_word' id='word_1_136' title='bbox 1003 1119 1035 1163; x_wconf 94' lang='lat' dir='ltr'>I.</span> <span class='ocrx_word' id='word_1_137' title='bbox 1055 1120 1140 1177; x_wconf 89' lang='lat'>9.):</span> <span class='ocrx_word' id='word_1_138' title='bbox 1169 1120 1256 1178; x_wconf 79' lang='lat' dir='ltr'>Ipse</span> <span class='ocrx_word' id='word_1_139' title='bbox 1282 1121 1442 1164; x_wconf 79' lang='lat' dir='ltr'>creavit</span> <span class='ocrx_word' id='word_1_140' title='bbox 1461 1134 1552 1163; x_wconf 82' lang='lat' dir='ltr'>eam</span> <span class='ocrx_word' id='word_1_141' title='bbox 1570 1120 1765 1176; x_wconf 91' lang='lat' dir='ltr'>(scilicet</span> <span class='ocrx_word' id='word_1_142' title='bbox 1780 1121 2072 1180; x_wconf 85' lang='lat' dir='ltr'>sapientiam)</span> 
     </span>
     <span class='ocr_line' id='line_1_15' title="bbox 55 1185 2070 1246; baseline 0.001 -15"><span class='ocrx_word' id='word_1_143' title='bbox 55 1212 58 1215; x_wconf 22' lang='grc' dir='ltr'><strong>Δ</strong></span> <span class='ocrx_word' id='word_1_144' title='bbox 112 1188 166 1231; x_wconf 68' lang='lat' dir='ltr'>im</span> <span class='ocrx_word' id='word_1_145' title='bbox 176 1185 337 1246; x_wconf 70' lang='lat' dir='ltr'>Spiritu</span> <span class='ocrx_word' id='word_1_146' title='bbox 355 1185 506 1230; x_wconf 79' lang='lat' dir='ltr'>Sancto</span> <span class='ocrx_word' id='word_1_147' title='bbox 524 1219 534 1228; x_wconf 93' lang='lat'>.</span> <span class='ocrx_word' id='word_1_148' title='bbox 553 1219 562 1228; x_wconf 91' lang='lat'>.</span> <span class='ocrx_word' id='word_1_149' title='bbox 582 1218 592 1228; x_wconf 92' lang='lat'>.</span> <span class='ocrx_word' id='word_1_150' title='bbox 612 1219 621 1228; x_wconf 92' lang='lat'>.</span> <span class='ocrx_word' id='word_1_151' title='bbox 640 1220 653 1239; x_wconf 91' lang='lat'>,</span> <span class='ocrx_word' id='word_1_152' title='bbox 673 1192 709 1230; x_wconf 86' lang='lat' dir='ltr'>et</span> <span class='ocrx_word' id='word_1_153' title='bbox 725 1185 863 1243; x_wconf 79' lang='lat' dir='ltr'>effudit</span> <span class='ocrx_word' id='word_1_154' title='bbox 888 1186 1006 1228; x_wconf 85' lang='lat' dir='ltr'>illam</span> <span class='ocrx_word' id='word_1_155' title='bbox 1022 1193 1147 1244; x_wconf 68' lang='lat' dir='ltr'>super</span> <span class='ocrx_word' id='word_1_156' title='bbox 1164 1187 1306 1230; x_wconf 82' lang='lat' dir='ltr'>omnia</span> <span class='ocrx_word' id='word_1_157' title='bbox 1327 1194 1452 1245; x_wconf 83' lang='lat' dir='ltr'>opera</span> <span class='ocrx_word' id='word_1_158' title='bbox 1473 1201 1561 1230; x_wconf 82' lang='lat' dir='ltr'>sua.</span> <span class='ocrx_word' id='word_1_159' title='bbox 1580 1186 1736 1230; x_wconf 89' lang='lat' dir='ltr'>Potest</span> <span class='ocrx_word' id='word_1_160' title='bbox 1758 1189 1895 1231; x_wconf 87' lang='lat' dir='ltr'>etiam</span> <span class='ocrx_word' id='word_1_161' title='bbox 1918 1187 2070 1233; x_wconf 87' lang='lat' dir='ltr'>referri</span> 
     </span>
     <span class='ocr_line' id='line_1_16' title="bbox 114 1251 2069 1312; baseline 0.001 -15"><span class='ocrx_word' id='word_1_162' title='bbox 114 1253 168 1297; x_wconf 79' lang='lat' dir='ltr'>ad</span> <span class='ocrx_word' id='word_1_163' title='bbox 193 1262 402 1297; x_wconf 81' lang='lat' dir='ltr'>naturam</span> <span class='ocrx_word' id='word_1_164' title='bbox 433 1262 632 1296; x_wconf 89' lang='lat' dir='ltr'>creatam</span> <span class='ocrx_word' id='word_1_165' title='bbox 670 1261 949 1310; x_wconf 89' lang='lat' dir='ltr'>assumptam</span> <span class='ocrx_word' id='word_1_166' title='bbox 986 1266 1011 1295; x_wconf 91' lang='lat' dir='ltr'>a</span> <span class='ocrx_word' id='word_1_167' title='bbox 1046 1251 1175 1305; x_wconf 86' lang='lat' dir='ltr'>Filio,</span> <span class='ocrx_word' id='word_1_168' title='bbox 1213 1262 1260 1295; x_wconf 90' lang='lat' dir='ltr'>ut</span> <span class='ocrx_word' id='word_1_169' title='bbox 1297 1254 1354 1296; x_wconf 92' lang='lat' dir='ltr'>sit</span> <span class='ocrx_word' id='word_1_170' title='bbox 1389 1265 1546 1296; x_wconf 87' lang='lat' dir='ltr'>sensus</span> <span class='ocrx_word' id='word_1_171' title='bbox 1574 1252 1734 1307; x_wconf 89' lang='lat' dir='ltr'>(Eccli.</span> <span class='ocrx_word' id='word_1_172' title='bbox 1758 1253 1927 1297; x_wconf 90' lang='lat' dir='ltr'>XXIV.</span> <span class='ocrx_word' id='word_1_173' title='bbox 1957 1256 2069 1312; x_wconf 84' lang='lat'>14.):</span> 
     </span>
     <span class='ocr_line' id='line_1_17' title="bbox 113 1318 2072 1377; baseline 0.001 -13"><span class='ocrx_word' id='word_1_174' title='bbox 113 1320 181 1364; x_wconf 75' lang='lat' dir='ltr'>Ab</span> <span class='ocrx_word' id='word_1_175' title='bbox 205 1320 327 1364; x_wconf 74' lang='lat' dir='ltr'>initio</span> <span class='ocrx_word' id='word_1_176' title='bbox 351 1324 390 1363; x_wconf 76' lang='lat' dir='ltr'>et</span> <span class='ocrx_word' id='word_1_177' title='bbox 417 1325 511 1364; x_wconf 80' lang='lat' dir='ltr'>ante</span> <span class='ocrx_word' id='word_1_178' title='bbox 535 1319 698 1363; x_wconf 79' lang='lat' dir='ltr'>saecula</span> <span class='ocrx_word' id='word_1_179' title='bbox 725 1325 866 1363; x_wconf 79' lang='lat' dir='ltr'>creata</span> <span class='ocrx_word' id='word_1_180' title='bbox 890 1333 994 1371; x_wconf 87' lang='lat' dir='ltr'>sum,</span> <span class='ocrx_word' id='word_1_181' title='bbox 1029 1318 1074 1361; x_wconf 89' lang='lat' dir='ltr'>id</span> <span class='ocrx_word' id='word_1_182' title='bbox 1101 1327 1167 1362; x_wconf 89' lang='lat' dir='ltr'>est</span> <span class='ocrx_word' id='word_1_183' title='bbox 1193 1319 1397 1377; x_wconf 89' lang='lat' dir='ltr'>praevisa</span> <span class='ocrx_word' id='word_1_184' title='bbox 1425 1333 1525 1362; x_wconf 90' lang='lat' dir='ltr'>sum</span> <span class='ocrx_word' id='word_1_185' title='bbox 1553 1329 1786 1364; x_wconf 85' lang='lat' dir='ltr'>creaturae</span> <span class='ocrx_word' id='word_1_186' title='bbox 1812 1320 1942 1365; x_wconf 85' lang='lat' dir='ltr'>uniri.</span> <span class='ocrx_word' id='word_1_187' title='bbox 1969 1321 2072 1376; x_wconf 89' lang='lat' dir='ltr'>Vel,</span> 
     </span>
     <span class='ocr_line' id='line_1_18' title="bbox 111 1385 2074 1447; baseline 0.001 -17"><span class='ocrx_word' id='word_1_188' title='bbox 111 1400 192 1445; x_wconf 89' lang='lat' dir='ltr'>per</span> <span class='ocrx_word' id='word_1_189' title='bbox 215 1386 306 1430; x_wconf 91' lang='lat' dir='ltr'>hoc</span> <span class='ocrx_word' id='word_1_190' title='bbox 333 1385 454 1444; x_wconf 92' lang='lat' dir='ltr'>quod</span> <span class='ocrx_word' id='word_1_191' title='bbox 481 1387 702 1443; x_wconf 86' lang='lat' dir='ltr'>sapientia</span> <span class='ocrx_word' id='word_1_192' title='bbox 730 1395 773 1429; x_wconf 90' lang='lat' dir='ltr'>et</span> <span class='ocrx_word' id='word_1_193' title='bbox 795 1395 943 1429; x_wconf 89' lang='lat' dir='ltr'>creata</span> <span class='ocrx_word' id='word_1_194' title='bbox 971 1395 1015 1429; x_wconf 90' lang='lat' dir='ltr'>et</span> <span class='ocrx_word' id='word_1_195' title='bbox 1041 1388 1192 1443; x_wconf 84' lang='lat' dir='ltr'>genita</span> <span class='ocrx_word' id='word_1_196' title='bbox 1216 1395 1541 1444; x_wconf 87' lang='lat' dir='ltr'>nuncupatur,</span> <span class='ocrx_word' id='word_1_197' title='bbox 1530 1387 1711 1430; x_wconf 89' lang='lat' dir='ltr'>modus</span> <span class='ocrx_word' id='word_1_198' title='bbox 1735 1386 1915 1431; x_wconf 87' lang='lat' dir='ltr'>divinae</span> <span class='ocrx_word' id='word_1_199' title='bbox 1941 1401 2074 1447; x_wconf 88' lang='lat' dir='ltr'>gene-</span> 
     </span>
     <span class='ocr_line' id='line_1_19' title="bbox 111 1446 2074 1512; baseline 0.001 -15"><span class='ocrx_word' id='word_1_200' title='bbox 111 1446 300 1497; x_wconf 73' lang='lat' dir='ltr'>rationis</span> <span class='ocrx_word' id='word_1_201' title='bbox 320 1451 452 1496; x_wconf 91' lang='lat' dir='ltr'>nobis</span> <span class='ocrx_word' id='word_1_202' title='bbox 478 1452 741 1495; x_wconf 87' lang='lat' dir='ltr'>insinuatur.</span> <span class='ocrx_word' id='word_1_203' title='bbox 763 1451 819 1495; x_wconf 92' lang='lat' dir='ltr'>In</span> <span class='ocrx_word' id='word_1_204' title='bbox 847 1452 1141 1510; x_wconf 88' lang='lat' dir='ltr'>generatione</span> <span class='ocrx_word' id='word_1_205' title='bbox 1169 1454 1307 1506; x_wconf 87' lang='lat' dir='ltr'>enim,</span> <span class='ocrx_word' id='word_1_206' title='bbox 1334 1453 1455 1511; x_wconf 90' lang='lat' dir='ltr'>quod</span> <span class='ocrx_word' id='word_1_207' title='bbox 1483 1462 1723 1510; x_wconf 89' lang='lat' dir='ltr'>generatur</span> <span class='ocrx_word' id='word_1_208' title='bbox 1756 1454 1919 1512; x_wconf 86' lang='lat' dir='ltr'>accipit</span> <span class='ocrx_word' id='word_1_209' title='bbox 1949 1465 2074 1499; x_wconf 90' lang='lat' dir='ltr'>natu-</span> 
     </span>
     <span class='ocr_line' id='line_1_20' title="bbox 110 1517 2072 1581; baseline 0.002 -18"><span class='ocrx_word' id='word_1_210' title='bbox 110 1533 208 1564; x_wconf 85' lang='lat' dir='ltr'>ram</span> <span class='ocrx_word' id='word_1_211' title='bbox 236 1520 508 1577; x_wconf 83' lang='lat' dir='ltr'>generantis,</span> <span class='ocrx_word' id='word_1_212' title='bbox 534 1518 656 1578; x_wconf 87' lang='lat' dir='ltr'>quod</span> <span class='ocrx_word' id='word_1_213' title='bbox 679 1517 970 1577; x_wconf 90' lang='lat' dir='ltr'>perfectionis</span> <span class='ocrx_word' id='word_1_214' title='bbox 997 1529 1087 1572; x_wconf 90' lang='lat' dir='ltr'>est;</span> <span class='ocrx_word' id='word_1_215' title='bbox 1115 1519 1208 1571; x_wconf 90' lang='lat' dir='ltr'>sed,</span> <span class='ocrx_word' id='word_1_216' title='bbox 1235 1519 1281 1561; x_wconf 91' lang='lat' dir='ltr'>in</span> <span class='ocrx_word' id='word_1_217' title='bbox 1305 1519 1672 1577; x_wconf 87' lang='lat' dir='ltr'>generationibus</span> <span class='ocrx_word' id='word_1_218' title='bbox 1695 1534 1811 1578; x_wconf 90' lang='lat' dir='ltr'>quae</span> <span class='ocrx_word' id='word_1_219' title='bbox 1829 1531 1931 1565; x_wconf 88' lang='lat' dir='ltr'>sunt</span> <span class='ocrx_word' id='word_1_220' title='bbox 1953 1519 2072 1581; x_wconf 86' lang='lat' dir='ltr'>apud</span> 
     </span>
     <span class='ocr_line' id='line_1_21' title="bbox 111 1584 2073 1644; baseline 0.002 -14"><span class='ocrx_word' id='word_1_221' title='bbox 111 1599 211 1639; x_wconf 87' lang='lat' dir='ltr'>nos,</span> <span class='ocrx_word' id='word_1_222' title='bbox 236 1596 457 1644; x_wconf 85' lang='lat' dir='ltr'>generans</span> <span class='ocrx_word' id='word_1_223' title='bbox 474 1585 570 1644; x_wconf 87' lang='lat' dir='ltr'>ipse</span> <span class='ocrx_word' id='word_1_224' title='bbox 590 1595 800 1638; x_wconf 89' lang='lat' dir='ltr'>mutatur,</span> <span class='ocrx_word' id='word_1_225' title='bbox 818 1585 940 1643; x_wconf 92' lang='lat' dir='ltr'>quod</span> <span class='ocrx_word' id='word_1_226' title='bbox 963 1584 1318 1643; x_wconf 85' lang='lat' dir='ltr'>imperfectionis</span> <span class='ocrx_word' id='word_1_227' title='bbox 1341 1595 1432 1639; x_wconf 91' lang='lat' dir='ltr'>est;</span> <span class='ocrx_word' id='word_1_228' title='bbox 1459 1587 1504 1629; x_wconf 84' lang='lat' dir='ltr'>in</span> <span class='ocrx_word' id='word_1_229' title='bbox 1527 1585 1757 1630; x_wconf 87' lang='lat' dir='ltr'>creatione</span> <span class='ocrx_word' id='word_1_230' title='bbox 1779 1601 1888 1631; x_wconf 92' lang='lat' dir='ltr'>vero</span> <span class='ocrx_word' id='word_1_231' title='bbox 1912 1600 2073 1633; x_wconf 81' lang='lat' dir='ltr'>creans</span> 
     </span>
     <span class='ocr_line' id='line_1_22' title="bbox 111 1651 2072 1711; baseline 0.002 -15"><span class='ocrx_word' id='word_1_232' title='bbox 111 1666 206 1696; x_wconf 91' lang='lat' dir='ltr'>non</span> <span class='ocrx_word' id='word_1_233' title='bbox 235 1661 446 1704; x_wconf 88' lang='lat' dir='ltr'>mutatur,</span> <span class='ocrx_word' id='word_1_234' title='bbox 473 1651 550 1695; x_wconf 91' lang='lat' dir='ltr'>sed</span> <span class='ocrx_word' id='word_1_235' title='bbox 579 1661 780 1695; x_wconf 86' lang='lat' dir='ltr'>creatum</span> <span class='ocrx_word' id='word_1_236' title='bbox 807 1666 901 1695; x_wconf 91' lang='lat' dir='ltr'>non</span> <span class='ocrx_word' id='word_1_237' title='bbox 927 1652 1087 1710; x_wconf 88' lang='lat' dir='ltr'>recipit</span> <span class='ocrx_word' id='word_1_238' title='bbox 1113 1661 1323 1695; x_wconf 88' lang='lat' dir='ltr'>naturam</span> <span class='ocrx_word' id='word_1_239' title='bbox 1351 1653 1558 1696; x_wconf 88' lang='lat' dir='ltr'>creantis.</span> <span class='ocrx_word' id='word_1_240' title='bbox 1587 1652 1764 1696; x_wconf 89' lang='lat' dir='ltr'>Dicitur</span> <span class='ocrx_word' id='word_1_241' title='bbox 1797 1667 1908 1711; x_wconf 89' lang='lat' dir='ltr'>ergo</span> <span class='ocrx_word' id='word_1_242' title='bbox 1935 1655 2072 1699; x_wconf 90' lang='lat' dir='ltr'>simul</span> 
     </span>
     <span class='ocr_line' id='line_1_23' title="bbox 110 1714 2072 1776; baseline 0.001 -13"><span class='ocrx_word' id='word_1_243' title='bbox 110 1714 253 1763; x_wconf 80' lang='lat' dir='ltr'>Filius</span> <span class='ocrx_word' id='word_1_244' title='bbox 277 1721 453 1763; x_wconf 81' lang='lat' dir='ltr'>creatus</span> <span class='ocrx_word' id='word_1_245' title='bbox 480 1726 524 1761; x_wconf 91' lang='lat' dir='ltr'>et</span> <span class='ocrx_word' id='word_1_246' title='bbox 548 1718 753 1776; x_wconf 76' lang='lat' dir='ltr'>genitus,</span> <span class='ocrx_word' id='word_1_247' title='bbox 769 1727 819 1761; x_wconf 92' lang='lat' dir='ltr'>ut</span> <span class='ocrx_word' id='word_1_248' title='bbox 844 1731 898 1761; x_wconf 86' lang='lat' dir='ltr'>ex</span> <span class='ocrx_word' id='word_1_249' title='bbox 924 1719 1154 1762; x_wconf 90' lang='lat' dir='ltr'>creatione</span> <span class='ocrx_word' id='word_1_250' title='bbox 1182 1718 1430 1776; x_wconf 87' lang='lat' dir='ltr'>accipiatur</span> <span class='ocrx_word' id='word_1_251' title='bbox 1454 1718 1799 1763; x_wconf 89' lang='lat' dir='ltr'>immutabilitas</span> <span class='ocrx_word' id='word_1_252' title='bbox 1830 1720 1991 1775; x_wconf 86' lang='lat' dir='ltr'>Patris,</span> <span class='ocrx_word' id='word_1_253' title='bbox 2018 1736 2072 1765; x_wconf 86' lang='lat' dir='ltr'>ex</span> 
     </span>
     <span class='ocr_line' id='line_1_24' title="bbox 110 1784 2075 1847; baseline 0.002 -18"><span class='ocrx_word' id='word_1_254' title='bbox 110 1785 406 1846; x_wconf 80' lang='lat' dir='ltr'>generatione</span> <span class='ocrx_word' id='word_1_255' title='bbox 430 1785 576 1828; x_wconf 88' lang='lat' dir='ltr'>unitas</span> <span class='ocrx_word' id='word_1_256' title='bbox 607 1794 795 1828; x_wconf 87' lang='lat' dir='ltr'>naturae</span> <span class='ocrx_word' id='word_1_257' title='bbox 821 1785 867 1827; x_wconf 92' lang='lat' dir='ltr'>in</span> <span class='ocrx_word' id='word_1_258' title='bbox 894 1785 1027 1829; x_wconf 89' lang='lat' dir='ltr'>Patre</span> <span class='ocrx_word' id='word_1_259' title='bbox 1049 1795 1094 1828; x_wconf 92' lang='lat' dir='ltr'>et</span> <span class='ocrx_word' id='word_1_260' title='bbox 1114 1784 1254 1839; x_wconf 91' lang='lat' dir='ltr'>Filio;</span> <span class='ocrx_word' id='word_1_261' title='bbox 1281 1795 1326 1830; x_wconf 90' lang='lat' dir='ltr'>et</span> <span class='ocrx_word' id='word_1_262' title='bbox 1348 1786 1412 1829; x_wconf 89' lang='lat' dir='ltr'>sic</span> <span class='ocrx_word' id='word_1_263' title='bbox 1435 1785 1702 1845; x_wconf 89' lang='lat' dir='ltr'>hujusmodi</span> <span class='ocrx_word' id='word_1_264' title='bbox 1725 1785 1983 1847; x_wconf 87' lang='lat' dir='ltr'>Scripturae</span> <span class='ocrx_word' id='word_1_265' title='bbox 1999 1789 2075 1833; x_wconf 85' lang='lat' dir='ltr'>in·</span> 
     </span>
     <span class='ocr_line' id='line_1_25' title="bbox 108 1850 1970 1911; baseline 0 -15"><span class='ocrx_word' id='word_1_266' title='bbox 108 1850 343 1897; x_wconf 79' lang='lat' dir='ltr'>tellectum</span> <span class='ocrx_word' id='word_1_267' title='bbox 368 1851 570 1911; x_wconf 83' lang='lat' dir='ltr'>synodus</span> <span class='ocrx_word' id='word_1_268' title='bbox 596 1851 818 1910; x_wconf 80' lang='lat' dir='ltr'>exposuit,</span> <span class='ocrx_word' id='word_1_269' title='bbox 845 1860 895 1894; x_wconf 88' lang='lat' dir='ltr'>ut</span> <span class='ocrx_word' id='word_1_270' title='bbox 920 1865 999 1910; x_wconf 92' lang='lat' dir='ltr'>per</span> <span class='ocrx_word' id='word_1_271' title='bbox 1026 1850 1253 1895; x_wconf 89' lang='lat' dir='ltr'>Hilarium</span> <span class='ocrx_word' id='word_1_272' title='bbox 1279 1862 1416 1911; x_wconf 86' lang='lat' dir='ltr'>patet.</span> <span class='ocrx_word' id='word_1_273' title='bbox 1958 1888 1970 1900; x_wconf 69' lang='grc'><em>,</em></span> 
     </span>
    </p>

    <p class='ocr_par' dir='ltr' id='par_1_7' title="bbox 108 1917 2071 2246">
     <span class='ocr_line' id='line_1_26' title="bbox 200 1917 2067 1982; baseline 0.003 -20"><span class='ocrx_word' id='word_1_274' title='bbox 200 1918 340 1972; x_wconf 85' lang='lat' dir='ltr'>Quod</span> <span class='ocrx_word' id='word_1_275' title='bbox 362 1927 484 1962; x_wconf 82' lang='lat' dir='ltr'>&#39;vero</span> <span class='ocrx_word' id='word_1_276' title='bbox 520 1917 659 1962; x_wconf 86' lang='lat' dir='ltr'>Filius</span> <span class='ocrx_word' id='word_1_277' title='bbox 696 1918 858 1962; x_wconf 88' lang='lat' dir='ltr'>dicitur</span> <span class='ocrx_word' id='word_1_278' title='bbox 892 1918 1226 1976; x_wconf 87' lang='lat' dir='ltr'>primogenitus</span> <span class='ocrx_word' id='word_1_279' title='bbox 1263 1929 1496 1963; x_wconf 87' lang='lat' dir='ltr'>creaturae</span> <span class='ocrx_word' id='word_1_280' title='bbox 1531 1933 1625 1964; x_wconf 90' lang='lat' dir='ltr'>non</span> <span class='ocrx_word' id='word_1_281' title='bbox 1653 1935 1707 1965; x_wconf 84' lang='lat' dir='ltr'>ex</span> <span class='ocrx_word' id='word_1_282' title='bbox 1733 1921 1824 1965; x_wconf 92' lang='lat' dir='ltr'>hoc</span> <span class='ocrx_word' id='word_1_283' title='bbox 1852 1931 1919 1966; x_wconf 88' lang='lat' dir='ltr'>est</span> <span class='ocrx_word' id='word_1_284' title='bbox 1945 1923 2067 1982; x_wconf 91' lang='lat' dir='ltr'>quod</span> 
     </span>
     <span class='ocr_line' id='line_1_27' title="bbox 109 1985 2071 2045; baseline 0.002 -15"><span class='ocrx_word' id='word_1_285' title='bbox 109 1986 248 2031; x_wconf 84' lang='lat' dir='ltr'>Filius</span> <span class='ocrx_word' id='word_1_286' title='bbox 274 1986 330 2030; x_wconf 88' lang='lat' dir='ltr'>sit</span> <span class='ocrx_word' id='word_1_287' title='bbox 354 1985 400 2029; x_wconf 90' lang='lat' dir='ltr'>in</span> <span class='ocrx_word' id='word_1_288' title='bbox 427 1985 716 2028; x_wconf 89' lang='lat' dir='ltr'>ordinatione</span> <span class='ocrx_word' id='word_1_289' title='bbox 744 1994 1066 2039; x_wconf 87' lang='lat' dir='ltr'>creaturarum,</span> <span class='ocrx_word' id='word_1_290' title='bbox 1095 1985 1173 2029; x_wconf 90' lang='lat' dir='ltr'>sed</span> <span class='ocrx_word' id='word_1_291' title='bbox 1201 1986 1305 2045; x_wconf 90' lang='lat' dir='ltr'>quia</span> <span class='ocrx_word' id='word_1_292' title='bbox 1332 1985 1471 2030; x_wconf 88' lang='lat' dir='ltr'>Filius</span> <span class='ocrx_word' id='word_1_293' title='bbox 1497 1997 1565 2030; x_wconf 87' lang='lat' dir='ltr'>est</span> <span class='ocrx_word' id='word_1_294' title='bbox 1592 2001 1616 2030; x_wconf 91' lang='lat' dir='ltr'>a</span> <span class='ocrx_word' id='word_1_295' title='bbox 1643 1988 1776 2033; x_wconf 88' lang='lat' dir='ltr'>Patre</span> <span class='ocrx_word' id='word_1_296' title='bbox 1803 1998 1847 2032; x_wconf 91' lang='lat' dir='ltr'>et</span> <span class='ocrx_word' id='word_1_297' title='bbox 1880 2003 1906 2032; x_wconf 92' lang='lat' dir='ltr'>a</span> <span class='ocrx_word' id='word_1_298' title='bbox 1937 1989 2071 2034; x_wconf 89' lang='lat' dir='ltr'>Patre</span> 
     </span>
     <span class='ocr_line' id='line_1_28' title="bbox 111 2051 2071 2112; baseline 0.002 -16"><span class='ocrx_word' id='word_1_299' title='bbox 111 2052 290 2112; x_wconf 84' lang='lat' dir='ltr'>accipit,</span> <span class='ocrx_word' id='word_1_300' title='bbox 312 2064 338 2095; x_wconf 85' lang='lat' dir='ltr'>a</span> <span class='ocrx_word' id='word_1_301' title='bbox 363 2063 455 2110; x_wconf 89' lang='lat' dir='ltr'>quo</span> <span class='ocrx_word' id='word_1_302' title='bbox 481 2061 586 2094; x_wconf 88' lang='lat' dir='ltr'>sunt</span> <span class='ocrx_word' id='word_1_303' title='bbox 609 2060 652 2095; x_wconf 90' lang='lat' dir='ltr'>et</span> <span class='ocrx_word' id='word_1_304' title='bbox 674 2051 902 2109; x_wconf 90' lang='lat' dir='ltr'>accipiunt</span> <span class='ocrx_word' id='word_1_305' title='bbox 925 2061 1181 2105; x_wconf 88' lang='lat' dir='ltr'>creaturae;</span> <span class='ocrx_word' id='word_1_306' title='bbox 1209 2053 1286 2096; x_wconf 89' lang='lat' dir='ltr'>sed</span> <span class='ocrx_word' id='word_1_307' title='bbox 1309 2052 1448 2096; x_wconf 89' lang='lat' dir='ltr'>Filius</span> <span class='ocrx_word' id='word_1_308' title='bbox 1473 2053 1637 2112; x_wconf 89' lang='lat' dir='ltr'>accipit</span> <span class='ocrx_word' id='word_1_309' title='bbox 1659 2069 1684 2098; x_wconf 93' lang='lat' dir='ltr'>a</span> <span class='ocrx_word' id='word_1_310' title='bbox 1701 2055 1834 2099; x_wconf 89' lang='lat' dir='ltr'>Patre</span> <span class='ocrx_word' id='word_1_311' title='bbox 1861 2056 2071 2100; x_wconf 88' lang='lat' dir='ltr'>eamdem</span> 
     </span>
     <span class='ocr_line' id='line_1_29' title="bbox 108 2115 2069 2180; baseline 0.002 -16"><span class='ocrx_word' id='word_1_312' title='bbox 108 2123 332 2173; x_wconf 67' lang='lat' dir='ltr'>naturam,</span> <span class='ocrx_word' id='word_1_313' title='bbox 358 2126 452 2163; x_wconf 90' lang='lat' dir='ltr'>non</span> <span class='ocrx_word' id='word_1_314' title='bbox 481 2127 633 2162; x_wconf 89' lang='lat' dir='ltr'>autem</span> <span class='ocrx_word' id='word_1_315' title='bbox 659 2127 916 2172; x_wconf 87' lang='lat' dir='ltr'>creaturae;</span> <span class='ocrx_word' id='word_1_316' title='bbox 944 2119 1062 2163; x_wconf 88' lang='lat' dir='ltr'>unde</span> <span class='ocrx_word' id='word_1_317' title='bbox 1091 2128 1134 2163; x_wconf 90' lang='lat' dir='ltr'>et</span> <span class='ocrx_word' id='word_1_318' title='bbox 1159 2115 1299 2163; x_wconf 89' lang='lat' dir='ltr'>Filius</span> <span class='ocrx_word' id='word_1_319' title='bbox 1331 2133 1424 2164; x_wconf 92' lang='lat' dir='ltr'>non</span> <span class='ocrx_word' id='word_1_320' title='bbox 1458 2119 1609 2164; x_wconf 88' lang='lat' dir='ltr'>solum</span> <span class='ocrx_word' id='word_1_321' title='bbox 1644 2122 1975 2180; x_wconf 90' lang='lat' dir='ltr'>primogenitus</span> <span class='ocrx_word' id='word_1_322' title='bbox 2008 2123 2069 2167; x_wconf 91' lang='lat' dir='ltr'>di·</span> 
     </span>
     <span class='ocr_line' id='line_1_30' title="bbox 109 2185 1837 2246; baseline 0 -14"><span class='ocrx_word' id='word_1_323' title='bbox 109 2187 239 2242; x_wconf 78' lang='lat' dir='ltr'>citur,</span> <span class='ocrx_word' id='word_1_324' title='bbox 260 2186 339 2245; x_wconf 82' lang='lat' dir='ltr'>sed</span> <span class='ocrx_word' id='word_1_325' title='bbox 364 2186 503 2230; x_wconf 86' lang='lat' dir='ltr'>etiam</span> <span class='ocrx_word' id='word_1_326' title='bbox 530 2186 803 2244; x_wconf 82' lang='lat' dir='ltr'>unigenitus,</span> <span class='ocrx_word' id='word_1_327' title='bbox 829 2195 1014 2244; x_wconf 85' lang='lat' dir='ltr'>propter</span> <span class='ocrx_word' id='word_1_328' title='bbox 1039 2185 1318 2244; x_wconf 86' lang='lat' dir='ltr'>singularem</span> <span class='ocrx_word' id='word_1_329' title='bbox 1346 2187 1539 2230; x_wconf 89' lang='lat' dir='ltr'>modum</span> <span class='ocrx_word' id='word_1_330' title='bbox 1567 2188 1837 2246; x_wconf 69' lang='lat' dir='ltr'>accipiendi.¹</span> 
     </span>
    </p>

    <p class='ocr_par' dir='ltr' id='par_1_8' title="bbox 107 2252 2071 2447">
     <span class='ocr_line' id='line_1_31' title="bbox 168 2252 2070 2314; baseline 0.001 -16.033"><span class='ocrx_word' id='word_1_331' title='bbox 168 2253 303 2298; x_wconf 82' lang='lat' dir='ltr'>Per</span> <span class='ocrx_word' id='word_1_332' title='bbox 322 2253 414 2297; x_wconf 86' lang='lat' dir='ltr'>hoc</span> <span class='ocrx_word' id='word_1_333' title='bbox 440 2259 603 2296; x_wconf 87' lang='lat' dir='ltr'>autem</span> <span class='ocrx_word' id='word_1_334' title='bbox 642 2252 764 2311; x_wconf 92' lang='lat' dir='ltr'>quod</span> <span class='ocrx_word' id='word_1_335' title='bbox 801 2252 1030 2295; x_wconf 86' lang='lat' dir='ltr'>Dominus</span> <span class='ocrx_word' id='word_1_336' title='bbox 1067 2253 1122 2296; x_wconf 89' lang='lat' dir='ltr'>ad</span> <span class='ocrx_word' id='word_1_337' title='bbox 1160 2253 1344 2297; x_wconf 85' lang='lat' dir='ltr'>Patrem</span> <span class='ocrx_word' id='word_1_338' title='bbox 1387 2254 1494 2297; x_wconf 86' lang='lat' dir='ltr'>dicit</span> <span class='ocrx_word' id='word_1_339' title='bbox 1531 2254 1585 2297; x_wconf 89' lang='lat' dir='ltr'>de</span> <span class='ocrx_word' id='word_1_340' title='bbox 1620 2255 1849 2314; x_wconf 87' lang='lat' dir='ltr'>discipulis</span> <span class='ocrx_word' id='word_1_341' title='bbox 1883 2256 2070 2314; x_wconf 88' lang='lat' dir='ltr'>(Joann.</span> 
     </span>
     <span class='ocr_line' id='line_1_32' title="bbox 110 2319 2071 2382; baseline 0.001 -17"><span class='ocrx_word' id='word_1_342' title='bbox 110 2319 265 2365; x_wconf 60' lang='lat' dir='ltr'>xvv.-</span> <span class='ocrx_word' id='word_1_343' title='bbox 283 2319 402 2375; x_wconf 82' lang='lat'>22.):</span> <span class='ocrx_word' id='word_1_344' title='bbox 437 2320 494 2364; x_wconf 85' lang='lat' dir='ltr'>Ut</span> <span class='ocrx_word' id='word_1_345' title='bbox 513 2321 597 2363; x_wconf 81' lang='lat' dir='ltr'>sint</span> <span class='ocrx_word' id='word_1_346' title='bbox 619 2334 765 2371; x_wconf 87' lang='lat' dir='ltr'>unum,</span> <span class='ocrx_word' id='word_1_347' title='bbox 792 2321 900 2363; x_wconf 86' lang='lat' dir='ltr'>sicut</span> <span class='ocrx_word' id='word_1_348' title='bbox 929 2325 967 2362; x_wconf 78' lang='lat' dir='ltr'>et</span> <span class='ocrx_word' id='word_1_349' title='bbox 996 2333 1069 2363; x_wconf 88' lang='lat' dir='ltr'>nos</span> <span class='ocrx_word' id='word_1_350' title='bbox 1099 2334 1229 2363; x_wconf 85' lang='lat' dir='ltr'>unum</span> <span class='ocrx_word' id='word_1_351' title='bbox 1264 2333 1419 2374; x_wconf 82' lang='lat' dir='ltr'>sumus,</span> <span class='ocrx_word' id='word_1_352' title='bbox 1446 2321 1699 2365; x_wconf 85' lang='lat' dir='ltr'>ostenditur</span> <span class='ocrx_word' id='word_1_353' title='bbox 1731 2322 1916 2381; x_wconf 85' lang='lat' dir='ltr'>quidem</span> <span class='ocrx_word' id='word_1_354' title='bbox 1949 2324 2071 2382; x_wconf 92' lang='lat' dir='ltr'>quod</span> 
     </span>
     <span class='ocr_line' id='line_1_33' title="bbox 107 2379 2071 2447; baseline 0.002 -16"><span class='ocrx_word' id='word_1_355' title='bbox 107 2386 245 2431; x_wconf 70' lang='lat' dir='ltr'>Pater</span> <span class='ocrx_word' id='word_1_356' title='bbox 267 2392 312 2430; x_wconf 83' lang='lat' dir='ltr'>et</span> <span class='ocrx_word' id='word_1_357' title='bbox 333 2385 476 2431; x_wconf 83' lang='lat' dir='ltr'>Filius</span> <span class='ocrx_word' id='word_1_358' title='bbox 497 2394 602 2430; x_wconf 87' lang='lat' dir='ltr'>sunt</span> <span class='ocrx_word' id='word_1_359' title='bbox 628 2379 768 2429; x_wconf 81' lang='lat' dir='ltr'>unum</span> <span class='ocrx_word' id='word_1_360' title='bbox 797 2392 853 2430; x_wconf 86' lang='lat' dir='ltr'>eo</span> <span class='ocrx_word' id='word_1_361' title='bbox 880 2385 1022 2429; x_wconf 88' lang='lat' dir='ltr'>modo</span> <span class='ocrx_word' id='word_1_362' title='bbox 1048 2399 1140 2445; x_wconf 89' lang='lat' dir='ltr'>quo</span> <span class='ocrx_word' id='word_1_363' title='bbox 1167 2386 1414 2445; x_wconf 90' lang='lat' dir='ltr'>discipulos</span> <span class='ocrx_word' id='word_1_364' title='bbox 1452 2401 1595 2431; x_wconf 91' lang='lat' dir='ltr'>unum</span> <span class='ocrx_word' id='word_1_365' title='bbox 1633 2401 1730 2432; x_wconf 92' lang='lat' dir='ltr'>esse</span> <span class='ocrx_word' id='word_1_366' title='bbox 1768 2399 1962 2447; x_wconf 89' lang='lat' dir='ltr'>oportet,</span> <span class='ocrx_word' id='word_1_367' title='bbox 1989 2390 2071 2434; x_wconf 88' lang='lat' dir='ltr'>sci-</span> 
     </span>
    </p>
   </div>
   <div class='ocr_carea' id='block_1_7' title="bbox 35 2452 2070 2513">
    <p class='ocr_par' dir='ltr' id='par_1_9' title="bbox 35 2452 2070 2513">
     <span class='ocr_line' id='line_1_34' title="bbox 35 2452 2070 2513; baseline 0.001 -15"><span class='ocrx_word' id='word_1_368' title='bbox 35 2505 41 2511; x_wconf 21' lang='lat'><strong>&gt;</strong></span> <span class='ocrx_word' id='word_1_369' title='bbox 106 2454 220 2499; x_wconf 82' lang='lat' dir='ltr'>licet</span> <span class='ocrx_word' id='word_1_370' title='bbox 237 2467 318 2513; x_wconf 90' lang='lat' dir='ltr'>per</span> <span class='ocrx_word' id='word_1_371' title='bbox 335 2459 557 2497; x_wconf 85' lang='lat' dir='ltr'>amorem.</span> <span class='ocrx_word' id='word_1_372' title='bbox 582 2452 668 2496; x_wconf 90' lang='lat' dir='ltr'>Hic</span> <span class='ocrx_word' id='word_1_373' title='bbox 690 2462 845 2497; x_wconf 88' lang='lat' dir='ltr'>tamen</span> <span class='ocrx_word' id='word_1_374' title='bbox 862 2452 1043 2496; x_wconf 90' lang='lat' dir='ltr'>unionis</span> <span class='ocrx_word' id='word_1_375' title='bbox 1066 2453 1230 2497; x_wconf 90' lang='lat' dir='ltr'>modus</span> <span class='ocrx_word' id='word_1_376' title='bbox 1256 2467 1350 2496; x_wconf 91' lang='lat' dir='ltr'>non</span> <span class='ocrx_word' id='word_1_377' title='bbox 1378 2453 1575 2498; x_wconf 90' lang='lat' dir='ltr'>excludit</span> <span class='ocrx_word' id='word_1_378' title='bbox 1593 2455 1816 2499; x_wconf 88' lang='lat' dir='ltr'>essentiae</span> <span class='ocrx_word' id='word_1_379' title='bbox 1833 2456 2070 2510; x_wconf 88' lang='lat' dir='ltr'>unitatem,</span> 
     </span>
    </p>
   </div>
   <div class='ocr_carea' id='block_1_8' title="bbox 0 2641 34 3375">
    <p class='ocr_par' dir='ltr' id='par_1_10' title="bbox 0 2641 34 3375">
     <span class='ocr_line' id='line_1_35' title="bbox 0 2641 34 3375; baseline 0 479"><span class='ocrx_word' id='word_1_380' title='bbox 0 2641 34 3375; x_wconf 95' lang='lat' dir='ltr'> </span> 
     </span>
    </p>
   </div>
   <div class='ocr_carea' id='block_1_9' title="bbox 107 2519 2067 2646">
    <p class='ocr_par' dir='ltr' id='par_1_11' title="bbox 107 2519 2067 2646">
     <span class='ocr_line' id='line_1_36' title="bbox 107 2519 2066 2598; baseline 0.001 -32"><span class='ocrx_word' id='word_1_381' title='bbox 107 2520 187 2566; x_wconf 79' lang='lat' dir='ltr'>sed</span> <span class='ocrx_word' id='word_1_382' title='bbox 204 2521 359 2598; x_wconf 79' lang='lat' dir='ltr'>magis</span> <span class='ocrx_word' id='word_1_383' title='bbox 366 2526 470 2564; x_wconf 72' lang='lat' dir='ltr'>e‘am</span> <span class='ocrx_word' id='word_1_384' title='bbox 487 2519 794 2574; x_wconf 82' lang='lat' dir='ltr'>demonstrat3</span> <span class='ocrx_word' id='word_1_385' title='bbox 822 2520 985 2564; x_wconf 88' lang='lat' dir='ltr'>dicitur</span> <span class='ocrx_word' id='word_1_386' title='bbox 1002 2520 1126 2564; x_wconf 88' lang='lat' dir='ltr'>enim</span> <span class='ocrx_word' id='word_1_387' title='bbox 1143 2520 1329 2583; x_wconf 85' lang='lat' dir='ltr'>(Joann.</span> <span class='ocrx_word' id='word_1_388' title='bbox 1350 2521 1427 2564; x_wconf 89' lang='lat' dir='ltr'>III.</span> <span class='ocrx_word' id='word_1_389' title='bbox 1451 2534 1498 2580; x_wconf 83' lang='lat'>35</span> <span class='ocrx_word' id='word_1_390' title='bbox 1508 2521 1560 2578; x_wconf 91' lang='lat'>.).</span> <span class='ocrx_word' id='word_1_391' title='bbox 1591 2523 1716 2566; x_wconf 80' lang='lat' dir='ltr'>Pater</span> <span class='ocrx_word' id='word_1_392' title='bbox 1731 2523 1868 2582; x_wconf 80' lang='lat' dir='ltr'>diligit</span> <span class='ocrx_word' id='word_1_393' title='bbox 1889 2524 2066 2577; x_wconf 83' lang='lat' dir='ltr'>Filium,</span> 
     </span>
     <span class='ocr_line' id='line_1_37' title="bbox 107 2585 2067 2646; baseline 0.001 -14"><span class='ocrx_word' id='word_1_394' title='bbox 107 2592 144 2633; x_wconf 75' lang='lat' dir='ltr'>et</span> <span class='ocrx_word' id='word_1_395' title='bbox 164 2588 326 2631; x_wconf 70' lang='lat' dir='ltr'>omma</span> <span class='ocrx_word' id='word_1_396' title='bbox 341 2585 451 2631; x_wconf 62' lang='lat' dir='ltr'>dedit</span> <span class='ocrx_word' id='word_1_397' title='bbox 481 2588 526 2630; x_wconf 84' lang='lat' dir='ltr'>in</span> <span class='ocrx_word' id='word_1_398' title='bbox 551 2600 680 2631; x_wconf 86' lang='lat' dir='ltr'>manu</span> <span class='ocrx_word' id='word_1_399' title='bbox 706 2589 816 2646; x_wconf 83' lang='lat' dir='ltr'>ejus;</span> <span class='ocrx_word' id='word_1_400' title='bbox 844 2599 944 2645; x_wconf 91' lang='lat' dir='ltr'>per</span> <span class='ocrx_word' id='word_1_401' title='bbox 952 2587 1073 2645; x_wconf 90' lang='lat' dir='ltr'>quod</span> <span class='ocrx_word' id='word_1_402' title='bbox 1099 2586 1334 2646; x_wconf 88' lang='lat' dir='ltr'>plenitudo</span> <span class='ocrx_word' id='word_1_403' title='bbox 1361 2587 1606 2633; x_wconf 85' lang='lat' dir='ltr'>divinitatis</span> <span class='ocrx_word' id='word_1_404' title='bbox 1629 2590 1880 2634; x_wconf 88' lang='lat' dir='ltr'>ostenditur</span> <span class='ocrx_word' id='word_1_405' title='bbox 1901 2604 1999 2636; x_wconf 86' lang='lat' dir='ltr'>esse</span> <span class='ocrx_word' id='word_1_406' title='bbox 2022 2591 2067 2635; x_wconf 89' lang='lat' dir='ltr'>in</span> 
     </span>
    </p>
   </div>
   <div class='ocr_carea' id='block_1_10' title="bbox 108 2645 2067 2850">
    <p class='ocr_par' dir='ltr' id='par_1_12' title="bbox 108 2645 2067 2850">
     <span class='ocr_line' id='line_1_38' title="bbox 108 2645 617 2716; baseline -0.004 -18"><span class='ocrx_word' id='word_1_407' title='bbox 108 2652 240 2707; x_wconf 86' lang='lat' dir='ltr'>Filio,</span> <span class='ocrx_word' id='word_1_408' title='bbox 265 2660 330 2716; x_wconf 73' lang='lat' dir='ltr'>ut</span> <span class='ocrx_word' id='word_1_409' title='bbox 339 2645 510 2696; x_wconf 75' lang='lat' dir='ltr'>dictum</span> <span class='ocrx_word' id='word_1_410' title='bbox 535 2661 617 2697; x_wconf 89' lang='lat' dir='ltr'>est.</span> 
     </span>
     <span class='ocr_line' id='line_1_39' title="bbox 197 2711 2067 2782; baseline 0.003 -18"><span class='ocrx_word' id='word_1_411' title='bbox 197 2720 274 2764; x_wconf 89' lang='lat' dir='ltr'>Sic</span> <span class='ocrx_word' id='word_1_412' title='bbox 294 2711 434 2780; x_wconf 77' lang='lat' dir='ltr'>igitur</span> <span class='ocrx_word' id='word_1_413' title='bbox 456 2729 580 2780; x_wconf 87' lang='lat' dir='ltr'>patet</span> <span class='ocrx_word' id='word_1_414' title='bbox 605 2719 728 2780; x_wconf 89' lang='lat' dir='ltr'>quod</span> <span class='ocrx_word' id='word_1_415' title='bbox 754 2720 1015 2764; x_wconf 86' lang='lat' dir='ltr'>testimonia</span> <span class='ocrx_word' id='word_1_416' title='bbox 1043 2720 1380 2779; x_wconf 78' lang='lat' dir='ltr'>scripturarum</span> <span class='ocrx_word' id='word_1_417' title='bbox 1412 2737 1527 2782; x_wconf 90' lang='lat' dir='ltr'>quae</span> <span class='ocrx_word' id='word_1_418' title='bbox 1555 2722 1715 2767; x_wconf 89' lang='lat' dir='ltr'>Ariani</span> <span class='ocrx_word' id='word_1_419' title='bbox 1746 2738 1829 2782; x_wconf 92' lang='lat' dir='ltr'>pro</span> <span class='ocrx_word' id='word_1_420' title='bbox 1861 2738 1911 2770; x_wconf 91' lang='lat' dir='ltr'>se</span> <span class='ocrx_word' id='word_1_421' title='bbox 1944 2738 2067 2770; x_wconf 84' lang='lat' dir='ltr'>assu-</span> 
     </span>
     <span class='ocr_line' id='line_1_40' title="bbox 109 2782 1744 2850; baseline 0.002 -19"><span class='ocrx_word' id='word_1_422' title='bbox 109 2782 307 2841; x_wconf 83' lang='lat' dir='ltr'>mebant,</span> <span class='ocrx_word' id='word_1_423' title='bbox 333 2788 427 2831; x_wconf 73' lang='lat' dir='ltr'>&#39;non</span> <span class='ocrx_word' id='word_1_424' title='bbox 453 2795 707 2846; x_wconf 89' lang='lat' dir='ltr'>repugnant</span> <span class='ocrx_word' id='word_1_425' title='bbox 731 2786 909 2831; x_wconf 87' lang='lat' dir='ltr'>veritati</span> <span class='ocrx_word' id='word_1_426' title='bbox 935 2801 1074 2846; x_wconf 87' lang='lat' dir='ltr'>quam</span> <span class='ocrx_word' id='word_1_427' title='bbox 1100 2786 1211 2831; x_wconf 78' lang='lat' dir='ltr'>fides</span> <span class='ocrx_word' id='word_1_428' title='bbox 1235 2788 1464 2850; x_wconf 85' lang='lat' dir='ltr'>catholica</span> <span class='ocrx_word' id='word_1_429' title='bbox 1491 2789 1744 2844; x_wconf 83' lang='lat' dir='ltr'>confitetur.</span> 
     </span>
    </p>
   </div>
   <div class='ocr_carea' id='block_1_11' title="bbox 885 2985 1282 3042">
    <p class='ocr_par' dir='ltr' id='par_1_13' title="bbox 885 2985 1282 3042">
     <span class='ocr_line' id='line_1_41' title="bbox 885 2985 1282 3042; baseline 0.003 -1"><span class='ocrx_word' id='word_1_430' title='bbox 885 2985 1141 3042; x_wconf 89' lang='lat' dir='ltr'><strong><em>CAPUT</em></strong></span> <span class='ocrx_word' id='word_1_431' title='bbox 1183 2986 1282 3042; x_wconf 92' lang='lat' dir='ltr'>IX.</span> 
     </span>
    </p>
   </div>
   <div class='ocr_carea' id='block_1_12' title="bbox 347 3124 1832 3170">
    <p class='ocr_par' dir='ltr' id='par_1_14' title="bbox 347 3124 1832 3170">
     <span class='ocr_line' id='line_1_42' title="bbox 347 3124 1832 3170; baseline 0.003 -5"><span class='ocrx_word' id='word_1_432' title='bbox 347 3124 592 3166; x_wconf 85' lang='lat' dir='ltr'>SOLUTIO</span> <span class='ocrx_word' id='word_1_433' title='bbox 627 3127 701 3165; x_wconf 85' lang='lat' dir='ltr'>AD</span> <span class='ocrx_word' id='word_1_434' title='bbox 735 3126 1168 3168; x_wconf 82' lang='lat' dir='ltr'>AUCTORITATES</span> <span class='ocrx_word' id='word_1_435' title='bbox 1202 3129 1435 3170; x_wconf 86' lang='lat' dir='ltr'>PHOTINI</span> <span class='ocrx_word' id='word_1_436' title='bbox 1468 3130 1539 3170; x_wconf 89' lang='lat' dir='ltr'>ET</span> <span class='ocrx_word' id='word_1_437' title='bbox 1575 3127 1832 3170; x_wconf 82' lang='lat' dir='ltr'>SABELLII.</span> 
     </span>
    </p>
   </div>
   <div class='ocr_carea' id='block_1_13' title="bbox 196 3250 2069 3314">
    <p class='ocr_par' dir='ltr' id='par_1_15' title="bbox 196 3250 2069 3314">
     <span class='ocr_line' id='line_1_43' title="bbox 196 3250 2069 3314; baseline 0.005 -21"><span class='ocrx_word' id='word_1_438' title='bbox 196 3251 262 3295; x_wconf 86' lang='lat' dir='ltr'>Ex</span> <span class='ocrx_word' id='word_1_439' title='bbox 288 3250 358 3294; x_wconf 91' lang='lat' dir='ltr'>his</span> <span class='ocrx_word' id='word_1_440' title='bbox 386 3260 537 3295; x_wconf 88' lang='lat' dir='ltr'>autem</span> <span class='ocrx_word' id='word_1_441' title='bbox 566 3250 861 3295; x_wconf 89' lang='lat' dir='ltr'>consideratis</span> <span class='ocrx_word' id='word_1_442' title='bbox 889 3262 1074 3311; x_wconf 86' lang='lat' dir='ltr'>apparet</span> <span class='ocrx_word' id='word_1_443' title='bbox 1100 3254 1220 3312; x_wconf 92' lang='lat' dir='ltr'>quod</span> <span class='ocrx_word' id='word_1_444' title='bbox 1247 3268 1330 3298; x_wconf 91' lang='lat' dir='ltr'>nec</span> <span class='ocrx_word' id='word_1_445' title='bbox 1360 3260 1417 3299; x_wconf 85' lang='lat' dir='ltr'>ea&#39;</span> <span class='ocrx_word' id='word_1_446' title='bbox 1440 3269 1555 3314; x_wconf 92' lang='lat' dir='ltr'>quae</span> <span class='ocrx_word' id='word_1_447' title='bbox 1582 3255 1804 3300; x_wconf 89' lang='lat' dir='ltr'>Photinus</span> <span class='ocrx_word' id='word_1_448' title='bbox 1837 3266 1882 3301; x_wconf 91' lang='lat' dir='ltr'>et</span> <span class='ocrx_word' id='word_1_449' title='bbox 1915 3257 2069 3303; x_wconf 88' lang='lat' dir='ltr'>Sabel-</span> 
     </span>
    </p>
   </div>
   <div class='ocr_carea' id='block_1_14' title="bbox 107 3316 2068 3379">
    <p class='ocr_par' dir='ltr' id='par_1_16' title="bbox 10 3309 2068 3383">
     <span class='ocr_line' id='line_1_44' title="bbox 107 3316 2068 3379; baseline 0.004 -19.576"><span class='ocrx_word' id='word_1_450' title='bbox 107 3316 194 3362; x_wconf 89' lang='lat' dir='ltr'>lius</span> <span class='ocrx_word' id='word_1_451' title='bbox 220 3330 301 3374; x_wconf 89' lang='lat' dir='ltr'>pro</span> <span class='ocrx_word' id='word_1_452' title='bbox 327 3317 419 3361; x_wconf 88' lang='lat' dir='ltr'>suis</span> <span class='ocrx_word' id='word_1_453' title='bbox 446 3318 736 3376; x_wconf 88' lang='lat' dir='ltr'>opinionibus</span> <span class='ocrx_word' id='word_1_454' title='bbox 764 3331 817 3362; x_wconf 86' lang='lat' dir='ltr'>ex</span> <span class='ocrx_word' id='word_1_455' title='bbox 839 3319 978 3362; x_wconf 89' lang='lat' dir='ltr'>sacris</span> <span class='ocrx_word' id='word_1_456' title='bbox 1007 3318 1247 3379; x_wconf 86' lang='lat' dir='ltr'>Scripturis</span> <span class='ocrx_word' id='word_1_457' title='bbox 1275 3320 1559 3365; x_wconf 87' lang='lat' dir='ltr'>adducebant</span> <span class='ocrx_word' id='word_1_458' title='bbox 1581 3336 1739 3366; x_wconf 90' lang='lat' dir='ltr'>eorum</span> <span class='ocrx_word' id='word_1_459' title='bbox 1763 3336 1938 3367; x_wconf 89' lang='lat' dir='ltr'>errores</span> <span class='ocrx_word' id='word_1_460' title='bbox 1962 3338 2068 3369; x_wconf 85' lang='lat' dir='ltr'>con-</span> 
     </span>
    </p>
   </div>
   <div class='ocr_carea' id='block_1_15' title="bbox 14 3383 2064 3648">
    <p class='ocr_par' dir='ltr' id='par_1_17' title="bbox 110 3383 520 3442">
     <span class='ocr_line' id='line_1_45' title="bbox 110 3383 520 3442; baseline 0 -15"><span class='ocrx_word' id='word_1_461' title='bbox 110 3383 290 3428; x_wconf 86' lang='lat' dir='ltr'>firmare</span> <span class='ocrx_word' id='word_1_462' title='bbox 317 3394 520 3442; x_wconf 87' lang='lat' dir='ltr'>possunt.</span> 
     </span>
    </p>

    <p class='ocr_par' dir='ltr' id='par_1_18' title="bbox 14 3450 2064 3648">
     <span class='ocr_line' id='line_1_46' title="bbox 195 3450 2062 3515; baseline 0.004 -21"><span class='ocrx_word' id='word_1_463' title='bbox 195 3450 319 3495; x_wconf 88' lang='lat' dir='ltr'>Nam</span> <span class='ocrx_word' id='word_1_464' title='bbox 359 3451 482 3510; x_wconf 89' lang='lat' dir='ltr'>quod</span> <span class='ocrx_word' id='word_1_465' title='bbox 522 3450 749 3495; x_wconf 89' lang='lat' dir='ltr'>Dominus</span> <span class='ocrx_word' id='word_1_466' title='bbox 791 3461 894 3511; x_wconf 88' lang='lat' dir='ltr'>post</span> <span class='ocrx_word' id='word_1_467' title='bbox 933 3454 1313 3498; x_wconf 87' lang='lat' dir='ltr'>resurrectionem</span> <span class='ocrx_word' id='word_1_468' title='bbox 1353 3454 1461 3499; x_wconf 92' lang='lat' dir='ltr'>dicit</span> <span class='ocrx_word' id='word_1_469' title='bbox 1498 3455 1679 3512; x_wconf 90' lang='lat' dir='ltr'>(Matth.</span> <span class='ocrx_word' id='word_1_470' title='bbox 1713 3456 1922 3501; x_wconf 90' lang='lat' dir='ltr'>XXVIII.</span> <span class='ocrx_word' id='word_1_471' title='bbox 1956 3458 2062 3515; x_wconf 87' lang='lat'>18.):</span> 
     </span>
     <span class='ocr_line' id='line_1_47' title="bbox 23 3517 2064 3582; baseline 0.005 -23"><span class='ocrx_word' id='word_1_472' title='bbox 23 3554 30 3559; x_wconf 76' lang='grc'><em>,</em></span> <span class='ocrx_word' id='word_1_473' title='bbox 110 3517 229 3561; x_wconf 82' lang='lat' dir='ltr'>Data</span> <span class='ocrx_word' id='word_1_474' title='bbox 259 3523 317 3562; x_wconf 75' lang='lat' dir='ltr'>est</span> <span class='ocrx_word' id='word_1_475' title='bbox 347 3517 450 3561; x_wconf 82' lang='lat' dir='ltr'>mihi</span> <span class='ocrx_word' id='word_1_476' title='bbox 471 3519 606 3562; x_wconf 87' lang='lat' dir='ltr'>omnis</span> <span class='ocrx_word' id='word_1_477' title='bbox 619 3524 797 3577; x_wconf 82' lang='lat' dir='ltr'>potestas</span> <span class='ocrx_word' id='word_1_478' title='bbox 823 3520 866 3563; x_wconf 87' lang='lat' dir='ltr'>in</span> <span class='ocrx_word' id='word_1_479' title='bbox 888 3520 994 3565; x_wconf 87' lang='lat' dir='ltr'>coelo</span> <span class='ocrx_word' id='word_1_480' title='bbox 1017 3527 1055 3565; x_wconf 84' lang='lat' dir='ltr'>et</span> <span class='ocrx_word' id='word_1_481' title='bbox 1076 3522 1119 3564; x_wconf 89' lang='lat' dir='ltr'>in</span> <span class='ocrx_word' id='word_1_482' title='bbox 1146 3527 1273 3574; x_wconf 81' lang='lat' dir='ltr'>terra,</span> <span class='ocrx_word' id='word_1_483' title='bbox 1302 3534 1394 3565; x_wconf 91' lang='lat' dir='ltr'>non</span> <span class='ocrx_word' id='word_1_484' title='bbox 1421 3522 1525 3566; x_wconf 89' lang='lat' dir='ltr'>ideo</span> <span class='ocrx_word' id='word_1_485' title='bbox 1548 3522 1709 3567; x_wconf 90' lang='lat' dir='ltr'>dicitur</span> <span class='ocrx_word' id='word_1_486' title='bbox 1731 3523 1859 3582; x_wconf 89' lang='lat' dir='ltr'>quasi</span> <span class='ocrx_word' id='word_1_487' title='bbox 1879 3534 1985 3569; x_wconf 91' lang='lat' dir='ltr'>tunc</span> <span class='ocrx_word' id='word_1_488' title='bbox 2009 3525 2064 3571; x_wconf 91' lang='lat' dir='ltr'>de</span> 
     </span>
     <span class='ocr_line' id='line_1_48' title="bbox 14 3582 2064 3648; baseline 0.003 -18"><span class='ocrx_word' id='word_1_489' title='bbox 14 3582 35 3626; x_wconf 79' lang='grc'>’.</span> <span class='ocrx_word' id='word_1_490' title='bbox 64 3615 67 3618; x_wconf 35' lang='lat' dir='ltr'>v</span> <span class='ocrx_word' id='word_1_491' title='bbox 109 3597 233 3631; x_wconf 90' lang='lat' dir='ltr'>novo</span> <span class='ocrx_word' id='word_1_492' title='bbox 258 3583 377 3631; x_wconf 87' lang='lat' dir='ltr'>hanc</span> <span class='ocrx_word' id='word_1_493' title='bbox 400 3594 673 3645; x_wconf 86' lang='lat' dir='ltr'>potestatem</span> <span class='ocrx_word' id='word_1_494' title='bbox 702 3587 940 3647; x_wconf 85' lang='lat' dir='ltr'>acceperit,</span> <span class='ocrx_word' id='word_1_495' title='bbox 973 3586 1051 3632; x_wconf 90' lang='lat' dir='ltr'>sed</span> <span class='ocrx_word' id='word_1_496' title='bbox 1087 3590 1191 3646; x_wconf 91' lang='lat' dir='ltr'>quia</span> <span class='ocrx_word' id='word_1_497' title='bbox 1217 3597 1429 3647; x_wconf 87' lang='lat' dir='ltr'>potestas,</span> <span class='ocrx_word' id='word_1_498' title='bbox 1458 3603 1595 3648; x_wconf 88' lang='lat' dir='ltr'>quam</span> <span class='ocrx_word' id='word_1_499' title='bbox 1628 3590 1765 3634; x_wconf 86' lang='lat' dir='ltr'>Filius</span> <span class='ocrx_word' id='word_1_500' title='bbox 1792 3590 1880 3636; x_wconf 90' lang='lat' dir='ltr'>Dei</span> <span class='ocrx_word' id='word_1_501' title='bbox 1907 3591 1960 3636; x_wconf 88' lang='lat' dir='ltr'>ab</span> <span class='ocrx_word' id='word_1_502' title='bbox 1996 3606 2064 3637; x_wconf 89' lang='lat' dir='ltr'>ae-</span> 
     </span>
    </p>
   </div>
  </div>
 </body>
</html>
