<?xml version="1.0" encoding="UTF-8"?>
<!DOCTYPE html PUBLIC "-//W3C//DTD XHTML 1.0 Transitional//EN"
    "http://www.w3.org/TR/xhtml1/DTD/xhtml1-transitional.dtd">
<html xmlns="http://www.w3.org/1999/xhtml" xml:lang="en" lang="en">
 <head>
  <title>
</title>
<meta http-equiv="Content-Type" content="text/html;charset=utf-8" />
  <meta name='ocr-system' content='tesseract 3.04.00' />
  <meta name='ocr-capabilities' content='ocr_page ocr_carea ocr_par ocr_line ocrx_word'/>
</head>
<body>
  <div class='ocr_page' id='page_1' title='image "./divithomaeaquina00thom_0188.png"; bbox 0 0 2332 3854; ppageno 0'>
   <div class='ocr_carea' id='block_1_1' title="bbox 273 189 1540 258">
    <p class='ocr_par' dir='ltr' id='par_1_1' title="bbox 273 189 1540 258">
     <span class='ocr_line' id='line_1_1' title="bbox 273 189 1540 258; baseline 0 -18"><span class='ocrx_word' id='word_1_1' title='bbox 273 189 375 258; x_wconf 91' lang='lat'><strong>176</strong></span> <span class='ocrx_word' id='word_1_2' title='bbox 942 202 1097 241; x_wconf 80' lang='lat' dir='ltr'>LIBER</span> <span class='ocrx_word' id='word_1_3' title='bbox 1137 202 1193 240; x_wconf 88' lang='lat'><strong>11.</strong></span> <span class='ocrx_word' id='word_1_4' title='bbox 1235 202 1356 240; x_wconf 84' lang='lat' dir='ltr'><strong>cAP.</strong></span> <span class='ocrx_word' id='word_1_5' title='bbox 1394 202 1540 241; x_wconf 80' lang='lat' dir='ltr'><strong>thv.</strong></span> 
     </span>
    </p>
   </div>
   <div class='ocr_carea' id='block_1_2' title="bbox 265 296 2231 832">
    <p class='ocr_par' dir='ltr' id='par_1_2' title="bbox 265 296 2231 832">
     <span class='ocr_line' id='line_1_2' title="bbox 266 296 2223 363; baseline 0.003 -15"><span class='ocrx_word' id='word_1_6' title='bbox 266 304 391 348; x_wconf 89' lang='lat' dir='ltr'><strong>nulla</strong></span> <span class='ocrx_word' id='word_1_7' title='bbox 417 305 675 349; x_wconf 86' lang='lat' dir='ltr'><strong>diversitate</strong></span> <span class='ocrx_word' id='word_1_8' title='bbox 702 305 972 349; x_wconf 89' lang='lat' dir='ltr'><strong>meritorum</strong></span> <span class='ocrx_word' id='word_1_9' title='bbox 998 313 1200 363; x_wconf 90' lang='lat' dir='ltr'><strong>pensata,</strong></span> <span class='ocrx_word' id='word_1_10' title='bbox 1227 318 1369 363; x_wconf 90' lang='lat' dir='ltr'><strong>quum</strong></span> <span class='ocrx_word' id='word_1_11' title='bbox 1402 303 1638 349; x_wconf 87' lang='lat' dir='ltr'>retributio</span> <span class='ocrx_word' id='word_1_12' title='bbox 1675 305 1951 350; x_wconf 88' lang='lat' dir='ltr'><strong>merentibus</strong></span> <span class='ocrx_word' id='word_1_13' title='bbox 1993 296 2223 353; x_wconf 82' lang='lat' dir='ltr'><strong>debeatur.</strong></span> 
     </span>
     <span class='ocr_line' id='line_1_3' title="bbox 266 369 2226 431; baseline 0.003 -16"><span class='ocrx_word' id='word_1_14' title='bbox 266 373 393 423; x_wconf 90' lang='lat' dir='ltr'><strong>Deus</strong></span> <span class='ocrx_word' id='word_1_15' title='bbox 419 382 587 426; x_wconf 88' lang='lat' dir='ltr'><strong>autem,</strong></span> <span class='ocrx_word' id='word_1_16' title='bbox 621 382 670 416; x_wconf 92' lang='lat' dir='ltr'><strong>ut</strong></span> <span class='ocrx_word' id='word_1_17' title='bbox 696 386 830 431; x_wconf 86' lang='lat' dir='ltr'><strong>supra</strong></span> <span class='ocrx_word' id='word_1_18' title='bbox 858 382 1092 415; x_wconf 89' lang='lat' dir='ltr'><strong>ostensum</strong></span> <span class='ocrx_word' id='word_1_19' title='bbox 1129 381 1196 415; x_wconf 88' lang='lat' dir='ltr'><strong>est</strong></span> <span class='ocrx_word' id='word_1_20' title='bbox 1222 372 1282 428; x_wconf 91' lang='lat' dir='ltr'><strong>(c.</strong></span> <span class='ocrx_word' id='word_1_21' title='bbox 1311 370 1418 427; x_wconf 88' lang='lat'>28.)‚</span> <span class='ocrx_word' id='word_1_22' title='bbox 1446 385 1501 414; x_wconf 86' lang='lat' dir='ltr'><strong>ex</strong></span> <span class='ocrx_word' id='word_1_23' title='bbox 1525 369 1653 415; x_wconf 81' lang='lat' dir='ltr'><strong>nullo</strong></span> <span class='ocrx_word' id='word_1_24' title='bbox 1689 371 1855 427; x_wconf 90' lang='lat' dir='ltr'><strong>debito,</strong></span> <span class='ocrx_word' id='word_1_25' title='bbox 1893 373 1972 416; x_wconf 91' lang='lat' dir='ltr'><strong>sed</strong></span> <span class='ocrx_word' id='word_1_26' title='bbox 2015 386 2070 417; x_wconf 84' lang='lat' dir='ltr'><strong>ex</strong></span> <span class='ocrx_word' id='word_1_27' title='bbox 2099 380 2226 420; x_wconf 80' lang='lat' dir='ltr'><strong>mera</strong></span> 
     </span>
     <span class='ocr_line' id='line_1_4' title="bbox 266 438 2226 496; baseline 0.002 -14"><span class='ocrx_word' id='word_1_28' title='bbox 266 438 533 483; x_wconf 81' lang='lat' dir='ltr'><strong>liberalitate</strong></span> <span class='ocrx_word' id='word_1_29' title='bbox 570 454 640 483; x_wconf 90' lang='lat' dir='ltr'><strong>res</strong></span> <span class='ocrx_word' id='word_1_30' title='bbox 681 439 727 482; x_wconf 89' lang='lat' dir='ltr'><strong>in</strong></span> <span class='ocrx_word' id='word_1_31' title='bbox 770 453 867 482; x_wconf 91' lang='lat' dir='ltr'><strong>esse</strong></span> <span class='ocrx_word' id='word_1_32' title='bbox 901 438 1134 496; x_wconf 82' lang='lat' dir='ltr'><strong>produxit3</strong></span> <span class='ocrx_word' id='word_1_33' title='bbox 1162 438 1280 481; x_wconf 89' lang='lat' dir='ltr'><strong>unde</strong></span> <span class='ocrx_word' id='word_1_34' title='bbox 1308 438 1541 482; x_wconf 88' lang='lat' dir='ltr'><strong>diversitas</strong></span> <span class='ocrx_word' id='word_1_35' title='bbox 1578 448 1886 482; x_wconf 89' lang='lat' dir='ltr'><strong>creaturarum</strong></span> <span class='ocrx_word' id='word_1_36' title='bbox 1920 439 2226 486; x_wconf 85' lang='lat' dir='ltr'><strong>diversitatem</strong></span> 
     </span>
     <span class='ocr_line' id='line_1_5' title="bbox 267 505 2228 567; baseline 0.002 -18"><span class='ocrx_word' id='word_1_37' title='bbox 267 507 534 549; x_wconf 89' lang='lat' dir='ltr'><strong>meritorum</strong></span> <span class='ocrx_word' id='word_1_38' title='bbox 561 520 654 549; x_wconf 90' lang='lat' dir='ltr'><strong>non</strong></span> <span class='ocrx_word' id='word_1_39' title='bbox 688 505 1024 564; x_wconf 86' lang='lat' dir='ltr'><strong>praesupponit.</strong></span> <span class='ocrx_word' id='word_1_40' title='bbox 1059 505 1188 557; x_wconf 91' lang='lat' dir='ltr'><strong>Item,</strong></span> <span class='ocrx_word' id='word_1_41' title='bbox 1222 519 1362 563; x_wconf 90' lang='lat' dir='ltr'><strong>quum</strong></span> <span class='ocrx_word' id='word_1_42' title='bbox 1398 505 1571 548; x_wconf 90' lang='lat' dir='ltr'><strong>bonum</strong></span> <span class='ocrx_word' id='word_1_43' title='bbox 1607 506 1746 549; x_wconf 90' lang='lat' dir='ltr'><strong>totius</strong></span> <span class='ocrx_word' id='word_1_44' title='bbox 1788 505 1844 548; x_wconf 89' lang='lat' dir='ltr'><strong>sit</strong></span> <span class='ocrx_word' id='word_1_45' title='bbox 1885 505 2048 551; x_wconf 90' lang='lat' dir='ltr'><strong>melius</strong></span> <span class='ocrx_word' id='word_1_46' title='bbox 2089 522 2228 567; x_wconf 85' lang='lat' dir='ltr'><strong>quam</strong></span> 
     </span>
     <span class='ocr_line' id='line_1_6' title="bbox 265 570 2227 630; baseline 0.002 -15"><span class='ocrx_word' id='word_1_47' title='bbox 265 573 438 615; x_wconf 90' lang='lat' dir='ltr'><strong>bonum</strong></span> <span class='ocrx_word' id='word_1_48' title='bbox 457 573 741 629; x_wconf 83' lang='lat' dir='ltr'><strong>singularum</strong></span> <span class='ocrx_word' id='word_1_49' title='bbox 769 573 979 630; x_wconf 89' lang='lat' dir='ltr'><strong>partium,</strong></span> <span class='ocrx_word' id='word_1_50' title='bbox 1007 586 1100 615; x_wconf 93' lang='lat' dir='ltr'><strong>non</strong></span> <span class='ocrx_word' id='word_1_51' title='bbox 1124 581 1191 615; x_wconf 90' lang='lat' dir='ltr'><strong>est</strong></span> <span class='ocrx_word' id='word_1_52' title='bbox 1213 571 1375 630; x_wconf 88' lang='lat' dir='ltr'><strong>optimi</strong></span> <span class='ocrx_word' id='word_1_53' title='bbox 1396 570 1580 621; x_wconf 86' lang='lat' dir='ltr'><strong>factoris</strong></span> <span class='ocrx_word' id='word_1_54' title='bbox 1607 571 1858 614; x_wconf 81' lang='lat' dir='ltr'><strong>diminuere</strong></span> <span class='ocrx_word' id='word_1_55' title='bbox 1879 571 2053 616; x_wconf 91' lang='lat' dir='ltr'><strong>bonum</strong></span> <span class='ocrx_word' id='word_1_56' title='bbox 2074 574 2227 628; x_wconf 78' lang='lat' dir='ltr'><strong>totiuS,</strong></span> 
     </span>
     <span class='ocr_line' id='line_1_7' title="bbox 267 638 2228 698; baseline 0.002 -15"><span class='ocrx_word' id='word_1_57' title='bbox 267 650 316 684; x_wconf 92' lang='lat' dir='ltr'><strong>ut</strong></span> <span class='ocrx_word' id='word_1_58' title='bbox 342 640 593 698; x_wconf 88' lang='lat' dir='ltr'><strong>aliquarum</strong></span> <span class='ocrx_word' id='word_1_59' title='bbox 622 640 817 698; x_wconf 87' lang='lat' dir='ltr'><strong>partium</strong></span> <span class='ocrx_word' id='word_1_60' title='bbox 847 649 1010 697; x_wconf 89' lang='lat' dir='ltr'><strong>augeat</strong></span> <span class='ocrx_word' id='word_1_61' title='bbox 1035 639 1311 693; x_wconf 83' lang='lat' dir='ltr'><strong>bonitatem3</strong></span> <span class='ocrx_word' id='word_1_62' title='bbox 1345 653 1438 682; x_wconf 92' lang='lat' dir='ltr'><strong>non</strong></span> <span class='ocrx_word' id='word_1_63' title='bbox 1471 639 1595 682; x_wconf 90' lang='lat' dir='ltr'><strong>enim</strong></span> <span class='ocrx_word' id='word_1_64' title='bbox 1633 638 1897 682; x_wconf 88' lang='lat' dir='ltr'><strong>aedificator</strong></span> <span class='ocrx_word' id='word_1_65' title='bbox 1930 638 2228 686; x_wconf 88' lang='lat' dir='ltr'><strong>fundamento</strong></span> 
     </span>
     <span class='ocr_line' id='line_1_8' title="bbox 266 699 2230 775; baseline 0.002 -25"><span class='ocrx_word' id='word_1_66' title='bbox 266 708 419 775; x_wconf 59' lang='lat' dir='ltr'><strong>tribgit</strong></span> <span class='ocrx_word' id='word_1_67' title='bbox 441 721 542 750; x_wconf 91' lang='lat' dir='ltr'><strong>eam</strong></span> <span class='ocrx_word' id='word_1_68' title='bbox 570 707 819 749; x_wconf 87' lang='lat' dir='ltr'><strong>bonitatem</strong></span> <span class='ocrx_word' id='word_1_69' title='bbox 849 720 986 765; x_wconf 88' lang='lat' dir='ltr'><strong>quam</strong></span> <span class='ocrx_word' id='word_1_70' title='bbox 1012 706 1167 750; x_wconf 86' lang='lat' dir='ltr'><strong>tribuit</strong></span> <span class='ocrx_word' id='word_1_71' title='bbox 1191 715 1328 759; x_wconf 91' lang='lat' dir='ltr'><strong>tecto,</strong></span> <span class='ocrx_word' id='word_1_72' title='bbox 1350 721 1407 750; x_wconf 92' lang='lat' dir='ltr'><strong>ne</strong></span> <span class='ocrx_word' id='word_1_73' title='bbox 1430 706 1621 750; x_wconf 90' lang='lat' dir='ltr'><strong>domum</strong></span> <span class='ocrx_word' id='word_1_74' title='bbox 1647 705 1785 749; x_wconf 86' lang='lat' dir='ltr'><strong>faciat</strong></span> <span class='ocrx_word' id='word_1_75' title='bbox 1804 705 2062 761; x_wconf 83' lang='lat' dir='ltr'><strong>ruinosam3</strong></span> <span class='ocrx_word' id='word_1_76' title='bbox 2082 699 2230 753; x_wconf 60' lang='lat' dir='ltr'><strong>factor</strong></span> 
     </span>
     <span class='ocr_line' id='line_1_9' title="bbox 267 772 2231 832; baseline 0.001 -15"><span class='ocrx_word' id='word_1_77' title='bbox 267 774 403 832; x_wconf 89' lang='lat' dir='ltr'><strong>igitur</strong></span> <span class='ocrx_word' id='word_1_78' title='bbox 436 774 643 816; x_wconf 89' lang='lat' dir='ltr'><strong>omnium</strong></span> <span class='ocrx_word' id='word_1_79' title='bbox 676 774 804 817; x_wconf 91' lang='lat' dir='ltr'><strong>Deus</strong></span> <span class='ocrx_word' id='word_1_80' title='bbox 837 787 932 816; x_wconf 88' lang='lat' dir='ltr'><strong>non</strong></span> <span class='ocrx_word' id='word_1_81' title='bbox 963 772 1135 817; x_wconf 88' lang='lat' dir='ltr'><strong>faceret</strong></span> <span class='ocrx_word' id='word_1_82' title='bbox 1159 783 1309 818; x_wconf 90' lang='lat' dir='ltr'><strong>totum</strong></span> <span class='ocrx_word' id='word_1_83' title='bbox 1336 773 1599 817; x_wconf 88' lang='lat' dir='ltr'><strong>universum</strong></span> <span class='ocrx_word' id='word_1_84' title='bbox 1626 786 1708 816; x_wconf 89' lang='lat' dir='ltr'><strong>suo</strong></span> <span class='ocrx_word' id='word_1_85' title='bbox 1737 786 1903 829; x_wconf 88' lang='lat' dir='ltr'><strong>genere</strong></span> <span class='ocrx_word' id='word_1_86' title='bbox 1930 773 2171 832; x_wconf 86' lang='lat' dir='ltr'><strong>optimum,</strong></span> <span class='ocrx_word' id='word_1_87' title='bbox 2192 774 2231 819; x_wconf 89' lang='lat' dir='ltr'><strong>si</strong></span> 
     </span>
    </p>
   </div>
   <div class='ocr_carea' id='block_1_3' title="bbox 263 839 2233 965">
    <p class='ocr_par' dir='ltr' id='par_1_3' title="bbox 263 839 2233 965">
     <span class='ocr_line' id='line_1_10' title="bbox 263 839 2233 900; baseline 0.002 -16"><span class='ocrx_word' id='word_1_88' title='bbox 263 840 437 884; x_wconf 84' lang='lat' dir='ltr'><strong>&#39;faceret</strong></span> <span class='ocrx_word' id='word_1_89' title='bbox 464 854 624 883; x_wconf 88' lang='lat' dir='ltr'><strong>omnes</strong></span> <span class='ocrx_word' id='word_1_90' title='bbox 650 850 798 898; x_wconf 88' lang='lat' dir='ltr'><strong>partes</strong></span> <span class='ocrx_word' id='word_1_91' title='bbox 826 839 1052 899; x_wconf 85' lang='lat' dir='ltr'><strong>aequales,</strong></span> <span class='ocrx_word' id='word_1_92' title='bbox 1079 841 1184 900; x_wconf 89' lang='lat' dir='ltr'><strong>quia</strong></span> <span class='ocrx_word' id='word_1_93' title='bbox 1211 840 1344 884; x_wconf 88' lang='lat' dir='ltr'><strong>multi</strong></span> <span class='ocrx_word' id='word_1_94' title='bbox 1369 840 1536 898; x_wconf 88' lang='lat' dir='ltr'><strong>gradus</strong></span> <span class='ocrx_word' id='word_1_95' title='bbox 1561 839 1775 883; x_wconf 86' lang='lat' dir='ltr'><strong>bonitatis</strong></span> <span class='ocrx_word' id='word_1_96' title='bbox 1800 839 1847 882; x_wconf 92' lang='lat' dir='ltr'><strong>in</strong></span> <span class='ocrx_word' id='word_1_97' title='bbox 1873 839 2087 885; x_wconf 89' lang='lat' dir='ltr'><strong>universo</strong></span> <span class='ocrx_word' id='word_1_98' title='bbox 2108 841 2233 887; x_wconf 86' lang='lat' dir='ltr'><strong>dees-</strong></span> 
     </span>
     <span class='ocr_line' id='line_1_11' title="bbox 269 906 1069 965; baseline 0 -14"><span class='ocrx_word' id='word_1_99' title='bbox 269 917 381 961; x_wconf 89' lang='lat' dir='ltr'><strong>sent,</strong></span> <span class='ocrx_word' id='word_1_100' title='bbox 415 917 460 951; x_wconf 92' lang='lat' dir='ltr'><strong>et</strong></span> <span class='ocrx_word' id='word_1_101' title='bbox 491 907 554 951; x_wconf 89' lang='lat' dir='ltr'><strong>sic</strong></span> <span class='ocrx_word' id='word_1_102' title='bbox 588 916 705 950; x_wconf 89' lang='lat' dir='ltr'><strong>esset</strong></span> <span class='ocrx_word' id='word_1_103' title='bbox 735 906 1069 965; x_wconf 88' lang='lat' dir='ltr'><strong>imperfectum.</strong></span> 
     </span>
    </p>
   </div>
   <div class='ocr_carea' id='block_1_4' title="bbox 936 1076 1485 1139">
    <p class='ocr_par' dir='ltr' id='par_1_4' title="bbox 936 1076 1485 1139">
     <span class='ocr_line' id='line_1_12' title="bbox 936 1076 1485 1139; baseline -0.002 0"><span class='ocrx_word' id='word_1_104' title='bbox 936 1076 945 1086; x_wconf 72' lang='lat'>&#39;</span> <span class='ocrx_word' id='word_1_105' title='bbox 1017 1083 1272 1139; x_wconf 89' lang='lat' dir='ltr'><strong>CAPUT</strong></span> <span class='ocrx_word' id='word_1_106' title='bbox 1314 1084 1485 1139; x_wconf 91' lang='lat' dir='ltr'><strong>XLV.</strong></span> 
     </span>
    </p>
   </div>
   <div class='ocr_carea' id='block_1_5' title="bbox 272 1219 2231 1382">
    <p class='ocr_par' dir='ltr' id='par_1_5' title="bbox 272 1219 2231 1382">
     <span class='ocr_line' id='line_1_13' title="bbox 272 1219 2231 1265; baseline 0.003 -8"><span class='ocrx_word' id='word_1_107' title='bbox 272 1219 420 1265; x_wconf 87' lang='lat' dir='ltr'><strong>QUAE</strong></span> <span class='ocrx_word' id='word_1_108' title='bbox 444 1220 528 1258; x_wconf 89' lang='lat' dir='ltr'><strong>SIT</strong></span> <span class='ocrx_word' id='word_1_109' title='bbox 557 1220 722 1258; x_wconf 90' lang='lat' dir='ltr'><strong>PRIMA</strong></span> <span class='ocrx_word' id='word_1_110' title='bbox 745 1220 921 1258; x_wconf 86' lang='lat' dir='ltr'>CAUSA</span> <span class='ocrx_word' id='word_1_111' title='bbox 943 1220 1358 1259; x_wconf 90' lang='lat' dir='ltr'>DISTINCTIONIS</span> <span class='ocrx_word' id='word_1_112' title='bbox 1377 1220 1560 1259; x_wconf 90' lang='lat' dir='ltr'>RERUM</span> <span class='ocrx_word' id='word_1_113' title='bbox 1582 1221 1882 1260; x_wconf 87' lang='lat' dir='ltr'>SECUNDUM</span> <span class='ocrx_word' id='word_1_114' title='bbox 1897 1222 2231 1262; x_wconf 82' lang='lat' dir='ltr'><strong>VERITATEM.</strong></span> 
     </span>
     <span class='ocr_line' id='line_1_14' title="bbox 788 1310 1709 1382; baseline -0.001 -16"><span class='ocrx_word' id='word_1_115' title='bbox 788 1322 846 1380; x_wconf 89' lang='lat' dir='ltr'><strong>(I.</strong></span> <span class='ocrx_word' id='word_1_116' title='bbox 865 1329 982 1381; x_wconf 84' lang='lat' dir='ltr'><strong>part.</strong></span> <span class='ocrx_word' id='word_1_117' title='bbox 1007 1329 1159 1382; x_wconf 81' lang='lat' dir='ltr'><strong>quaest.</strong></span> <span class='ocrx_word' id='word_1_118' title='bbox 1193 1323 1375 1367; x_wconf 91' lang='lat' dir='ltr'><strong><em>XLVII.</em></strong></span> <span class='ocrx_word' id='word_1_119' title='bbox 1403 1310 1491 1367; x_wconf 51' lang='lat' dir='ltr'><strong>art.¹</strong></span> <span class='ocrx_word' id='word_1_120' title='bbox 1509 1338 1545 1367; x_wconf 87' lang='lat'><strong>1.</strong></span> <span class='ocrx_word' id='word_1_121' title='bbox 1572 1328 1611 1367; x_wconf 82' lang='lat' dir='ltr'><strong>et</strong></span> <span class='ocrx_word' id='word_1_122' title='bbox 1634 1323 1709 1379; x_wconf 86' lang='lat'><strong><em>2.).</em></strong></span> 
     </span>
    </p>
   </div>
   <div class='ocr_carea' id='block_1_6' title="bbox 271 1432 2241 2298">
    <p class='ocr_par' dir='ltr' id='par_1_6' title="bbox 272 1432 2235 1544">
     <span class='ocr_line' id='line_1_15' title="bbox 361 1432 2235 1493; baseline 0.001 -15"><span class='ocrx_word' id='word_1_123' title='bbox 361 1432 557 1478; x_wconf 87' lang='lat' dir='ltr'><strong>Ostendi</strong></span> <span class='ocrx_word' id='word_1_124' title='bbox 583 1442 736 1477; x_wconf 91' lang='lat' dir='ltr'><strong>autem</strong></span> <span class='ocrx_word' id='word_1_125' title='bbox 759 1447 812 1477; x_wconf 85' lang='lat' dir='ltr'><strong>ex</strong></span> <span class='ocrx_word' id='word_1_126' title='bbox 839 1433 1079 1492; x_wconf 87' lang='lat' dir='ltr'><strong>praedictis</strong></span> <span class='ocrx_word' id='word_1_127' title='bbox 1101 1443 1251 1493; x_wconf 90' lang='lat' dir='ltr'><strong>potest</strong></span> <span class='ocrx_word' id='word_1_128' title='bbox 1268 1447 1384 1492; x_wconf 88' lang='lat' dir='ltr'><strong>quae</strong></span> <span class='ocrx_word' id='word_1_129' title='bbox 1401 1433 1460 1477; x_wconf 90' lang='lat' dir='ltr'><strong>sit</strong></span> <span class='ocrx_word' id='word_1_130' title='bbox 1474 1447 1581 1477; x_wconf 90' lang='lat' dir='ltr'><strong>vere</strong></span> <span class='ocrx_word' id='word_1_131' title='bbox 1598 1433 1746 1492; x_wconf 89' lang='lat' dir='ltr'><strong>prima</strong></span> <span class='ocrx_word' id='word_1_132' title='bbox 1763 1433 2066 1479; x_wconf 86' lang='lat' dir='ltr'><strong>distinctionis</strong></span> <span class='ocrx_word' id='word_1_133' title='bbox 2082 1448 2235 1480; x_wconf 89' lang='lat' dir='ltr'><strong>rerum</strong></span> 
     </span>
     <span class='ocr_line' id='line_1_16' title="bbox 272 1514 423 1544; baseline 0 -1"><span class='ocrx_word' id='word_1_134' title='bbox 272 1514 423 1544; x_wconf 88' lang='lat' dir='ltr'><strong>causa.</strong></span> 
     </span>
    </p>

    <p class='ocr_par' dir='ltr' id='par_1_7' title="bbox 271 1566 2241 2298">
     <span class='ocr_line' id='line_1_17' title="bbox 363 1566 2238 1626; baseline 0.001 -16"><span class='ocrx_word' id='word_1_135' title='bbox 363 1567 523 1619; x_wconf 88' lang='lat' dir='ltr'><strong>Quum</strong></span> <span class='ocrx_word' id='word_1_136' title='bbox 550 1567 675 1611; x_wconf 88' lang='lat' dir='ltr'><strong>enim</strong></span> <span class='ocrx_word' id='word_1_137' title='bbox 702 1581 840 1610; x_wconf 88' lang='lat' dir='ltr'><strong>omne</strong></span> <span class='ocrx_word' id='word_1_138' title='bbox 868 1581 1008 1626; x_wconf 88' lang='lat' dir='ltr'><strong>agens</strong></span> <span class='ocrx_word' id='word_1_139' title='bbox 1034 1567 1240 1612; x_wconf 86' lang='lat' dir='ltr'><strong>intendat</strong></span> <span class='ocrx_word' id='word_1_140' title='bbox 1265 1581 1396 1611; x_wconf 88' lang='lat' dir='ltr'><strong>suam</strong></span> <span class='ocrx_word' id='word_1_141' title='bbox 1429 1566 1774 1612; x_wconf 86' lang='lat' dir='ltr'><strong>similitudinem</strong></span> <span class='ocrx_word' id='word_1_142' title='bbox 1798 1567 1846 1612; x_wconf 91' lang='lat' dir='ltr'><strong>in</strong></span> <span class='ocrx_word' id='word_1_143' title='bbox 1873 1567 2088 1614; x_wconf 89' lang='lat' dir='ltr'><strong>effectum</strong></span> <span class='ocrx_word' id='word_1_144' title='bbox 2108 1567 2238 1612; x_wconf 56' lang='lat' dir='ltr'><strong>‘indu-</strong></span> 
     </span>
     <span class='ocr_line' id='line_1_18' title="bbox 272 1634 2236 1695; baseline 0.001 -16"><span class='ocrx_word' id='word_1_145' title='bbox 272 1649 389 1689; x_wconf 91' lang='lat' dir='ltr'><strong>cere,</strong></span> <span class='ocrx_word' id='word_1_146' title='bbox 407 1634 659 1679; x_wconf 90' lang='lat' dir='ltr'><strong>secundum</strong></span> <span class='ocrx_word' id='word_1_147' title='bbox 686 1635 808 1693; x_wconf 93' lang='lat' dir='ltr'><strong>quod</strong></span> <span class='ocrx_word' id='word_1_148' title='bbox 831 1634 1044 1678; x_wconf 82' lang='lat' dir='ltr'><strong>effectum</strong></span> <span class='ocrx_word' id='word_1_149' title='bbox 1064 1648 1225 1694; x_wconf 87' lang='lat' dir='ltr'><strong>capere</strong></span> <span class='ocrx_word' id='word_1_150' title='bbox 1241 1644 1405 1693; x_wconf 89' lang='lat' dir='ltr'><strong>potest,</strong></span> <span class='ocrx_word' id='word_1_151' title='bbox 1423 1643 1551 1678; x_wconf 90' lang='lat' dir='ltr'><strong>tanto</strong></span> <span class='ocrx_word' id='word_1_152' title='bbox 1573 1634 1664 1678; x_wconf 93' lang='lat' dir='ltr'><strong>hoc</strong></span> <span class='ocrx_word' id='word_1_153' title='bbox 1683 1635 1778 1693; x_wconf 89' lang='lat' dir='ltr'><strong>agit</strong></span> <span class='ocrx_word' id='word_1_154' title='bbox 1793 1634 2047 1694; x_wconf 85' lang='lat' dir='ltr'><strong>perfectius,</strong></span> <span class='ocrx_word' id='word_1_155' title='bbox 2065 1645 2236 1695; x_wconf 85' lang='lat' dir='ltr'><strong>quanto</strong></span> 
     </span>
     <span class='ocr_line' id='line_1_19' title="bbox 273 1700 2238 1761; baseline 0.001 -15"><span class='ocrx_word' id='word_1_156' title='bbox 273 1716 412 1761; x_wconf 84' lang='lat' dir='ltr'><strong>agens</strong></span> <span class='ocrx_word' id='word_1_157' title='bbox 439 1700 680 1760; x_wconf 88' lang='lat' dir='ltr'><strong>perfectius</strong></span> <span class='ocrx_word' id='word_1_158' title='bbox 708 1711 802 1756; x_wconf 83' lang='lat' dir='ltr'><strong>est3</strong></span> <span class='ocrx_word' id='word_1_159' title='bbox 830 1710 952 1759; x_wconf 90' lang='lat' dir='ltr'><strong>patet</strong></span> <span class='ocrx_word' id='word_1_160' title='bbox 979 1702 1101 1745; x_wconf 90' lang='lat' dir='ltr'><strong>enirn</strong></span> <span class='ocrx_word' id='word_1_161' title='bbox 1129 1702 1250 1760; x_wconf 91' lang='lat' dir='ltr'><strong>quod</strong></span> <span class='ocrx_word' id='word_1_162' title='bbox 1275 1711 1445 1760; x_wconf 90' lang='lat' dir='ltr'><strong>quanto</strong></span> <span class='ocrx_word' id='word_1_163' title='bbox 1474 1701 1642 1760; x_wconf 90' lang='lat' dir='ltr'><strong>aliquid</strong></span> <span class='ocrx_word' id='word_1_164' title='bbox 1666 1711 1735 1746; x_wconf 92' lang='lat' dir='ltr'><strong>est</strong></span> <span class='ocrx_word' id='word_1_165' title='bbox 1757 1701 1961 1757; x_wconf 90' lang='lat' dir='ltr'><strong>calidius,</strong></span> <span class='ocrx_word' id='word_1_166' title='bbox 1977 1712 2104 1747; x_wconf 90' lang='lat' dir='ltr'><strong>tanto</strong></span> <span class='ocrx_word' id='word_1_167' title='bbox 2129 1701 2238 1747; x_wconf 78' lang='lat' dir='ltr'><strong>facit</strong></span> 
     </span>
     <span class='ocr_line' id='line_1_20' title="bbox 271 1767 2238 1829; baseline -0.001 -16"><span class='ocrx_word' id='word_1_168' title='bbox 271 1769 419 1827; x_wconf 86' lang='lat' dir='ltr'><strong>magis</strong></span> <span class='ocrx_word' id='word_1_169' title='bbox 446 1768 660 1822; x_wconf 90' lang='lat' dir='ltr'><strong>calidum,</strong></span> <span class='ocrx_word' id='word_1_170' title='bbox 688 1778 732 1812; x_wconf 92' lang='lat' dir='ltr'><strong>et</strong></span> <span class='ocrx_word' id='word_1_171' title='bbox 758 1780 927 1827; x_wconf 88' lang='lat' dir='ltr'><strong>quanto</strong></span> <span class='ocrx_word' id='word_1_172' title='bbox 955 1779 1022 1813; x_wconf 89' lang='lat' dir='ltr'><strong>est</strong></span> <span class='ocrx_word' id='word_1_173' title='bbox 1048 1768 1209 1827; x_wconf 89' lang='lat' dir='ltr'><strong>aliquis</strong></span> <span class='ocrx_word' id='word_1_174' title='bbox 1235 1768 1400 1812; x_wconf 89' lang='lat' dir='ltr'><strong>melior</strong></span> <span class='ocrx_word' id='word_1_175' title='bbox 1426 1768 1598 1821; x_wconf 85' lang='lat' dir='ltr'><strong>artifex,</strong></span> <span class='ocrx_word' id='word_1_176' title='bbox 1624 1778 1751 1812; x_wconf 87' lang='lat' dir='ltr'><strong>tanto</strong></span> <span class='ocrx_word' id='word_1_177' title='bbox 1777 1767 1975 1813; x_wconf 89' lang='lat' dir='ltr'><strong>formam</strong></span> <span class='ocrx_word' id='word_1_178' title='bbox 2002 1771 2107 1814; x_wconf 84' lang='lat' dir='ltr'><strong>artis</strong></span> <span class='ocrx_word' id='word_1_179' title='bbox 2137 1783 2238 1829; x_wconf 77' lang='lat' dir='ltr'><strong>per-</strong></span> 
     </span>
     <span class='ocr_line' id='line_1_21' title="bbox 271 1834 2239 1895; baseline 0 -15"><span class='ocrx_word' id='word_1_180' title='bbox 271 1836 433 1881; x_wconf 90' lang='lat' dir='ltr'><strong>fectius</strong></span> <span class='ocrx_word' id='word_1_181' title='bbox 459 1835 634 1879; x_wconf 88' lang='lat' dir='ltr'><strong>inducit</strong></span> <span class='ocrx_word' id='word_1_182' title='bbox 665 1836 712 1879; x_wconf 90' lang='lat' dir='ltr'><strong>in</strong></span> <span class='ocrx_word' id='word_1_183' title='bbox 749 1836 1001 1879; x_wconf 88' lang='lat' dir='ltr'><strong>materiam.</strong></span> <span class='ocrx_word' id='word_1_184' title='bbox 1038 1837 1165 1880; x_wconf 92' lang='lat' dir='ltr'><strong>Deus</strong></span> <span class='ocrx_word' id='word_1_185' title='bbox 1201 1846 1354 1879; x_wconf 88' lang='lat' dir='ltr'><strong>autern</strong></span> <span class='ocrx_word' id='word_1_186' title='bbox 1393 1845 1459 1879; x_wconf 93' lang='lat' dir='ltr'><strong>est</strong></span> <span class='ocrx_word' id='word_1_187' title='bbox 1495 1834 1874 1894; x_wconf 87' lang='lat' dir='ltr'><strong>perfectissimum</strong></span> <span class='ocrx_word' id='word_1_188' title='bbox 1907 1850 2061 1895; x_wconf 81' lang='lat' dir='ltr'><strong>agens.</strong></span> <span class='ocrx_word' id='word_1_189' title='bbox 2095 1835 2239 1880; x_wconf 89' lang='lat' dir='ltr'><strong>Suam</strong></span> 
     </span>
     <span class='ocr_line' id='line_1_22' title="bbox 271 1901 2239 1962; baseline -0.001 -15"><span class='ocrx_word' id='word_1_190' title='bbox 271 1904 408 1962; x_wconf 87' lang='lat' dir='ltr'><strong>igitur</strong></span> <span class='ocrx_word' id='word_1_191' title='bbox 433 1902 776 1946; x_wconf 89' lang='lat' dir='ltr'><strong>similitudinem</strong></span> <span class='ocrx_word' id='word_1_192' title='bbox 798 1903 844 1945; x_wconf 90' lang='lat' dir='ltr'><strong>in</strong></span> <span class='ocrx_word' id='word_1_193' title='bbox 862 1904 994 1946; x_wconf 91' lang='lat' dir='ltr'><strong>rebus</strong></span> <span class='ocrx_word' id='word_1_194' title='bbox 1013 1903 1174 1947; x_wconf 89' lang='lat' dir='ltr'><strong>creatis</strong></span> <span class='ocrx_word' id='word_1_195' title='bbox 1193 1903 1247 1946; x_wconf 89' lang='lat' dir='ltr'><strong>ad</strong></span> <span class='ocrx_word' id='word_1_196' title='bbox 1267 1917 1372 1947; x_wconf 89' lang='lat' dir='ltr'><strong>eum</strong></span> <span class='ocrx_word' id='word_1_197' title='bbox 1390 1902 1642 1962; x_wconf 85' lang='lat' dir='ltr'><strong>pertinebat</strong></span> <span class='ocrx_word' id='word_1_198' title='bbox 1663 1902 1879 1946; x_wconf 87' lang='lat' dir='ltr'><strong>inducere</strong></span> <span class='ocrx_word' id='word_1_199' title='bbox 1897 1901 2239 1962; x_wconf 87' lang='lat' dir='ltr'><strong>perfectissime,</strong></span> 
     </span>
     <span class='ocr_line' id='line_1_23' title="bbox 274 1968 2240 2028; baseline 0.001 -16"><span class='ocrx_word' id='word_1_200' title='bbox 274 1979 496 2028; x_wconf 88' lang='lat' dir='ltr'><strong>quantum</strong></span> <span class='ocrx_word' id='word_1_201' title='bbox 527 1978 716 2013; x_wconf 90' lang='lat' dir='ltr'><strong>naturae</strong></span> <span class='ocrx_word' id='word_1_202' title='bbox 754 1979 933 2013; x_wconf 87' lang='lat' dir='ltr'><strong>creatae</strong></span> <span class='ocrx_word' id='word_1_203' title='bbox 970 1970 1197 2014; x_wconf 84' lang='lat' dir='ltr'><strong>convenit.</strong></span> <span class='ocrx_word' id='word_1_204' title='bbox 1233 1969 1323 2014; x_wconf 90' lang='lat' dir='ltr'><strong>Sed</strong></span> <span class='ocrx_word' id='word_1_205' title='bbox 1359 1969 1608 2028; x_wconf 88' lang='lat' dir='ltr'><strong>perfectam</strong></span> <span class='ocrx_word' id='word_1_206' title='bbox 1642 1969 1732 2013; x_wconf 91' lang='lat' dir='ltr'><strong>Dei</strong></span> <span class='ocrx_word' id='word_1_207' title='bbox 1767 1968 2112 2013; x_wconf 86' lang='lat' dir='ltr'><strong>similitudinem</strong></span> <span class='ocrx_word' id='word_1_208' title='bbox 2142 1983 2240 2014; x_wconf 89' lang='lat' dir='ltr'><strong>non</strong></span> 
     </span>
     <span class='ocr_line' id='line_1_24' title="bbox 273 2035 2239 2096; baseline -0.001 -15"><span class='ocrx_word' id='word_1_209' title='bbox 273 2046 463 2096; x_wconf 90' lang='lat' dir='ltr'><strong>possunt</strong></span> <span class='ocrx_word' id='word_1_210' title='bbox 490 2036 711 2095; x_wconf 86' lang='lat' dir='ltr'><strong>consequi</strong></span> <span class='ocrx_word' id='word_1_211' title='bbox 735 2051 806 2080; x_wconf 86' lang='lat' dir='ltr'><strong>res</strong></span> <span class='ocrx_word' id='word_1_212' title='bbox 838 2046 1016 2081; x_wconf 85' lang='lat' dir='ltr'><strong>creatae</strong></span> <span class='ocrx_word' id='word_1_213' title='bbox 1035 2037 1288 2081; x_wconf 91' lang='lat' dir='ltr'><strong>secundum</strong></span> <span class='ocrx_word' id='word_1_214' title='bbox 1306 2051 1445 2080; x_wconf 91' lang='lat' dir='ltr'><strong>unam</strong></span> <span class='ocrx_word' id='word_1_215' title='bbox 1463 2035 1612 2080; x_wconf 88' lang='lat' dir='ltr'><strong>solam</strong></span> <span class='ocrx_word' id='word_1_216' title='bbox 1629 2036 1830 2095; x_wconf 90' lang='lat' dir='ltr'><strong>speciem</strong></span> <span class='ocrx_word' id='word_1_217' title='bbox 1853 2037 2239 2096; x_wconf 46' lang='lat' dir='ltr'><strong>creaturae,*quia,</strong></span> 
     </span>
     <span class='ocr_line' id='line_1_25' title="bbox 275 2102 2241 2163; baseline -0.001 -16"><span class='ocrx_word' id='word_1_218' title='bbox 275 2119 416 2162; x_wconf 90' lang='lat' dir='ltr'><strong>quum</strong></span> <span class='ocrx_word' id='word_1_219' title='bbox 456 2117 593 2148; x_wconf 89' lang='lat' dir='ltr'><strong>causa</strong></span> <span class='ocrx_word' id='word_1_220' title='bbox 628 2104 817 2148; x_wconf 82' lang='lat' dir='ltr'><strong>excedat</strong></span> <span class='ocrx_word' id='word_1_221' title='bbox 855 2104 1083 2158; x_wconf 88' lang='lat' dir='ltr'><strong>effectum,</strong></span> <span class='ocrx_word' id='word_1_222' title='bbox 1121 2104 1244 2163; x_wconf 91' lang='lat' dir='ltr'><strong>quod</strong></span> <span class='ocrx_word' id='word_1_223' title='bbox 1279 2114 1346 2148; x_wconf 92' lang='lat' dir='ltr'><strong>est</strong></span> <span class='ocrx_word' id='word_1_224' title='bbox 1378 2104 1424 2147; x_wconf 92' lang='lat' dir='ltr'><strong>in</strong></span> <span class='ocrx_word' id='word_1_225' title='bbox 1458 2118 1596 2147; x_wconf 91' lang='lat' dir='ltr'><strong>causa</strong></span> <span class='ocrx_word' id='word_1_226' title='bbox 1632 2102 1899 2162; x_wconf 89' lang='lat' dir='ltr'><strong>simpliciter</strong></span> <span class='ocrx_word' id='word_1_227' title='bbox 1933 2113 1979 2148; x_wconf 91' lang='lat' dir='ltr'><strong>et</strong></span> <span class='ocrx_word' id='word_1_228' title='bbox 2011 2105 2167 2158; x_wconf 74' lang='lat' dir='ltr'><strong>unite,</strong></span> <span class='ocrx_word' id='word_1_229' title='bbox 2192 2103 2241 2146; x_wconf 89' lang='lat' dir='ltr'><strong>in</strong></span> 
     </span>
     <span class='ocr_line' id='line_1_26' title="bbox 275 2170 2241 2231; baseline 0.001 -17"><span class='ocrx_word' id='word_1_230' title='bbox 275 2171 438 2215; x_wconf 88' lang='lat' dir='ltr'><strong>effectu</strong></span> <span class='ocrx_word' id='word_1_231' title='bbox 463 2171 689 2215; x_wconf 90' lang='lat' dir='ltr'><strong>invenitur</strong></span> <span class='ocrx_word' id='word_1_232' title='bbox 716 2172 972 2230; x_wconf 88' lang='lat' dir='ltr'><strong>composite</strong></span> <span class='ocrx_word' id='word_1_233' title='bbox 995 2181 1039 2215; x_wconf 93' lang='lat' dir='ltr'><strong>et</strong></span> <span class='ocrx_word' id='word_1_234' title='bbox 1054 2171 1376 2230; x_wconf 87' lang='lat' dir='ltr'><strong>multipliciter,</strong></span> <span class='ocrx_word' id='word_1_235' title='bbox 1399 2171 1487 2215; x_wconf 90' lang='lat' dir='ltr'><strong>nisi</strong></span> <span class='ocrx_word' id='word_1_236' title='bbox 1509 2170 1696 2214; x_wconf 87' lang='lat' dir='ltr'><strong>effectus</strong></span> <span class='ocrx_word' id='word_1_237' title='bbox 1717 2170 1944 2230; x_wconf 87' lang='lat' dir='ltr'><strong>pertingat</strong></span> <span class='ocrx_word' id='word_1_238' title='bbox 1965 2170 2021 2215; x_wconf 89' lang='lat' dir='ltr'><strong>ad</strong></span> <span class='ocrx_word' id='word_1_239' title='bbox 2037 2171 2241 2231; x_wconf 87' lang='lat' dir='ltr'><strong>speciem</strong></span> 
     </span>
     <span class='ocr_line' id='line_1_27' title="bbox 275 2237 2240 2298; baseline -0.001 -15"><span class='ocrx_word' id='word_1_240' title='bbox 275 2253 439 2283; x_wconf 87' lang='lat' dir='ltr'><strong>causae</strong></span> <span class='ocrx_word' id='word_1_241' title='bbox 455 2255 466 2292; x_wconf 90' lang='lat'>;</span> <span class='ocrx_word' id='word_1_242' title='bbox 494 2238 615 2297; x_wconf 91' lang='lat' dir='ltr'><strong>quod</strong></span> <span class='ocrx_word' id='word_1_243' title='bbox 632 2238 680 2282; x_wconf 91' lang='lat' dir='ltr'><strong>in</strong></span> <span class='ocrx_word' id='word_1_244' title='bbox 698 2239 933 2297; x_wconf 91' lang='lat' dir='ltr'><strong>proposito</strong></span> <span class='ocrx_word' id='word_1_245' title='bbox 953 2239 1042 2283; x_wconf 89' lang='lat' dir='ltr'><strong>dici</strong></span> <span class='ocrx_word' id='word_1_246' title='bbox 1058 2253 1152 2283; x_wconf 92' lang='lat' dir='ltr'><strong>non</strong></span> <span class='ocrx_word' id='word_1_247' title='bbox 1176 2247 1348 2298; x_wconf 90' lang='lat' dir='ltr'><strong>potest;</strong></span> <span class='ocrx_word' id='word_1_248' title='bbox 1371 2252 1466 2282; x_wconf 89' lang='lat' dir='ltr'><strong>non</strong></span> <span class='ocrx_word' id='word_1_249' title='bbox 1486 2238 1609 2282; x_wconf 88' lang='lat' dir='ltr'><strong>enim</strong></span> <span class='ocrx_word' id='word_1_250' title='bbox 1627 2247 1832 2282; x_wconf 88' lang='lat' dir='ltr'><strong>creatura</strong></span> <span class='ocrx_word' id='word_1_251' title='bbox 1849 2247 2000 2296; x_wconf 87' lang='lat' dir='ltr'><strong>potest</strong></span> <span class='ocrx_word' id='word_1_252' title='bbox 2019 2251 2119 2282; x_wconf 89' lang='lat' dir='ltr'><strong>esse</strong></span> <span class='ocrx_word' id='word_1_253' title='bbox 2135 2237 2240 2282; x_wconf 86' lang='lat' dir='ltr'><strong>Deo</strong></span> 
     </span>
    </p>
   </div>
   <div class='ocr_carea' id='block_1_7' title="bbox 276 2305 2242 2365">
    <p class='ocr_par' dir='ltr' id='par_1_8' title="bbox 276 2305 2332 2365">
     <span class='ocr_line' id='line_1_28' title="bbox 276 2305 2242 2365; baseline 0 -15"><span class='ocrx_word' id='word_1_254' title='bbox 276 2305 491 2365; x_wconf 90' lang='lat' dir='ltr'><strong>aequalis.</strong></span> <span class='ocrx_word' id='word_1_255' title='bbox 513 2306 731 2363; x_wconf 88' lang='lat' dir='ltr'><strong>Oportuit</strong></span> <span class='ocrx_word' id='word_1_256' title='bbox 746 2306 884 2365; x_wconf 85' lang='lat' dir='ltr'><strong>igitur</strong></span> <span class='ocrx_word' id='word_1_257' title='bbox 901 2321 1000 2351; x_wconf 90' lang='lat' dir='ltr'><strong>esse</strong></span> <span class='ocrx_word' id='word_1_258' title='bbox 1019 2306 1404 2365; x_wconf 89' lang='lat' dir='ltr'><strong>multiplicitatem</strong></span> <span class='ocrx_word' id='word_1_259' title='bbox 1425 2316 1469 2350; x_wconf 90' lang='lat' dir='ltr'><strong>et</strong></span> <span class='ocrx_word' id='word_1_260' title='bbox 1483 2307 1753 2350; x_wconf 87' lang='lat' dir='ltr'><strong>varietatem</strong></span> <span class='ocrx_word' id='word_1_261' title='bbox 1770 2307 1817 2349; x_wconf 90' lang='lat' dir='ltr'><strong>in</strong></span> <span class='ocrx_word' id='word_1_262' title='bbox 1833 2305 1966 2350; x_wconf 90' lang='lat' dir='ltr'><strong>rebus</strong></span> <span class='ocrx_word' id='word_1_263' title='bbox 1984 2305 2160 2361; x_wconf 86' lang='lat' dir='ltr'><strong>creatis,</strong></span> <span class='ocrx_word' id='word_1_264' title='bbox 2185 2305 2242 2350; x_wconf 88' lang='lat' dir='ltr'><strong>ad</strong></span> 
     </span>
    </p>
   </div>
   <div class='ocr_carea' id='block_1_8' title="bbox 274 2371 2250 3641">
    <p class='ocr_par' dir='ltr' id='par_1_9' title="bbox 274 2371 2242 2431">
     <span class='ocr_line' id='line_1_29' title="bbox 274 2371 2242 2431; baseline 0.001 -15"><span class='ocrx_word' id='word_1_265' title='bbox 274 2373 366 2417; x_wconf 89' lang='lat' dir='ltr'><strong>hoc</strong></span> <span class='ocrx_word' id='word_1_266' title='bbox 394 2372 516 2431; x_wconf 91' lang='lat' dir='ltr'><strong>quod</strong></span> <span class='ocrx_word' id='word_1_267' title='bbox 538 2373 814 2416; x_wconf 87' lang='lat' dir='ltr'><strong>inveniretur</strong></span> <span class='ocrx_word' id='word_1_268' title='bbox 840 2374 885 2416; x_wconf 91' lang='lat' dir='ltr'><strong>in</strong></span> <span class='ocrx_word' id='word_1_269' title='bbox 913 2373 977 2418; x_wconf 90' lang='lat' dir='ltr'><strong>eis</strong></span> <span class='ocrx_word' id='word_1_270' title='bbox 1003 2374 1093 2417; x_wconf 90' lang='lat' dir='ltr'><strong>Dei</strong></span> <span class='ocrx_word' id='word_1_271' title='bbox 1119 2372 1369 2417; x_wconf 88' lang='lat' dir='ltr'><strong>similitudo</strong></span> <span class='ocrx_word' id='word_1_272' title='bbox 1388 2372 1587 2431; x_wconf 90' lang='lat' dir='ltr'><strong>perfecta</strong></span> <span class='ocrx_word' id='word_1_273' title='bbox 1615 2371 1867 2416; x_wconf 89' lang='lat' dir='ltr'><strong>secundum</strong></span> <span class='ocrx_word' id='word_1_274' title='bbox 1883 2371 2078 2416; x_wconf 87' lang='lat' dir='ltr'><strong>modum</strong></span> <span class='ocrx_word' id='word_1_275' title='bbox 2093 2385 2242 2418; x_wconf 74' lang='lat' dir='ltr'><strong>suum,</strong></span> 
     </span>
    </p>

    <p class='ocr_par' dir='ltr' id='par_1_10' title="bbox 276 2439 2248 3170">
     <span class='ocr_line' id='line_1_30' title="bbox 364 2439 2245 2499; baseline 0 -15"><span class='ocrx_word' id='word_1_276' title='bbox 364 2439 597 2499; x_wconf 89' lang='lat' dir='ltr'><strong>Amplius:</strong></span> <span class='ocrx_word' id='word_1_277' title='bbox 639 2440 756 2484; x_wconf 88' lang='lat' dir='ltr'><strong>sicut</strong></span> <span class='ocrx_word' id='word_1_278' title='bbox 782 2454 834 2484; x_wconf 90' lang='lat' dir='ltr'><strong>ea</strong></span> <span class='ocrx_word' id='word_1_279' title='bbox 861 2454 977 2499; x_wconf 90' lang='lat' dir='ltr'><strong>quae</strong></span> <span class='ocrx_word' id='word_1_280' title='bbox 1006 2440 1120 2484; x_wconf 91' lang='lat' dir='ltr'><strong>fiunt</strong></span> <span class='ocrx_word' id='word_1_281' title='bbox 1146 2455 1200 2484; x_wconf 86' lang='lat' dir='ltr'><strong>ex</strong></span> <span class='ocrx_word' id='word_1_282' title='bbox 1226 2440 1417 2483; x_wconf 89' lang='lat' dir='ltr'><strong>materia</strong></span> <span class='ocrx_word' id='word_1_283' title='bbox 1448 2449 1552 2483; x_wconf 90' lang='lat' dir='ltr'><strong>sunt</strong></span> <span class='ocrx_word' id='word_1_284' title='bbox 1583 2439 1630 2482; x_wconf 92' lang='lat' dir='ltr'><strong>in</strong></span> <span class='ocrx_word' id='word_1_285' title='bbox 1668 2440 1873 2498; x_wconf 89' lang='lat' dir='ltr'><strong>potentia</strong></span> <span class='ocrx_word' id='word_1_286' title='bbox 1899 2440 2117 2484; x_wconf 82' lang='lat' dir='ltr'><strong>materiae</strong></span> <span class='ocrx_word' id='word_1_287' title='bbox 2146 2452 2245 2498; x_wconf 80' lang='lat' dir='ltr'><strong>pas·</strong></span> 
     </span>
     <span class='ocr_line' id='line_1_31' title="bbox 276 2506 2244 2566; baseline 0 -15"><span class='ocrx_word' id='word_1_288' title='bbox 276 2508 386 2560; x_wconf 82' lang='lat' dir='ltr'><strong>siva,</strong></span> <span class='ocrx_word' id='word_1_289' title='bbox 413 2507 475 2551; x_wconf 89' lang='lat' dir='ltr'><strong>ita</strong></span> <span class='ocrx_word' id='word_1_290' title='bbox 502 2520 618 2565; x_wconf 91' lang='lat' dir='ltr'><strong>quae</strong></span> <span class='ocrx_word' id='word_1_291' title='bbox 652 2506 766 2550; x_wconf 90' lang='lat' dir='ltr'><strong>fiunt</strong></span> <span class='ocrx_word' id='word_1_292' title='bbox 797 2507 850 2550; x_wconf 91' lang='lat' dir='ltr'><strong>ab</strong></span> <span class='ocrx_word' id='word_1_293' title='bbox 880 2517 1043 2566; x_wconf 86' lang='lat' dir='ltr'><strong>agente</strong></span> <span class='ocrx_word' id='word_1_294' title='bbox 1082 2515 1262 2566; x_wconf 88' lang='lat' dir='ltr'><strong>oportet</strong></span> <span class='ocrx_word' id='word_1_295' title='bbox 1290 2520 1388 2551; x_wconf 92' lang='lat' dir='ltr'><strong>esse</strong></span> <span class='ocrx_word' id='word_1_296' title='bbox 1421 2506 1468 2550; x_wconf 88' lang='lat' dir='ltr'><strong>in</strong></span> <span class='ocrx_word' id='word_1_297' title='bbox 1494 2506 1697 2565; x_wconf 88' lang='lat' dir='ltr'><strong>potentia</strong></span> <span class='ocrx_word' id='word_1_298' title='bbox 1734 2506 1882 2551; x_wconf 88' lang='lat' dir='ltr'><strong>activa</strong></span> <span class='ocrx_word' id='word_1_299' title='bbox 1914 2506 2244 2566; x_wconf 78' lang='lat' dir='ltr'><strong>agentis.&#39;Non</strong></span> 
     </span>
     <span class='ocr_line' id='line_1_32' title="bbox 277 2573 2245 2634; baseline -0.001 -16"><span class='ocrx_word' id='word_1_300' title='bbox 277 2574 650 2631; x_wconf 86' lang='lat' dir='ltr'><strong>autempotentia</strong></span> <span class='ocrx_word' id='word_1_301' title='bbox 677 2574 855 2633; x_wconf 87' lang='lat' dir='ltr'><strong>passiva</strong></span> <span class='ocrx_word' id='word_1_302' title='bbox 881 2574 1098 2618; x_wconf 88' lang='lat' dir='ltr'><strong>materiae</strong></span> <span class='ocrx_word' id='word_1_303' title='bbox 1126 2573 1323 2634; x_wconf 89' lang='lat' dir='ltr'><strong>perfecte</strong></span> <span class='ocrx_word' id='word_1_304' title='bbox 1350 2573 1641 2618; x_wconf 89' lang='lat' dir='ltr'><strong>reduceretur</strong></span> <span class='ocrx_word' id='word_1_305' title='bbox 1662 2573 1708 2617; x_wconf 92' lang='lat' dir='ltr'><strong>in</strong></span> <span class='ocrx_word' id='word_1_306' title='bbox 1736 2583 1903 2629; x_wconf 87' lang='lat' dir='ltr'><strong>actum,</strong></span> <span class='ocrx_word' id='word_1_307' title='bbox 1925 2575 1963 2618; x_wconf 88' lang='lat' dir='ltr'><strong>si</strong></span> <span class='ocrx_word' id='word_1_308' title='bbox 1980 2588 2035 2619; x_wconf 79' lang='lat' dir='ltr'><strong>ex</strong></span> <span class='ocrx_word' id='word_1_309' title='bbox 2052 2573 2245 2619; x_wconf 87' lang='lat' dir='ltr'><strong>materia</strong></span> 
     </span>
     <span class='ocr_line' id='line_1_33' title="bbox 276 2640 2244 2701; baseline 0 -17"><span class='ocrx_word' id='word_1_310' title='bbox 276 2641 406 2685; x_wconf 88' lang='lat' dir='ltr'><strong>fieret</strong></span> <span class='ocrx_word' id='word_1_311' title='bbox 432 2655 574 2684; x_wconf 90' lang='lat' dir='ltr'><strong>unum</strong></span> <span class='ocrx_word' id='word_1_312' title='bbox 599 2649 778 2684; x_wconf 89' lang='lat' dir='ltr'><strong>tantum</strong></span> <span class='ocrx_word' id='word_1_313' title='bbox 806 2654 967 2684; x_wconf 90' lang='lat' dir='ltr'><strong>eorum</strong></span> <span class='ocrx_word' id='word_1_314' title='bbox 1002 2641 1057 2684; x_wconf 91' lang='lat' dir='ltr'><strong>ad</strong></span> <span class='ocrx_word' id='word_1_315' title='bbox 1084 2655 1200 2700; x_wconf 89' lang='lat' dir='ltr'><strong>quae</strong></span> <span class='ocrx_word' id='word_1_316' title='bbox 1228 2640 1418 2685; x_wconf 89' lang='lat' dir='ltr'><strong>materia</strong></span> <span class='ocrx_word' id='word_1_317' title='bbox 1445 2650 1512 2684; x_wconf 91' lang='lat' dir='ltr'><strong>est</strong></span> <span class='ocrx_word' id='word_1_318' title='bbox 1537 2640 1582 2683; x_wconf 90' lang='lat' dir='ltr'><strong>in</strong></span> <span class='ocrx_word' id='word_1_319' title='bbox 1609 2642 1824 2699; x_wconf 87' lang='lat' dir='ltr'><strong>potentia.</strong></span> <span class='ocrx_word' id='word_1_320' title='bbox 1858 2640 1980 2700; x_wconf 87' lang='lat' dir='ltr'><strong>Ergo</strong></span> <span class='ocrx_word' id='word_1_321' title='bbox 2013 2641 2052 2685; x_wconf 90' lang='lat' dir='ltr'><strong>si</strong></span> <span class='ocrx_word' id='word_1_322' title='bbox 2081 2640 2244 2701; x_wconf 84' lang='lat' dir='ltr'><strong>aliquis</strong></span> 
     </span>
     <span class='ocr_line' id='line_1_34' title="bbox 279 2706 2246 2766; baseline 0 -15"><span class='ocrx_word' id='word_1_323' title='bbox 279 2722 418 2766; x_wconf 88' lang='lat' dir='ltr'><strong>agens</strong></span> <span class='ocrx_word' id='word_1_324' title='bbox 453 2709 579 2766; x_wconf 74' lang='lat' dir='ltr'><strong>quus</strong></span> <span class='ocrx_word' id='word_1_325' title='bbox 611 2709 815 2766; x_wconf 86' lang='lat' dir='ltr'><strong>potentia</strong></span> <span class='ocrx_word' id='word_1_326' title='bbox 838 2717 904 2752; x_wconf 92' lang='lat' dir='ltr'><strong>est</strong></span> <span class='ocrx_word' id='word_1_327' title='bbox 932 2708 987 2751; x_wconf 91' lang='lat' dir='ltr'><strong>ad</strong></span> <span class='ocrx_word' id='word_1_328' title='bbox 1013 2707 1164 2766; x_wconf 89' lang='lat' dir='ltr'><strong>plures</strong></span> <span class='ocrx_word' id='word_1_329' title='bbox 1182 2708 1368 2752; x_wconf 87' lang='lat' dir='ltr'><strong>effectus</strong></span> <span class='ocrx_word' id='word_1_330' title='bbox 1394 2707 1562 2752; x_wconf 90' lang='lat' dir='ltr'><strong>faceret</strong></span> <span class='ocrx_word' id='word_1_331' title='bbox 1589 2722 1730 2751; x_wconf 89' lang='lat' dir='ltr'><strong>unum</strong></span> <span class='ocrx_word' id='word_1_332' title='bbox 1748 2706 1933 2752; x_wconf 90' lang='lat' dir='ltr'><strong>illorum</strong></span> <span class='ocrx_word' id='word_1_333' title='bbox 1957 2716 2151 2761; x_wconf 89' lang='lat' dir='ltr'><strong>tantum,</strong></span> <span class='ocrx_word' id='word_1_334' title='bbox 2168 2721 2246 2766; x_wconf 90' lang='lat' dir='ltr'><strong>po·</strong></span> 
     </span>
     <span class='ocr_line' id='line_1_35' title="bbox 276 2773 2246 2834; baseline -0.001 -15"><span class='ocrx_word' id='word_1_335' title='bbox 276 2775 417 2820; x_wconf 89' lang='lat' dir='ltr'><strong>tentia</strong></span> <span class='ocrx_word' id='word_1_336' title='bbox 443 2775 539 2833; x_wconf 90' lang='lat' dir='ltr'><strong>ejus</strong></span> <span class='ocrx_word' id='word_1_337' title='bbox 564 2789 659 2818; x_wconf 90' lang='lat' dir='ltr'><strong>non</strong></span> <span class='ocrx_word' id='word_1_338' title='bbox 681 2774 743 2819; x_wconf 85' lang='lat' dir='ltr'><strong>ita</strong></span> <span class='ocrx_word' id='word_1_339' title='bbox 771 2774 999 2834; x_wconf 90' lang='lat' dir='ltr'><strong>complete</strong></span> <span class='ocrx_word' id='word_1_340' title='bbox 1026 2775 1314 2820; x_wconf 88' lang='lat' dir='ltr'><strong>reduceretur</strong></span> <span class='ocrx_word' id='word_1_341' title='bbox 1340 2775 1386 2818; x_wconf 91' lang='lat' dir='ltr'><strong>in</strong></span> <span class='ocrx_word' id='word_1_342' title='bbox 1414 2785 1567 2819; x_wconf 89' lang='lat' dir='ltr'><strong>actum</strong></span> <span class='ocrx_word' id='word_1_343' title='bbox 1585 2774 1702 2819; x_wconf 91' lang='lat' dir='ltr'><strong>sicut</strong></span> <span class='ocrx_word' id='word_1_344' title='bbox 1718 2788 1859 2834; x_wconf 89' lang='lat' dir='ltr'><strong>quum</strong></span> <span class='ocrx_word' id='word_1_345' title='bbox 1874 2773 1983 2819; x_wconf 86' lang='lat' dir='ltr'><strong>facit</strong></span> <span class='ocrx_word' id='word_1_346' title='bbox 1997 2773 2140 2834; x_wconf 84' lang='lat' dir='ltr'><strong>plura.</strong></span> <span class='ocrx_word' id='word_1_347' title='bbox 2156 2774 2246 2819; x_wconf 88' lang='lat' dir='ltr'><strong>Per</strong></span> 
     </span>
     <span class='ocr_line' id='line_1_36' title="bbox 276 2842 2247 2902; baseline 0.001 -16"><span class='ocrx_word' id='word_1_348' title='bbox 276 2843 368 2886; x_wconf 93' lang='lat' dir='ltr'><strong>hoc</strong></span> <span class='ocrx_word' id='word_1_349' title='bbox 396 2852 548 2886; x_wconf 90' lang='lat' dir='ltr'><strong>autem</strong></span> <span class='ocrx_word' id='word_1_350' title='bbox 577 2842 699 2900; x_wconf 92' lang='lat' dir='ltr'><strong>quod</strong></span> <span class='ocrx_word' id='word_1_351' title='bbox 726 2843 929 2901; x_wconf 87' lang='lat' dir='ltr'><strong>potentia</strong></span> <span class='ocrx_word' id='word_1_352' title='bbox 956 2843 1104 2886; x_wconf 86' lang='lat' dir='ltr'><strong>activa</strong></span> <span class='ocrx_word' id='word_1_353' title='bbox 1130 2843 1361 2887; x_wconf 87' lang='lat' dir='ltr'><strong>reducitur</strong></span> <span class='ocrx_word' id='word_1_354' title='bbox 1393 2843 1439 2886; x_wconf 90' lang='lat' dir='ltr'><strong>in</strong></span> <span class='ocrx_word' id='word_1_355' title='bbox 1466 2853 1634 2896; x_wconf 88' lang='lat' dir='ltr'><strong>actum,</strong></span> <span class='ocrx_word' id='word_1_356' title='bbox 1661 2842 1850 2887; x_wconf 84' lang='lat' dir='ltr'><strong>effectus</strong></span> <span class='ocrx_word' id='word_1_357' title='bbox 1877 2842 2169 2902; x_wconf 86' lang='lat' dir='ltr'><strong>consequitur</strong></span> <span class='ocrx_word' id='word_1_358' title='bbox 2192 2842 2247 2888; x_wconf 89' lang='lat' dir='ltr'><strong>si-</strong></span> 
     </span>
     <span class='ocr_line' id='line_1_37' title="bbox 279 2908 2248 2968; baseline 0.001 -15"><span class='ocrx_word' id='word_1_359' title='bbox 279 2909 582 2953; x_wconf 89' lang='lat' dir='ltr'><strong>militudinem</strong></span> <span class='ocrx_word' id='word_1_360' title='bbox 610 2909 797 2967; x_wconf 89' lang='lat' dir='ltr'><strong>agentis.</strong></span> <span class='ocrx_word' id='word_1_361' title='bbox 823 2909 947 2968; x_wconf 77' lang='lat' dir='ltr'><strong>Ergo</strong></span> <span class='ocrx_word' id='word_1_362' title='bbox 972 2923 1067 2953; x_wconf 90' lang='lat' dir='ltr'><strong>non</strong></span> <span class='ocrx_word' id='word_1_363' title='bbox 1095 2919 1213 2954; x_wconf 91' lang='lat' dir='ltr'><strong>esset</strong></span> <span class='ocrx_word' id='word_1_364' title='bbox 1247 2909 1448 2968; x_wconf 92' lang='lat' dir='ltr'><strong>perfecta</strong></span> <span class='ocrx_word' id='word_1_365' title='bbox 1473 2909 1562 2953; x_wconf 89' lang='lat' dir='ltr'><strong>Dei</strong></span> <span class='ocrx_word' id='word_1_366' title='bbox 1597 2908 1852 2954; x_wconf 90' lang='lat' dir='ltr'><strong>similitudo</strong></span> <span class='ocrx_word' id='word_1_367' title='bbox 1877 2910 1924 2954; x_wconf 89' lang='lat' dir='ltr'><strong>in</strong></span> <span class='ocrx_word' id='word_1_368' title='bbox 1950 2909 2178 2964; x_wconf 84' lang='lat' dir='ltr'><strong>universo,</strong></span> <span class='ocrx_word' id='word_1_369' title='bbox 2207 2909 2248 2954; x_wconf 89' lang='lat' dir='ltr'><strong>si</strong></span> 
     </span>
     <span class='ocr_line' id='line_1_38' title="bbox 281 2975 2245 3035; baseline -0.001 -14"><span class='ocrx_word' id='word_1_370' title='bbox 281 2986 398 3021; x_wconf 87' lang='lat' dir='ltr'><strong>esset</strong></span> <span class='ocrx_word' id='word_1_371' title='bbox 423 2990 539 3020; x_wconf 89' lang='lat' dir='ltr'><strong>unus</strong></span> <span class='ocrx_word' id='word_1_372' title='bbox 565 2986 742 3020; x_wconf 84' lang='lat' dir='ltr'><strong>tantum</strong></span> <span class='ocrx_word' id='word_1_373' title='bbox 771 2976 936 3035; x_wconf 88' lang='lat' dir='ltr'><strong>gradus</strong></span> <span class='ocrx_word' id='word_1_374' title='bbox 964 2977 1173 3020; x_wconf 89' lang='lat' dir='ltr'><strong>omnium</strong></span> <span class='ocrx_word' id='word_1_375' title='bbox 1201 2977 1387 3021; x_wconf 90' lang='lat' dir='ltr'><strong>entium.</strong></span> <span class='ocrx_word' id='word_1_376' title='bbox 1415 2976 1606 3034; x_wconf 90' lang='lat' dir='ltr'><strong>Propter</strong></span> <span class='ocrx_word' id='word_1_377' title='bbox 1632 2977 1722 3020; x_wconf 93' lang='lat' dir='ltr'><strong>hoc</strong></span> <span class='ocrx_word' id='word_1_378' title='bbox 1748 2976 1886 3035; x_wconf 87' lang='lat' dir='ltr'><strong>igitur</strong></span> <span class='ocrx_word' id='word_1_379' title='bbox 1916 2986 1985 3021; x_wconf 90' lang='lat' dir='ltr'><strong>est</strong></span> <span class='ocrx_word' id='word_1_380' title='bbox 2015 2975 2245 3021; x_wconf 89' lang='lat' dir='ltr'><strong>distinctio</strong></span> 
     </span>
     <span class='ocr_line' id='line_1_39' title="bbox 279 3041 2247 3103; baseline 0 -16"><span class='ocrx_word' id='word_1_381' title='bbox 279 3044 325 3087; x_wconf 87' lang='lat' dir='ltr'><strong>in</strong></span> <span class='ocrx_word' id='word_1_382' title='bbox 351 3043 483 3088; x_wconf 92' lang='lat' dir='ltr'><strong>rebus</strong></span> <span class='ocrx_word' id='word_1_383' title='bbox 510 3042 687 3097; x_wconf 89' lang='lat' dir='ltr'><strong>creatis,</strong></span> <span class='ocrx_word' id='word_1_384' title='bbox 703 3053 751 3087; x_wconf 89' lang='lat' dir='ltr'><strong>ut</strong></span> <span class='ocrx_word' id='word_1_385' title='bbox 768 3042 1010 3102; x_wconf 90' lang='lat' dir='ltr'><strong>perfectius</strong></span> <span class='ocrx_word' id='word_1_386' title='bbox 1028 3044 1114 3088; x_wconf 90' lang='lat' dir='ltr'><strong>Dei</strong></span> <span class='ocrx_word' id='word_1_387' title='bbox 1132 3043 1478 3087; x_wconf 88' lang='lat' dir='ltr'><strong>similitudinem</strong></span> <span class='ocrx_word' id='word_1_388' title='bbox 1497 3052 1836 3102; x_wconf 86' lang='lat' dir='ltr'><strong>consequantur</strong></span> <span class='ocrx_word' id='word_1_389' title='bbox 1852 3056 1932 3102; x_wconf 90' lang='lat' dir='ltr'><strong>per</strong></span> <span class='ocrx_word' id='word_1_390' title='bbox 1949 3041 2093 3087; x_wconf 88' lang='lat' dir='ltr'><strong>multa</strong></span> <span class='ocrx_word' id='word_1_391' title='bbox 2108 3056 2247 3103; x_wconf 90' lang='lat' dir='ltr'><strong>quam</strong></span> 
     </span>
     <span class='ocr_line' id='line_1_40' title="bbox 280 3109 542 3170; baseline 0 -16"><span class='ocrx_word' id='word_1_392' title='bbox 280 3109 360 3170; x_wconf 84' lang='lat' dir='ltr'><strong>per</strong></span> <span class='ocrx_word' id='word_1_393' title='bbox 386 3125 542 3154; x_wconf 89' lang='lat' dir='ltr'><strong>unum.</strong></span> 
     </span>
    </p>

    <p class='ocr_par' dir='ltr' id='par_1_11' title="bbox 282 3175 2250 3641">
     <span class='ocr_line' id='line_1_41' title="bbox 370 3175 2247 3237; baseline -0.001 -15"><span class='ocrx_word' id='word_1_394' title='bbox 370 3177 561 3222; x_wconf 88' lang='lat' dir='ltr'><strong>Adhuc:</strong></span> <span class='ocrx_word' id='word_1_395' title='bbox 596 3187 767 3236; x_wconf 88' lang='lat' dir='ltr'><strong>quanto</strong></span> <span class='ocrx_word' id='word_1_396' title='bbox 795 3177 963 3236; x_wconf 89' lang='lat' dir='ltr'><strong>aliquid</strong></span> <span class='ocrx_word' id='word_1_397' title='bbox 996 3178 1043 3221; x_wconf 92' lang='lat' dir='ltr'><strong>in</strong></span> <span class='ocrx_word' id='word_1_398' title='bbox 1076 3177 1277 3235; x_wconf 87' lang='lat' dir='ltr'><strong>pluribus</strong></span> <span class='ocrx_word' id='word_1_399' title='bbox 1311 3187 1379 3222; x_wconf 91' lang='lat' dir='ltr'><strong>est</strong></span> <span class='ocrx_word' id='word_1_400' title='bbox 1414 3177 1516 3221; x_wconf 91' lang='lat' dir='ltr'><strong>Deo</strong></span> <span class='ocrx_word' id='word_1_401' title='bbox 1555 3176 1718 3231; x_wconf 87' lang='lat' dir='ltr'><strong>simile,</strong></span> <span class='ocrx_word' id='word_1_402' title='bbox 1754 3186 1882 3222; x_wconf 87' lang='lat' dir='ltr'><strong>tanto</strong></span> <span class='ocrx_word' id='word_1_403' title='bbox 1917 3175 2159 3237; x_wconf 83' lang='lat' dir='ltr'><strong>perfectius</strong></span> <span class='ocrx_word' id='word_1_404' title='bbox 2191 3175 2247 3221; x_wconf 92' lang='lat' dir='ltr'><strong>ad</strong></span> 
     </span>
     <span class='ocr_line' id='line_1_42' title="bbox 282 3242 2248 3303; baseline 0 -15"><span class='ocrx_word' id='word_1_405' title='bbox 282 3246 377 3303; x_wconf 86' lang='lat' dir='ltr'><strong>ejus</strong></span> <span class='ocrx_word' id='word_1_406' title='bbox 404 3244 747 3288; x_wconf 88' lang='lat' dir='ltr'><strong>similitudinem</strong></span> <span class='ocrx_word' id='word_1_407' title='bbox 777 3245 965 3288; x_wconf 89' lang='lat' dir='ltr'><strong>accedit.</strong></span> <span class='ocrx_word' id='word_1_408' title='bbox 993 3245 1044 3288; x_wconf 91' lang='lat' dir='ltr'><strong>In</strong></span> <span class='ocrx_word' id='word_1_409' title='bbox 1070 3245 1173 3288; x_wconf 90' lang='lat' dir='ltr'><strong>Deo</strong></span> <span class='ocrx_word' id='word_1_410' title='bbox 1208 3254 1360 3288; x_wconf 89' lang='lat' dir='ltr'><strong>autem</strong></span> <span class='ocrx_word' id='word_1_411' title='bbox 1388 3254 1456 3288; x_wconf 90' lang='lat' dir='ltr'><strong>est</strong></span> <span class='ocrx_word' id='word_1_412' title='bbox 1480 3244 1659 3288; x_wconf 90' lang='lat' dir='ltr'><strong>bonitas</strong></span> <span class='ocrx_word' id='word_1_413' title='bbox 1686 3255 1730 3288; x_wconf 92' lang='lat' dir='ltr'><strong>et</strong></span> <span class='ocrx_word' id='word_1_414' title='bbox 1756 3243 1936 3289; x_wconf 87' lang='lat' dir='ltr'><strong>diffusio</strong></span> <span class='ocrx_word' id='word_1_415' title='bbox 1962 3242 2177 3288; x_wconf 80' lang='lat' dir='ltr'><strong>bonitatis</strong></span> <span class='ocrx_word' id='word_1_416' title='bbox 2200 3243 2248 3288; x_wconf 80' lang='lat' dir='ltr'><strong>iri</strong></span> 
     </span>
     <span class='ocr_line' id='line_1_43' title="bbox 283 3309 2247 3370; baseline 0 -15"><span class='ocrx_word' id='word_1_417' title='bbox 283 3311 384 3355; x_wconf 89' lang='lat' dir='ltr'><strong>alia.</strong></span> <span class='ocrx_word' id='word_1_418' title='bbox 412 3311 660 3356; x_wconf 90' lang='lat' dir='ltr'><strong>Perfectius</strong></span> <span class='ocrx_word' id='word_1_419' title='bbox 686 3312 823 3370; x_wconf 85' lang='lat' dir='ltr'><strong>igitur</strong></span> <span class='ocrx_word' id='word_1_420' title='bbox 849 3311 1026 3355; x_wconf 89' lang='lat' dir='ltr'><strong>accedit</strong></span> <span class='ocrx_word' id='word_1_421' title='bbox 1051 3325 1123 3355; x_wconf 91' lang='lat' dir='ltr'><strong>res</strong></span> <span class='ocrx_word' id='word_1_422' title='bbox 1150 3320 1300 3355; x_wconf 90' lang='lat' dir='ltr'><strong>creata</strong></span> <span class='ocrx_word' id='word_1_423' title='bbox 1328 3311 1383 3355; x_wconf 87' lang='lat' dir='ltr'><strong>ad</strong></span> <span class='ocrx_word' id='word_1_424' title='bbox 1410 3311 1498 3355; x_wconf 90' lang='lat' dir='ltr'><strong>Dei</strong></span> <span class='ocrx_word' id='word_1_425' title='bbox 1524 3310 1883 3366; x_wconf 90' lang='lat' dir='ltr'><strong>similitudinem,</strong></span> <span class='ocrx_word' id='word_1_426' title='bbox 1908 3311 1948 3356; x_wconf 88' lang='lat' dir='ltr'><strong>si</strong></span> <span class='ocrx_word' id='word_1_427' title='bbox 1980 3324 2075 3356; x_wconf 90' lang='lat' dir='ltr'><strong>non</strong></span> <span class='ocrx_word' id='word_1_428' title='bbox 2096 3309 2247 3356; x_wconf 71' lang='lat' dir='ltr'><strong>solum</strong></span> 
     </span>
     <span class='ocr_line' id='line_1_44' title="bbox 283 3377 2247 3438; baseline 0.001 -17"><span class='ocrx_word' id='word_1_429' title='bbox 283 3379 403 3422; x_wconf 90' lang='lat' dir='ltr'><strong>bona</strong></span> <span class='ocrx_word' id='word_1_430' title='bbox 430 3389 510 3432; x_wconf 90' lang='lat' dir='ltr'><strong>est,</strong></span> <span class='ocrx_word' id='word_1_431' title='bbox 537 3379 615 3423; x_wconf 90' lang='lat' dir='ltr'><strong>sed</strong></span> <span class='ocrx_word' id='word_1_432' title='bbox 650 3381 787 3423; x_wconf 90' lang='lat' dir='ltr'><strong>etiam</strong></span> <span class='ocrx_word' id='word_1_433' title='bbox 816 3380 870 3422; x_wconf 92' lang='lat' dir='ltr'><strong>ad</strong></span> <span class='ocrx_word' id='word_1_434' title='bbox 903 3379 1155 3423; x_wconf 88' lang='lat' dir='ltr'><strong>bonitatem</strong></span> <span class='ocrx_word' id='word_1_435' title='bbox 1191 3378 1387 3423; x_wconf 87' lang='lat' dir='ltr'><strong>aliorum</strong></span> <span class='ocrx_word' id='word_1_436' title='bbox 1425 3392 1558 3437; x_wconf 89' lang='lat' dir='ltr'><strong>agere</strong></span> <span class='ocrx_word' id='word_1_437' title='bbox 1591 3389 1754 3437; x_wconf 90' lang='lat' dir='ltr'><strong>potest,</strong></span> <span class='ocrx_word' id='word_1_438' title='bbox 1786 3392 1926 3438; x_wconf 87' lang='lat' dir='ltr'><strong>quam</strong></span> <span class='ocrx_word' id='word_1_439' title='bbox 1952 3378 1990 3424; x_wconf 84' lang='lat' dir='ltr'><strong>si</strong></span> <span class='ocrx_word' id='word_1_440' title='bbox 2019 3377 2172 3423; x_wconf 83' lang='lat' dir='ltr'><strong>solum</strong></span> <span class='ocrx_word' id='word_1_441' title='bbox 2200 3377 2247 3422; x_wconf 85' lang='lat' dir='ltr'><strong>in</strong></span> 
     </span>
     <span class='ocr_line' id='line_1_45' title="bbox 285 3438 2250 3506; baseline -0.001 -17"><span class='ocrx_word' id='word_1_442' title='bbox 285 3460 333 3489; x_wconf 90' lang='lat' dir='ltr'><strong>se</strong></span> <span class='ocrx_word' id='word_1_443' title='bbox 359 3447 480 3489; x_wconf 91' lang='lat' dir='ltr'><strong>bona</strong></span> <span class='ocrx_word' id='word_1_444' title='bbox 508 3456 650 3501; x_wconf 89' lang='lat' dir='ltr'><strong>esset;</strong></span> <span class='ocrx_word' id='word_1_445' title='bbox 684 3448 800 3491; x_wconf 85' lang='lat' dir='ltr'><strong>sicut</strong></span> <span class='ocrx_word' id='word_1_446' title='bbox 825 3446 1016 3491; x_wconf 88' lang='lat' dir='ltr'><strong>similius</strong></span> <span class='ocrx_word' id='word_1_447' title='bbox 1037 3455 1104 3490; x_wconf 89' lang='lat' dir='ltr'><strong>est</strong></span> <span class='ocrx_word' id='word_1_448' title='bbox 1119 3445 1207 3490; x_wconf 89' lang='lat' dir='ltr'><strong>soli</strong></span> <span class='ocrx_word' id='word_1_449' title='bbox 1229 3446 1350 3505; x_wconf 89' lang='lat' dir='ltr'><strong>quod</strong></span> <span class='ocrx_word' id='word_1_450' title='bbox 1373 3444 1495 3489; x_wconf 88' lang='lat' dir='ltr'><strong>lucet</strong></span> <span class='ocrx_word' id='word_1_451' title='bbox 1511 3456 1556 3490; x_wconf 86' lang='lat' dir='ltr'><strong>et</strong></span> <span class='ocrx_word' id='word_1_452' title='bbox 1574 3445 1815 3501; x_wconf 86' lang='lat' dir='ltr'><strong>illuminat,</strong></span> <span class='ocrx_word' id='word_1_453' title='bbox 1833 3438 1972 3506; x_wconf 65' lang='lat' dir='ltr'><strong>q&#39;uam</strong></span> <span class='ocrx_word' id='word_1_454' title='bbox 1987 3445 2110 3504; x_wconf 87' lang='lat' dir='ltr'><strong>quod</strong></span> <span class='ocrx_word' id='word_1_455' title='bbox 2127 3443 2250 3489; x_wconf 83' lang='lat' dir='ltr'><strong>lucet</strong></span> 
     </span>
     <span class='ocr_line' id='line_1_46' title="bbox 286 3512 2247 3573; baseline -0.001 -16"><span class='ocrx_word' id='word_1_456' title='bbox 286 3522 477 3557; x_wconf 89' lang='lat' dir='ltr'><strong>tantum.</strong></span> <span class='ocrx_word' id='word_1_457' title='bbox 508 3513 616 3557; x_wconf 90' lang='lat' dir='ltr'><strong>Non</strong></span> <span class='ocrx_word' id='word_1_458' title='bbox 650 3524 802 3558; x_wconf 88' lang='lat' dir='ltr'><strong>autem</strong></span> <span class='ocrx_word' id='word_1_459' title='bbox 834 3523 990 3573; x_wconf 89' lang='lat' dir='ltr'><strong>posset</strong></span> <span class='ocrx_word' id='word_1_460' title='bbox 1021 3522 1226 3558; x_wconf 87' lang='lat' dir='ltr'><strong>creatura</strong></span> <span class='ocrx_word' id='word_1_461' title='bbox 1259 3512 1315 3557; x_wconf 89' lang='lat' dir='ltr'><strong>ad</strong></span> <span class='ocrx_word' id='word_1_462' title='bbox 1346 3512 1598 3557; x_wconf 86' lang='lat' dir='ltr'><strong>bonitatem</strong></span> <span class='ocrx_word' id='word_1_463' title='bbox 1632 3512 1815 3557; x_wconf 86' lang='lat' dir='ltr'><strong>alterius</strong></span> <span class='ocrx_word' id='word_1_464' title='bbox 1838 3521 2071 3558; x_wconf 76' lang='lat' dir='ltr'><strong>creaturae</strong></span> <span class='ocrx_word' id='word_1_465' title='bbox 2097 3524 2247 3570; x_wconf 84' lang='lat' dir='ltr'><strong>agere,</strong></span> 
     </span>
     <span class='ocr_line' id='line_1_47' title="bbox 287 3574 2248 3641; baseline -0.001 -15"><span class='ocrx_word' id='word_1_466' title='bbox 287 3579 374 3626; x_wconf 90' lang='lat' dir='ltr'><strong>nisi</strong></span> <span class='ocrx_word' id='word_1_467' title='bbox 401 3590 519 3625; x_wconf 86' lang='lat' dir='ltr'><strong>esset</strong></span> <span class='ocrx_word' id='word_1_468' title='bbox 540 3581 586 3625; x_wconf 89' lang='lat' dir='ltr'><strong>in</strong></span> <span class='ocrx_word' id='word_1_469' title='bbox 613 3581 743 3625; x_wconf 89' lang='lat' dir='ltr'><strong>rebus</strong></span> <span class='ocrx_word' id='word_1_470' title='bbox 773 3581 935 3626; x_wconf 88' lang='lat' dir='ltr'><strong>creatis</strong></span> <span class='ocrx_word' id='word_1_471' title='bbox 968 3579 1199 3641; x_wconf 86' lang='lat' dir='ltr'><strong>pluralitas</strong></span> <span class='ocrx_word' id='word_1_472' title='bbox 1226 3589 1270 3625; x_wconf 90' lang='lat' dir='ltr'><strong>et</strong></span> <span class='ocrx_word' id='word_1_473' title='bbox 1299 3578 1624 3639; x_wconf 87' lang='lat' dir='ltr'><strong>inaequalitas;</strong></span> <span class='ocrx_word' id='word_1_474' title='bbox 1660 3579 1766 3640; x_wconf 88' lang='lat' dir='ltr'><strong>quia</strong></span> <span class='ocrx_word' id='word_1_475' title='bbox 1800 3591 1942 3641; x_wconf 85' lang='lat' dir='ltr'><strong>agens</strong></span> <span class='ocrx_word' id='word_1_476' title='bbox 1967 3586 2036 3626; x_wconf 81' lang='lat' dir='ltr'><strong>est</strong></span> <span class='ocrx_word' id='word_1_477' title='bbox 2067 3576 2191 3623; x_wconf 83' lang='lat' dir='ltr'><strong>aliud</strong></span> <span class='ocrx_word' id='word_1_478' title='bbox 2219 3574 2248 3624; x_wconf 76' lang='lat' dir='ltr'><strong>a</strong></span> 
     </span>
    </p>
   </div>
  </div>
 </body>
</html>
