2332 3854
803 238 956 277 Lmen
998 236 1054 276 11.
1097 233 1218 276 cm».
1258 232 1430 273 xxxn.
1993 227 2091 282 155

73 377 82 407 3
117 399 118 402 ¹
225 345 365 390 Item:
393 354 530 403 agens
558 355 639 402 per
667 339 951 387 voluntatem
985 352 1079 385 non
1114 341 1311 384 retardat
1341 348 1475 382 suum
1501 332 1785 395 propositum
1822 331 2006 390 exsequi
2039 329 2096 374 de

70 422 90 474 g>
134 404 294 472 'aliquo
318 408 545 463 faciendo,
570 408 655 453 nisi
681 417 865 467 propter
892 407 1061 466 aliquid
1086 407 1134 451 in
1158 405 1361 451 futurum
1394 410 1705 462 exspectatum
1736 398 1858 458 quod
1890 397 2095 442 nondum

67 489 94 534 13
126 477 282 525 adest.
309 477 366 522 Et
389 477 480 521 hoc
507 474 779 535 quandoque
799 484 864 519 est
891 474 937 518 in
955 475 1053 533 ipso
1080 483 1257 532 agente,
1283 472 1399 517 sicut
1415 483 1556 530 quum
1579 475 1863 526 exspectatur
1879 463 2096 525 perfectio

126 545 320 602 {virtutis
347 545 402 589 ad
431 543 674 603 agendum,
703 552 784 586 aut
807 540 1004 586 sublatio
1032 540 1223 599 alicujus
1248 537 1538 599 impedientis
1560 536 1797 588 virtutem;
1824 531 2097 591 quandoque

133 616 255 660 'vero
282 620 349 657 est
381 621 507 656 extra
533 619 759 671 agentem,
804 608 920 652 sicut
950 622 1090 667 quum
1128 615 1414 666 exspectatur
1438 601 1693 664 praesentia
1720 599 1911 658 alicujus
1942 610 2100 641 coram

80 675 83 713 .'
125 683 233 742 quo
259 679 379 725 actio
405 679 496 733 fiat,
521 677 596 722 vel
621 676 783 722 saltem
810 690 951 735 quum
979 684 1262 733 exspectatur
1288 672 1541 732 praesentia
1566 669 1757 728 alicujus
1781 665 2001 726 temporis
2023 677 2101 723 op-

144 747 342 809 portuni,
370 745 492 806 quod
518 744 725 790 nondum
753 743 892 787 adest.
917 742 966 786 Si
993 744 1113 786 enim
1141 738 1353 786 voluntas
1371 740 1427 784 sit
1454 737 1697 798 completa,
1724 734 1877 780 statim
1897 732 2101 792 potentia

57 841 71 875 1
141 814 414 874 exsequitur,
438 812 527 857 nisi
552 812 608 856 sit
633 809 833 855 defectus
858 810 905 853 in
931 810 1053 868 ipsa3
1080 808 1196 854 sicut
1221 808 1277 851 ad
1303 806 1545 866 imperium
1571 802 1820 849 voluntatis
1846 800 1999 845 statim
2026 812 2097 843 se-

65 901 67 903 ·
141 881 296 942 quitur
322 889 475 925 motus
492 878 700 931 membri,
722 877 810 921 nisi
826 876 884 920 sit
902 875 1102 920 defectus
1126 875 1355 934 potentiae
1378 873 1579 917 motivae
1597 867 1880 929 exsequentis
1896 876 2100 919 motum3

54 938 71 999 ’ς’
142 957 190 994 et
214 961 294 1008 per
317 947 409 992 hoc
446 954 570 1006 patet
594 944 732 1004 quod,
758 957 900 1002 quum
927 942 1088 1001 aliquis
1114 941 1211 985 vult
1235 941 1403 1000 aliquid
1441 939 1590 984 facere
1619 948 1663 983 et
1701 951 1795 981 non
1830 935 1984 981 statim
2009 933 2101 986 fiat,

142 1023 326 1075 oportet
351 1013 473 1073 quod
499 1011 573 1056 vel
598 1012 689 1055 hoc
722 1011 780 1055 sit
800 1020 983 1069 propter
1015 1008 1243 1053 defectum
1269 1008 1512 1067 potentiae,
1540 1006 1616 1064 qui
1642 1012 1928 1064 exspectatur
1955 1013 2104 1046 remo-

95 1107 101 1115 ·
141 1081 330 1135 vendus,
354 1079 429 1124 vel
455 1079 560 1138 quia
585 1078 797 1122 voluntas
822 1091 916 1121 non
955 1086 1022 1120 est
1048 1074 1277 1133 completa
1305 1074 1360 1118 ad
1386 1074 1476 1118 hoc
1509 1072 1783 1117 faciendum.
1801 1070 1920 1115 Dico
1949 1079 2102 1113 autem

147 1146 539 1207 complementum
576 1145 821 1190 voluntatis
854 1157 966 1197 esse,
993 1143 1176 1202 quando
1202 1142 1300 1186 vult
1331 1142 1423 1185 hoc
1462 1139 1667 1184 absolute
1705 1137 1855 1182 facere
1889 1135 2102 1181 omnibus

146 1214 321 1269 modis;
346 1213 558 1259 voluntas
586 1221 737 1256 autem
763 1210 1044 1270 incompleta
1081 1221 1161 1265 est,
1188 1209 1370 1269 quando
1399 1208 1560 1267 aliquis
1595 1221 1690 1252 non
1714 1205 1813 1250 vult
1835 1205 1985 1250 facere
2010 1203 2101 1248 hoc

149 1280 371 1335 absolute,
397 1280 476 1326 sed
504 1281 746 1325 exsistente
773 1278 922 1337 aliqua
951 1277 1213 1323 conditione
1239 1291 1356 1336 quae
1381 1274 1588 1320 nondum
1615 1274 1755 1328 adest,
1780 1272 1854 1317 vel
1888 1271 1975 1316 nisi
2006 1271 2106 1316 sub-

143 1358 291 1394 tracto
317 1347 649 1408 impedimento
676 1345 798 1405 quod
836 1345 975 1390 adest.
1019 1345 1215 1390 Constat
1256 1354 1406 1388 autem
1434 1341 1555 1402 quod
1584 1340 1800 1400 quidquid
1825 1339 1951 1384 Deus
1982 1351 2104 1382 nunc

45 1410 63 1480 J
139 1412 242 1460 vult
265 1414 389 1475 quod
415 1414 486 1468 sit,
513 1414 567 1459 ab
595 1423 781 1458 aeterno
808 1411 954 1456 voluit
979 1412 1102 1471 quod
1127 1414 1207 1466 sit;
1233 1425 1328 1455 non
1354 1410 1478 1455 enim
1505 1423 1652 1453 novus
1678 1417 1831 1452 motus
1856 1404 2104 1452 voluntatis

54 1477 67 1486 ’
145 1483 190 1529 ei
221 1481 434 1527 advenire
459 1491 623 1540 potest,
655 1494 740 1525 nec
767 1480 928 1539 aliquis
970 1478 1171 1523 defectus
1209 1478 1281 1522 vel
1322 1477 1702 1537 impedimentum
1737 1474 1967 1535 potentiae
2007 1473 2105 1532 ejus

58 1535 63 1560 ⁷
136 1549 304 1594 'adesse
321 1549 482 1608 potuit,
498 1545 572 1592 vel
590 1546 758 1606 aliquid
784 1546 905 1591 aliud
932 1545 1183 1605 exspectari
1208 1545 1354 1604 potuit
1380 1544 1436 1588 ad
1462 1542 1729 1587 universalis
1754 1551 1987 1587 creaturae
2006 1553 2107 1599 pro-

149 1615 429 1670 ductionem,
448 1628 589 1674 quum
605 1613 718 1658 nihil
733 1613 855 1658 aliud
873 1614 930 1657 sit
945 1613 1195 1657 increatum
1210 1611 1296 1656 nisi
1318 1613 1414 1670 ipse
1435 1610 1575 1664 solus,
1593 1619 1642 1654 ut
1657 1623 1791 1668 supra
1813 1610 1874 1667 (c.
1893 1607 1933 1652 6.
1953 1617 1997 1652 et
2017 1606 2105 1663 15.)

148 1692 385 1729 ostensum
411 1691 491 1727 est.
516 1681 841 1726 Necessarium
866 1681 1002 1739 igitur
1016 1679 1194 1724 videtur
1218 1679 1341 1738 quod
1369 1679 1422 1722 ab
1450 1687 1636 1722 aeterno
1665 1686 1917 1721 creaturam
1938 1675 1986 1719 in
2008 1688 2106 1719 esse

141 1747 424 1810 produxerit.

238 1817 503 1862 Praeterea:
531 1829 671 1876 agens
697 1829 778 1875 per
802 1813 1086 1860 intellectum
1111 1827 1205 1858 non
1231 1812 1469 1873 praeeligit
1494 1825 1636 1857 unum
1663 1810 1793 1855 alteri
1817 1810 1904 1854 nisi
1921 1818 2107 1869 propter

151 1884 559 1946 praeeminentiam
581 1884 713 1928 unius
737 1883 791 1927 ad
825 1881 1030 1926 alterum.
1065 1880 1156 1926 Sed
1187 1881 1264 1924 ubi
1294 1879 1419 1924 nulla
1452 1890 1518 1924 est
1543 1878 1807 1933 differentia,
1838 1891 1934 1922 non
1959 1885 2108 1936 potest

150 1965 249 1998 esse
274 1951 646 2011 praeeminentia.
673 1949 766 1994 Ubi
791 1940 927 2008 igitur
951 1948 1075 1993 nulla
1103 1958 1171 1993 est
1196 1947 1463 2003 differentia,
1488 1961 1582 1991 non
1605 1946 1655 1990 fit
1674 1944 1948 2006 praeelectio
1974 1943 2106 1987 unius

152 2019 208 2064 ad
236 2018 454 2073 alterum3
480 2027 526 2063 et
564 2027 750 2078 propter
773 2017 880 2071 hoc,
908 2016 961 2060 ab
990 2026 1151 2075 agente
1179 2017 1235 2059 ad
1266 2008 1530 2060 utrumlibet
1564 2028 1612 2058 se
1638 2013 1836 2058 habente
1861 2010 2109 2071 aequaliter

153 2085 280 2132 nulla
306 2087 391 2131 erit
425 2085 560 2140 actio,
590 2084 707 2129 sicut
736 2097 822 2128 nec
849 2098 874 2128 a
901 2083 1113 2138 materia3
1139 2081 1241 2127 talis
1269 2083 1393 2127 enim
1425 2081 1627 2140 potentia
1654 2079 1928 2125 assimilatur
1944 2082 2107 2138 ‘poten-

143 2156 235 2200 tiae
274 2153 508 2199 materiae.
549 2152 805 2197 Non-entis
843 2161 995 2197 autern
1029 2152 1085 2196 ad
1116 2165 1307 2196 non-ens
1350 2150 1475 2195 nulla
1517 2159 1667 2208 potest
1703 2162 1801 2194 esse
1842 2147 2106 2192 differentia.

146 2221 304 2266 Unum
336 2221 476 2280 igitur
505 2234 699 2265 non—ens
723 2234 819 2264 non
845 2229 912 2264 est
939 2219 1067 2264 alteri
1092 2217 1415 2278 praeeligibile.
1445 2218 1739 2276 Sedipraeter
1763 2225 1909 2261 totam
1937 2225 2108 2259 creatu-

97 2339 100 2342 ,
145 2302 300 2334 rarum
322 2288 666 2335 universitatem
691 2286 806 2331 nihil
832 2295 898 2331 est
923 2286 1010 2330 nisi
1043 2286 1284 2331 aeternitas
1310 2285 1424 2339 Dei;
1446 2285 1492 2328 in
1525 2283 1670 2328 nihilo
1705 2293 1857 2328 autem
1882 2295 1977 2326 non
2010 2295 2110 2341 pos-

139 2365 252 2402 -sunt
283 2355 504 2415 assignari
540 2354 820 2399 differentiae
848 2353 1027 2412 aliquae
1064 2363 1423 2407 momentorum,
1449 2362 1499 2396 ut
1529 2353 1575 2396 in
1601 2366 1694 2395 uno
1721 2352 1867 2410 magis
1901 2359 2109 2409 oporteat

0 2487 2 2498 ‚
140 2421 320 2482 aliquid
336 2422 435 2468 fieri
451 2435 589 2482 quam
606 2422 654 2466 in
680 2421 796 2476 alio;
823 2421 1031 2466 similiter
1055 2434 1139 2465 nec
1167 2421 1213 2464 in
1241 2421 1519 2474 aeternitate,
1538 2433 1653 2478 quae
1675 2428 1772 2463 tota
1788 2427 1855 2463 est
1871 2416 2109 2462 uniformis

143 2497 195 2535 -e't
219 2489 500 2550 simpliciter,
526 2498 576 2533 ut
601 2489 647 2532 in
669 2489 818 2548 primo
845 2489 906 2547 (c.
933 2487 1023 2546 15.)
1046 2498 1281 2532 ostensum
1309 2481 1388 2531 est.
1416 2486 1700 2545 Relinquitur
1725 2486 1862 2544 igitur
1886 2484 2009 2544 quod
2033 2497 2111 2527 vo-

148 2553 299 2601 luntas
316 2556 404 2600 Dei
425 2569 473 2600 se
501 2555 749 2615 aequaliter
767 2555 911 2599 'habet
933 2556 987 2599 ad
1013 2554 1358 2614 producendum
1377 2563 1631 2598 creaturam
1654 2567 1733 2612 per
1754 2562 1899 2596 totam
1923 2550 2111 2596 aeterni·

53 2619 57 2625 ²
130 2631 308 2669 Atatem.
330 2623 426 2667 Aut
440 2622 576 2682 igitur
599 2621 810 2667 voluntas
837 2635 919 2666 sua
944 2631 1012 2667 est
1037 2622 1093 2666 de
1109 2621 1201 2666 hoc
1227 2621 1350 2680 quod
1372 2634 1607 2679 nunquam
1631 2629 1836 2663 creatura
1863 2619 1943 2663 sub
1973 2627 2111 2662 aeter-

53 2700 58 2707 *
150 2691 291 2736 nitate
328 2691 424 2749 eius
458 2690 770 2743 constituatur,
798 2698 875 2734 aut
913 2689 1037 2748 quod
1062 2702 1244 2748 semper
1277 2698 1465 2733 constet.
1492 2688 1600 2731 Non
1627 2696 1694 2731 est
1721 2696 1873 2730 autem
1898 2685 2110 2730 voluntas

154 2758 250 2816 ejus
276 2757 332 2801 de
357 2757 449 2801 hoc
477 2756 599 2815 quod
620 2770 855 2815 nunquam
875 2765 1079 2800 creatura
1105 2756 1185 2800 sub
1203 2757 1299 2814 eius
1317 2769 1415 2799 esse
1435 2764 1619 2799 aeterno
1639 2753 1951 2806 constituatur,
1969 2766 2111 2812 quum

153 2834 306 2884 pateat
332 2833 561 2868 creaturas
584 2822 817 2867 voluntate
850 2824 944 2882 ejus
972 2836 1071 2867 esse
1097 2822 1334 2868 institutas.
1362 2821 1647 2880 Relinquitur
1672 2821 1807 2880 igitur
1838 2820 1894 2864 de
1919 2818 2112 2864 necessi-

47 2894 82 2949 {4
104 2904 107 2908 ·
152 2900 259 2946 tate,
285 2900 334 2935 nt
357 2891 548 2945 videtur,
575 2891 696 2950 quod
723 2899 928 2935 creatura
951 2904 1132 2949 semper
1157 2889 1252 2933 fuit.

245 2958 441 3003 Adhuc:
469 2972 522 3003 ea
549 2972 665 3018 quae
692 2968 795 3002 sunt
821 2957 877 3002 ad
902 2956 1042 3001 finem
1069 2957 1388 3014 necessitatem
1428 2955 1599 3001 habent
1624 2969 1677 2999 ex
1703 2955 1804 3012 fine,
1833 2964 1878 2999 et
1912 2953 2111 2998 maxime

154 3025 202 3070 in
226 3025 299 3070 his
329 3039 447 3085 quae
477 3025 713 3070 voluntate
741 3035 947 3084 aguntur.
985 3024 1182 3083 Oportet
1221 3024 1357 3082 igitur
1398 3023 1535 3082 quod,
1575 3022 1665 3067 fine
1707 3022 1871 3066 eodem
1897 3020 2039 3066 modo
2063 3033 2112 3065 se

10 3113 15 3116 ’
153 3092 364 3147 habente,
406 3107 460 3138 ea
486 3106 602 3153 quae
634 3102 739 3137 sunt
764 3093 819 3136 ad
852 3091 991 3136 finem
1025 3091 1191 3135 eodem
1217 3090 1360 3135 modo
1394 3105 1442 3135 se
1469 3090 1669 3134 habeant
1692 3089 1766 3133 vel
1791 3089 2112 3148 producantur,

152 3159 241 3204 nisi
267 3160 477 3205 adveniat
500 3174 621 3205 nova
658 3159 878 3208 habitudo
917 3173 1078 3204 eorum
1106 3159 1160 3202 ad
1187 3158 1342 3203 finem.
1379 3157 1502 3202 Finis
1536 3167 1685 3201 autem
1720 3166 2030 3200 creaturarum
2057 3169 2112 3199 ex

151 3226 307 3271 divina
330 3226 566 3272 voluntate
591 3227 935 3287 procedentium
979 3236 1047 3271 est
1073 3226 1226 3270 divina
1251 3226 1445 3279 bonitas,
1472 3239 1588 3284 quae
1615 3223 1714 3268 sola
1754 3233 1903 3282 potest
1928 3237 2027 3268 esse
2053 3222 2114 3266 di-

155 3292 289 3338 vinae
313 3291 560 3338 voluntatis
584 3292 700 3337 finis.
729 3292 888 3346 Quum
915 3292 1050 3351 igitur
1077 3292 1227 3336 divina
1253 3292 1433 3336 bonitas
1464 3291 1510 3335 in
1536 3300 1639 3335 tota-
1658 3291 1921 3335 aeternitate
1947 3289 2114 3335 eodem

11 3373 21 3392 ζ’
37 3362 86 3409 ⁶*st
156 3359 298 3404 modo
339 3373 387 3405 se
413 3359 580 3404 habeat
603 3360 650 3403 in
675 3373 724 3405 se
751 3360 806 3404 ed
831 3360 878 3403 in
910 3361 1253 3419 comparatione
1287 3359 1342 3402 ad
1379 3357 1580 3402 divinam
1613 3356 1912 3412 voluntatem,
1937 3357 2115 3402 videtur

85 3454 94 3473 ι,
156 3426 280 3485 quod
305 3426 472 3471 eodem
498 3426 641 3471 modo
678 3435 910 3471 creaturae
941 3426 988 3470 in
1020 3439 1119 3471 esse
1146 3426 1456 3485 producuntur
1473 3439 1498 3468 a
1520 3423 1671 3468 divina
1690 3423 1925 3469 voluntate
1949 3423 1996 3468 in
2017 3433 2114 3468 tota

159 3492 445 3548 aeternitate3
476 3507 571 3537 non
593 3492 714 3538 enirn
741 3502 890 3553 potest
911 3493 1002 3538 dici
1024 3493 1145 3552 quod
1188 3492 1337 3551 aliqua
1362 3505 1483 3536 nova
1509 3491 1669 3536 relatio
1703 3491 1766 3537 eis
1795 3491 2027 3537 advenerit
2057 3491 2114 3535 ad

85 3579 89 3591 a
157 3556 313 3614 finem,
329 3558 368 3604 si
383 3559 559 3620 penitus
574 3567 772 3619 ponatur
794 3571 889 3605 non
914 3558 1051 3605 fuisse
1069 3568 1174 3603 ante
1198 3557 1381 3618 aliquod
1399 3557 1749 3604 determinatum
1769 3567 1949 3620 ternpus
1971 3571 1996 3604 a
2022 3570 2114 3618 quo

158 3621 382 3685 incepisse
406 3634 649 3686 ponuntur.

2119 3649 2159 3712 Μ,
