2332 3854
271 197 343 255 54
959 194 1116 238 LIBER
1157 200 1190 236 1.
1235 198 1354 237 cAP.
1397 195 1548 236 XLIII.

266 315 406 361 quem
423 300 639 346 effectum
657 301 1002 360 praesupposita
1020 301 1223 360 potentia
1241 291 1474 354 materiae,
1501 299 1623 358 quod
1639 299 1729 344 Dei
1744 299 1901 355 virtus,
1924 313 2040 359 quae
2062 297 2237 344 nullam

270 370 525 428 potentiam
557 370 895 429 praesupponit,
922 384 1016 413 non
1043 370 1100 413 sit
1124 368 1264 422 finita,
1291 367 1371 412 sed
1395 367 1585 422 infinita,
1618 377 1663 412 et
1691 367 1754 412 ita
1787 370 1982 412 essentia
2004 367 2191 412 infinita.

361 437 595 495 Amplius:
632 451 933 495 unaquaeque
967 451 1037 480 res
1074 446 1202 479 tanto
1236 444 1304 479 est
1335 434 1600 490 diuturnior,
1631 444 1803 494 quanto
1839 436 1935 493 eius
1970 447 2068 479 esse
2098 446 2238 479 causa

270 513 338 548 est
365 503 618 558 efficacior3
651 503 762 546 illud
789 503 926 561 igitur
953 504 1079 560 cujus
1107 502 1376 546 diuturnitas
1399 511 1467 546 est
1497 501 1686 561 infinita,
1714 511 1892 560 oportet
1925 501 2048 561 quod
2072 501 2239 546 habeat

274 584 371 614 esse
399 584 478 629 per
510 584 697 613 causam
732 569 963 614 efficaciae
990 569 1206 613 infinitae.
1242 569 1332 613 Sed
1359 568 1627 613 diuturnitas
1653 569 1742 612 Dei
1768 579 1835 612 est
1860 568 2058 624 infinita3
2090 576 2240 613 osten-

271 651 373 680 sum
402 647 469 682 est
501 638 624 681 enim
661 651 795 695 supra
824 637 884 693 (c.
917 637 1004 692 15.)
1037 637 1189 695 ipsum
1221 650 1320 680 esse
1354 645 1613 690 aeternum3
1648 650 1752 680 cum
1785 635 1923 694 igitur
1952 648 2049 679 non
2073 635 2239 680 habeat

267 703 405 748 aliam
433 719 619 748 causam
646 705 713 747 sui
742 717 840 746 esse
866 713 1044 761 praeter
1068 703 1286 762 seipsum,
1313 713 1494 762 oportet
1523 703 1673 761 ipsum
1701 716 1799 747 esse
1817 702 2056 748 infinitum.

359 772 478 815 Huic
507 782 657 815 autem
691 770 871 813 veritati
903 784 1033 814 sacra
1071 770 1303 829 Scriptura
1333 770 1649 815 testimonium
1675 770 1905 827 perhibet:
1943 770 2005 814 ait
2038 778 2236 829 namque

268 838 513 883 Psalmista
542 839 636 895 (Ps.
665 837 870 881 CXLIV.
897 838 982 895 3.):
1012 839 1194 897 Magnus
1219 839 1447 892 Dominus,
1474 843 1512 882 et
1537 837 1759 882 laudabili-s
1783 839 1924 892 nimis,
1961 844 2000 882 et
2021 839 2236 896 magnitu-

270 905 380 950 dinis
405 909 491 963 ejus
513 921 596 948 non
618 910 671 948 est
687 905 802 962 finis.
1809 908 1811 911 “

362 973 479 1015 Huic
509 973 647 1016 etiam
664 971 842 1015 veritati
869 980 1135 1016 attestantur
1162 972 1579 1031 antiquissimorum
1605 971 1988 1031 philosophorum
2009 971 2143 1026 dicta,
2161 971 2238 1030 qui

273 1053 436 1083 omnes
467 1047 717 1098 posuerunt
748 1038 976 1082 infinitum
994 1041 1194 1097 primum
1219 1053 1372 1083 rerum
1388 1039 1677 1098 principium,
1695 1039 1824 1098 quasi
1851 1039 1905 1082 ab
1931 1039 2028 1097 ipsa
2048 1039 2237 1083 veritate

270 1108 443 1159 coacti3
467 1106 698 1165 propriam
727 1106 850 1148 enim
876 1120 1042 1150 vocem
1074 1106 1362 1164 ignorabant,
1401 1107 1693 1150 aestimantes
1723 1105 1993 1150 infinitatem
2028 1105 2239 1165 principii

270 1174 326 1217 ad
354 1174 545 1216 modum
570 1173 830 1231 quantitatis
853 1173 1090 1227 discretae,
1119 1173 1370 1216 secundum
1397 1173 1732 1227 Democritum,
1751 1172 1830 1232 qui
1851 1173 2004 1232 posuit
2025 1172 2238 1218 athomos

265 1239 467 1284 infinitos
486 1253 640 1283 rerum
657 1239 956 1298 principia‚'et
972 1239 1226 1283 secundum
1252 1239 1595 1298 Anaxagoram,
1614 1239 1692 1298 qui
1706 1239 1859 1298 posuit
1873 1239 2072 1284 infinitas
2087 1250 2238 1298 partes

271 1306 535 1351 consimiles
563 1307 786 1366 principia
810 1319 987 1361 rerum3
1009 1306 1084 1350 vel
1111 1306 1167 1350 ad
1193 1306 1386 1350 modum
1413 1306 1674 1364 quantitatis
1709 1306 1965 1360 continuae,
1985 1305 2239 1351 secundum

268 1374 374 1418 illos
393 1374 470 1432 qui
487 1383 737 1432 posuerunt
755 1372 939 1432 aliquod
958 1373 1253 1427 elementum,
1270 1372 1346 1417 vel
1363 1372 1605 1417 confusum
1629 1372 1815 1432 aliquod
1830 1372 2058 1418 infinitum
2075 1385 2240 1433 corpus

270 1455 369 1485 esse
406 1441 605 1500 primum
634 1440 842 1484 omnium
877 1441 1166 1500 principium.
1201 1440 1292 1484 Sed
1330 1454 1436 1483 cum
1469 1450 1706 1484 ostensum
1743 1440 1800 1484 sit
1836 1453 1917 1500 per
1951 1440 2239 1499 sequentium

269 1508 655 1567 philosophorum
681 1508 896 1561 studium,
924 1508 1046 1566 quod
1072 1522 1165 1551 non
1185 1517 1253 1552 est
1270 1506 1454 1566 aliquod
1482 1521 1646 1566 corpus
1671 1506 1916 1561 infinitum,
1942 1516 1988 1552 et
2010 1507 2119 1552 huic
2137 1520 2243 1552 con·

267 1577 495 1633 jungatur,
525 1575 646 1633 quod
671 1584 852 1634 oportet
880 1589 977 1619 esse
1012 1576 1213 1633 primum
1239 1575 1512 1633 principium
1542 1574 1696 1633 aliquo
1714 1574 1858 1619 modo
1873 1574 2117 1629 infinitum,
2136 1586 2243 1620 con—

271 1642 467 1686 cluditur
489 1642 613 1700 quod
638 1655 787 1700 neque
815 1651 883 1686 est
905 1655 1070 1701 corpus
1097 1655 1244 1700 neque
1270 1642 1411 1686 virtus
1437 1642 1484 1685 in
1508 1655 1700 1700 corpore
1726 1641 1952 1686 infinitum
1975 1641 2101 1698 illud,
2118 1642 2241 1701 quod

274 1719 341 1753 est
367 1709 566 1768 primum
600 1709 887 1768 principium.

1016 1857 1270 1915 CAPUT
1312 1857 1515 1912 XLIV.

813 1979 974 2024 QUOD
1009 1980 1150 2016 DEUS
1183 1980 1284 2018 EST
1318 1979 1701 2019 INTELLIGENS.

949 2066 1002 2122 (I.
1024 2073 1139 2127 part.
1168 2082 1206 2126 q.
1242 2067 1361 2111 XIV.
1404 2073 1484 2111 art.
1513 2066 1585 2124 1.).
1642 2126 1646 2130 ¹

362 2171 428 2215 Ex
460 2171 721 2230 praemissis
749 2181 902 2215 autem
930 2171 1108 2216 ostendi
1134 2181 1284 2230 potest
1316 2171 1439 2230 quod
1461 2172 1589 2215 Deus
1616 2171 1672 2215 sit
1697 2169 1980 2230 intelligens;
2008 2181 2241 2216 ostensum

275 2239 398 2283 enim
427 2249 494 2282 est
510 2253 644 2297 supra
673 2239 732 2295 (c.
765 2239 854 2296 13.)
873 2239 996 2297 quod
1022 2239 1068 2281 in
1095 2240 1385 2282 moventibus
1414 2249 1458 2283 et
1483 2239 1621 2282 motis
1648 2253 1742 2282 non
1770 2248 1838 2282 est
1853 2236 2070 2297 possibile
2085 2239 2133 2282 in
2148 2237 2246 2282 infi-

273 2307 421 2349 nitum
439 2306 700 2364 procedere,
721 2306 798 2349 sed
817 2316 998 2364 oportet
1015 2305 1204 2349 mobilia
1222 2306 1378 2349 omnia
1395 2306 1627 2359 reducere,
1646 2315 1694 2349 ut
1711 2306 1955 2364 probatum
1972 2315 2039 2350 est
2056 2307 2118 2363 (c.
2138 2306 2243 2364 13.)‚

272 2375 319 2416 in
353 2387 494 2416 unum
523 2373 722 2431 primum
755 2386 947 2416 movens
984 2373 1198 2431 seipsum.
1232 2373 1426 2416 Movens
1462 2382 1615 2416 autem
1648 2373 1865 2431 seipsum,
1901 2385 1951 2416 se
1983 2382 2142 2417 movet
2164 2386 2246 2432 per

274 2441 526 2499 appetitum
549 2449 594 2483 et
625 2439 1059 2498 apprehensionem3
1087 2440 1187 2483 sola
1213 2440 1336 2483 enim
1363 2440 1628 2498 hujusmodi
1653 2440 1942 2484 inveniuntur
1973 2440 2125 2499 seipse
2143 2453 2244 2484 mo·

274 2522 395 2560 vere,
422 2516 581 2565 utpote
613 2507 659 2549 in
696 2507 856 2565 quibus
886 2517 953 2550 est
979 2521 1181 2560 movere,
1219 2517 1263 2550 et
1298 2521 1393 2550 non
1425 2507 1616 2550 moveri.
1652 2507 1763 2550 Pars
1798 2508 1936 2565 igitur
1970 2519 2163 2552 movens
2196 2507 2243 2551 in

273 2574 424 2632 primo
452 2583 670 2618 movente
691 2574 906 2632 seipsum,
934 2583 1116 2632 oportet
1132 2574 1255 2633 quod
1274 2574 1332 2617 sit
1354 2583 1569 2632 appetens
1592 2584 1637 2617 et
1653 2573 2026 2633 apprehendens;
2047 2574 2096 2618 in
2112 2583 2243 2618 motu

275 2651 430 2684 autem
457 2641 534 2699 qui
560 2651 627 2684 est
658 2655 738 2699 per
771 2641 1022 2699 appetitum
1050 2651 1094 2684 et
1115 2641 1544 2699 apprehensionem,
1571 2650 1790 2699 appetens
1823 2651 1869 2685 et
1898 2640 2244 2700 apprehendens

274 2718 342 2752 est
374 2722 567 2752 movens
593 2717 795 2762 motum;
824 2707 1066 2766 appetibile
1093 2718 1246 2752 autem
1275 2717 1319 2751 et
1351 2707 1688 2766 apprehensum
1721 2717 1789 2751 est
1814 2721 2007 2752 movens
2032 2720 2128 2752 non
2149 2721 2246 2752 mo·

273 2786 386 2819 tum.
407 2774 530 2818 Cum
556 2775 692 2833 igitur
717 2774 763 2818 id
786 2775 909 2833 quod
937 2785 1003 2819 est
1030 2775 1239 2819 omnium
1264 2775 1463 2834 primum
1480 2788 1688 2828 movens,
1706 2775 1829 2834 quod
1853 2774 2008 2819 Deum
2033 2773 2244 2828 dicimus,

274 2843 331 2886 sit
363 2855 557 2886 movens
585 2841 776 2886 omnino
803 2856 898 2885 non
925 2852 1119 2896 motum,
1148 2851 1327 2900 oportet
1355 2842 1478 2901 quod
1501 2851 1791 2901 comparetur
1817 2841 1874 2886 ad
1899 2851 2146 2897 meterem,
2167 2843 2246 2902 qui

275 2919 343 2954 est
373 2923 476 2967 pars
503 2908 731 2953 moventis
763 2909 981 2967 seipsum,
1013 2909 1130 2953 sicut
1157 2908 1398 2968 appetibile
1423 2909 1478 2952 ad
1503 2918 1806 2968 appetentem,
1832 2908 2107 2954 nonssautem
2129 2909 2247 2954 sicut

273 2976 523 3036 appetibile
533 2975 733 3020 sensuali
756 2977 982 3034 appetitu;
1008 2991 1117 3020 nam
1140 2977 1362 3035 appetitus
1390 2976 1610 3021 sensualis
1627 2990 1723 3020 non
1745 2986 1813 3021 est
1832 2976 1944 3021 boni
1962 2976 2245 3036 simpliciter,

273 3043 354 3088 sed
387 3043 524 3102 hujus
557 3043 775 3101 praedicti
807 3043 917 3086 boni
945 3057 1052 3087 cum
1079 3054 1123 3087 et
1140 3043 1442 3102 apprehensio
1461 3057 1620 3087 sensus
1635 3057 1730 3087 non
1757 3043 1815 3087 sit
1834 3043 1924 3088 nisi
1948 3043 2245 3103 particularis.

273 3103 326 3153 Id
361 3120 515 3154 autern
549 3110 671 3169 quod
704 3120 772 3154 est
802 3110 975 3154 bonum
1009 3121 1054 3154 et
1090 3109 1330 3169 appetibile
1367 3109 1647 3169 simpliciter,
1675 3119 1743 3154 est
1773 3110 1895 3169 prius
1929 3124 1986 3155 eo
2018 3111 2154 3170 quod*
2175 3118 2245 3156 est

274 3178 450 3221 bonum
478 3187 522 3221 et
548 3176 790 3236 appetibile
817 3187 865 3221 ut
890 3177 966 3222 hic
999 3187 1044 3221 et
1068 3191 1211 3231 nunc3
1245 3185 1426 3235 oportet
1450 3177 1588 3234 igitur
1613 3178 1813 3235 primum
1835 3190 2028 3222 movens
2050 3190 2152 3223 esse
2173 3191 2247 3237 ap·

275 3244 472 3302 petibile,
491 3255 539 3288 ut
564 3243 874 3298 intellectum3
902 3254 946 3287 et
971 3244 1032 3287 ita
1061 3254 1241 3303 oportet
1267 3258 1460 3288 movens
1488 3244 1610 3302 quod
1628 3245 1798 3302 appetit
1814 3244 1980 3303 ipsum,
1998 3257 2099 3289 ωδε
2116 3242 2247 3289 intel·

275 3310 437 3369 ligens.
464 3310 612 3354 Multo
640 3311 776 3369 igitur
803 3312 950 3368 magis
978 3321 1023 3355 et
1047 3311 1197 3369 ipsum
1231 3310 1429 3369 primum
1458 3309 1698 3369 appetibile
1730 3311 1815 3355 erit
1845 3309 2119 3370 intelligens,
2140 3310 2246 3371 quia

277 3387 494 3436 appetens
526 3378 675 3435 ipsum
703 3377 753 3422 fit
785 3377 1044 3436 intelligens
1081 3387 1184 3422 actu
1219 3392 1299 3436 per
1324 3378 1429 3431 hoc,
1466 3377 1589 3435 quod
1623 3377 1664 3421 ei
1690 3387 1929 3437 tamquam
1962 3376 2246 3437 intelligibile

276 3444 441 3488 unitur.
467 3445 666 3503 Oportet
691 3445 827 3503 igitur
859 3445 1013 3490 Deum
1040 3459 1139 3489 esse
1163 3444 1511 3503 intelligentem,
1537 3444 1657 3489 facta
1684 3444 1998 3504 suppositione
2023 3444 2145 3504 quod
2162 3443 2248 3503 pri·

277 3524 408 3621 mqm
434 3521 613 3556 motum
639 3521 824 3556 moveat
842 3512 1057 3571 seipsum,
1083 3520 1132 3556 ut
1157 3510 1423 3571 philosophi
1450 3510 1672 3571 (Metaph.
1699 3511 1798 3556 XII.
1826 3521 1857 3556 t.
1881 3525 1921 3556 c.
1947 3509 2018 3571 3⁶,
2038 3520 2084 3556 et
2107 3509 2245 3567 infra)

275 3590 337 3622 vo
359 3587 535 3623 uerunt.
2059 3597 2075 3617 ⁸
