2332 3854
273 179 371 236 182
935 192 1088 231 L113ER
1127 192 1183 231 11.
1226 188 1346 230 cAP.
1386 187 1534 229 xmx.

1006 402 1260 460 CAPUT
1302 402 1505 458 XLIX.

466 542 624 588 QUOD
660 540 1000 579 SUBSTANTIA
1031 539 1505 579 INTELLECTUALIS
1538 539 1655 579 NON
1690 538 1775 577 SIT
1810 537 2038 577 CORPUS.

943 642 997 699 (I.
1016 648 1133 702 part.
1157 649 1309 701 quaest.
1337 642 1372 686 I.
1401 648 1483 687 art.
1506 641 1580 700 1.).

361 758 426 801 Ex
461 755 720 814 praemissis
748 763 900 798 autem
933 754 1184 798 ostenditur
1215 753 1337 813 quod
1370 753 1495 797 nulla
1536 751 1785 798 substantia
1815 749 2135 797 intellectualis
2166 761 2235 796 est

273 838 452 883 corpus.

358 889 551 934 Nullum
579 889 701 932 enim
728 902 893 948 corpus
919 888 1147 933 invenitur
1169 889 1339 948 aliquid
1363 889 1595 933 continere
1621 889 1710 933 nisi
1730 903 1810 948 per
1831 886 2238 933 commensuratio-

273 967 378 1001 nem
407 956 695 1015 quantitatis;
729 956 863 1009 unde,
887 965 930 999 et
956 957 993 1000 si
1015 970 1062 1000 se
1088 966 1187 1000 toto
1213 966 1363 1001 totum
1388 957 1557 1016 aliquid
1587 957 1801 1010 continet,
1835 966 1880 1001 et
1903 964 2079 1014 partem
2108 964 2235 1015 parte

275 1024 491 1076 continet,
509 1025 736 1081 maj0rem
760 1023 944 1080 quidem
961 1025 1153 1082 majore,
1171 1024 1400 1068 minorem
1424 1034 1578 1068 autem
1595 1025 1787 1068 minore.
1803 1022 2067 1068 Intellectus
2084 1032 2237 1067 autern

273 1105 367 1135 non
396 1089 743 1148 comprehendit
764 1103 862 1133 rem
889 1090 1090 1148 aliquam
1105 1090 1386 1134 intellectam
1403 1105 1483 1149 per
1501 1091 1700 1150 aliquam
1723 1090 1984 1150 quantitatis
2002 1103 2238 1134 commen-

271 1158 566 1210 surationem,
594 1171 735 1214 quum
750 1169 799 1199 se
820 1166 919 1200 toto
938 1157 1163 1215 intelligat
1179 1167 1223 1201 et
1241 1158 1602 1215 comprehendat
1622 1168 1772 1202 totum
1789 1167 1834 1202 et
1850 1167 2041 1216 partem,
2058 1157 2238 1215 majora

275 1226 320 1267 in
347 1224 595 1282 quantitate
623 1232 667 1266 et
692 1223 885 1267 minora.
913 1222 1053 1267 Nulla
1078 1224 1216 1282 igitur
1241 1224 1492 1269 substantia
1523 1224 1784 1283 intelligens
1817 1235 1884 1269 est
1915 1238 2096 1283 corpus,

363 1289 597 1349 Amplius:
630 1289 809 1333 nullum
847 1304 1012 1347 corpus
1039 1299 1188 1350 potest
1215 1291 1398 1336 alterius
1433 1292 1636 1351 corporis
1667 1291 1868 1336 formam
1897 1290 2240 1336 substantialem

275 1357 494 1416 recipere,
520 1357 607 1401 nisi
632 1370 712 1415 per
739 1359 1080 1416 corruptionem
1107 1372 1237 1402 suam
1259 1357 1458 1402 formam
1486 1358 1959 1416 amittat-Intellectus
1977 1368 2241 1403 autemnon

278 1425 594 1483 corrumpitur,
617 1423 696 1468 sed
724 1425 871 1482 magis
897 1424 1128 1483 perficitur
1154 1440 1234 1484 per
1254 1426 1346 1470 hoc
1374 1426 1496 1484 quod
1523 1426 1686 1485 recipit
1709 1425 1883 1470 formas
1916 1426 2126 1470 omnium
2147 1427 2245 1469 cor·

277 1506 467 1551 porum3
499 1491 730 1550 perficitur
757 1494 881 1535 enim
907 1491 1231 1551 intelligendo;
1263 1493 1479 1552 intelligit
1505 1502 1658 1537 autem
1679 1493 1933 1538 secundum
1958 1491 2082 1552 quod
2105 1491 2244 1536 habet

277 1561 324 1603 in
351 1573 399 1603 se
420 1558 592 1602 formas
614 1558 965 1604 intellectorum.
998 1559 1139 1603 Nulla
1164 1560 1300 1619 igitur
1323 1561 1571 1604 substantia
1600 1559 1919 1605 intellectualis
1941 1570 2010 1605 est
2035 1571 2214 1619 corpus.

368 1626 557 1670 Adhuc:
591 1626 865 1684 principium
892 1626 1161 1671 diversitatis
1187 1627 1530 1672 individuorum
1557 1628 1762 1686 ejusdem
1788 1627 1958 1686 speciei
1989 1637 2056 1672 est
2072 1625 2244 1672 >divisio

280 1693 499 1737 materiae
527 1693 779 1737 secundum
806 1694 1129 1751 quantitatem3
1151 1693 1301 1739 forma
1329 1696 1452 1739 enim
1475 1695 1611 1754 hujus
1637 1694 1755 1753 ignis
1779 1709 1804 1738 a
1824 1694 1974 1739 forma
1985 1693 2109 1755 *illius
2125 1692 2243 1752 ignis

280 1775 375 1804 non
402 1760 562 1814 differt,
589 1760 676 1804 nisi
701 1774 781 1818 per
811 1760 900 1805 hoc
928 1761 1051 1819 quod
1083 1770 1150 1805 est
1185 1761 1231 1805 in
1259 1762 1448 1806 diversis
1475 1762 1674 1820 partibus
1699 1762 1747 1805 in
1780 1775 1890 1822 quas
1916 1759 2109 1806 materia
2139 1759 2246 1821 divi-

282 1828 414 1881 ditur,
446 1842 532 1871 nec
565 1827 694 1871 aliter
727 1842 865 1886 quam
893 1828 1113 1873 divisione
1141 1829 1402 1887 quantitatis
1437 1830 1534 1873 sine
1561 1843 1649 1888 qua
1674 1829 1926 1874 substantia
1951 1838 2019 1874 est
2045 1827 2262 1873 indivisi-²

283 1894 396 1938 bilis.
427 1894 567 1947 Quod
591 1903 744 1938 autem
770 1895 985 1952 recipitur
1010 1895 1058 1938 in
1091 1910 1299 1954 corpore,
1322 1897 1536 1954 recipitur
1561 1898 1607 1940 in
1635 1910 1691 1940 eo
1718 1896 1970 1940 secundum
1987 1894 2247 1955 quantitatis

284 1961 568 2005 divisionem.
595 1961 719 2019 Ergo
745 1960 894 2005 forma
919 1975 1015 2006 non
1040 1963 1253 2021 recipitur
1279 1964 1325 2006 in
1355 1977 1547 2021 corpore
1570 1965 1658 2007 nisi
1673 1971 1723 2007 ut
1739 1962 2030 2007 individuata.
2046 1961 2097 2006 Si
2111 1961 2248 2021 igitur

283 2027 539 2072 intellectus
566 2036 686 2072 esset
713 2042 892 2087 corpus,
919 2027 1096 2072 formae
1122 2044 1275 2074 rerum
1309 2029 1618 2088 intelligibiles
1649 2044 1743 2074 non
1773 2029 2082 2090 reciperentur
2109 2028 2159 2073 in
2190 2041 2247 2073 eo

284 2095 371 2139 nisi
397 2105 445 2139 ut
469 2095 791 2140 individuatae.
824 2095 1042 2154 Intelligit
1065 2106 1224 2141 autem·
1246 2096 1506 2141 intellectus
1533 2111 1603 2141 res
1629 2111 1710 2156 per
1733 2095 1906 2142 formas
1937 2110 2111 2153 earum,
2136 2100 2248 2156 quas

285 2176 425 2221 penes
453 2176 501 2206 se
526 2162 676 2206 habet.
709 2163 818 2206 Non
846 2177 956 2221 ergo
990 2163 1248 2208 intellectus
1275 2164 1489 2223 intelligit
1515 2163 1801 2218 universalia,
1833 2163 1914 2209 sed
1937 2163 2090 2209 solum
2121 2163 2252 2223 parti-

287 2230 472 2284 cularia,
499 2230 621 2289 quod
647 2239 772 2289 patet
798 2245 896 2275 esse
919 2230 1101 2276 falsum.
1117 2232 1285 2277 Nullus
1311 2232 1447 2291 igitur
1471 2232 1728 2276 intellectus
1756 2240 1824 2276 est
1848 2246 2028 2292 corpus.

374 2298 512 2342 Item:
541 2297 655 2341 nihil
681 2298 775 2356 agit
798 2298 886 2342 nisi
913 2300 1166 2343 secundum
1193 2314 1323 2344 suam
1351 2299 1566 2358 speciem,
1594 2314 1650 2344 eo
1677 2300 1799 2359 quod
1821 2298 1973 2344 forma
2003 2309 2074 2344 est
2091 2299 2253 2358 princi-

287 2365 413 2424 pium
441 2364 606 2423 agendi
630 2364 677 2408 in
703 2379 997 2424 unoquoque.
1017 2366 1065 2410 Si
1086 2368 1224 2424 igitur
1240 2366 1496 2411 intellectus
1515 2369 1572 2411 sit
1592 2380 1771 2426 corpus,
1791 2366 1910 2411 actio
1928 2368 2025 2427 ejus
2043 2366 2252 2412 ordinem

290 2446 536 2491 corporum
561 2445 657 2476 non
690 2433 878 2477 excedit.
911 2433 1019 2477 Non
1044 2433 1181 2492 igitur
1211 2434 1423 2493 intelligit
1453 2434 1540 2478 nisi
1574 2448 1779 2493 corpora.
1812 2434 1914 2478 Hoc
1947 2444 2101 2480 autem
2129 2441 2254 2493 patet
2293 2449 2299 2454 “

289 2513 391 2543 esse
426 2498 616 2544 falsum:
658 2499 956 2558 intelligimus
997 2502 1120 2544 enim
1152 2501 1296 2545 multa
1333 2516 1449 2560 quae
1486 2515 1582 2546 non
1614 2510 1718 2545 sunt
1750 2515 1956 2561 corpora.
1991 2500 2252 2547 Intellectus

288 2567 425 2625 igitur
449 2580 544 2610 non
566 2575 633 2610 est
659 2579 839 2624 corpus.

378 2633 568 2678 Adhuc:
591 2633 630 2677 si
655 2633 906 2677 substantia
931 2634 1192 2694 intelligens
1216 2645 1283 2680 est
1309 2649 1489 2694 corpus,
1508 2644 1585 2679 aut
1611 2645 1679 2679 est
1704 2635 1898 2691 finitum,
1917 2645 1994 2680 aut
2008 2634 2250 2680 infinitum.

292 2702 473 2759 Corpus
492 2710 646 2744 autem
669 2714 768 2744 esse
785 2700 1013 2745 infinitum
1036 2711 1138 2747 actu
1157 2712 1226 2746 est
1250 2702 1548 2763 impossibile,
1572 2711 1619 2747 ut
1644 2703 1691 2746 in
1714 2703 1851 2761 Phys.
1874 2703 2044 2762 (tertio,
2073 2713 2104 2748 t.
2125 2717 2164 2748 e.
2181 2714 2252 2758 24.

292 2778 338 2812 et
362 2767 492 2822 infra,
518 2769 666 2826 primo
685 2767 835 2822 Coeli,
857 2778 888 2812 t.
917 2783 954 2813 c.
974 2783 991 2826 3
1004 2782 1040 2825 5.
1070 2782 1114 2814 et
1134 2769 1271 2826 infra)
1288 2770 1519 2828 probatur.
1544 2771 1624 2814 Est
1644 2769 1779 2828 igitur
1803 2769 1982 2814 finitum
2014 2783 2194 2829 corpus,
2215 2770 2255 2814 si

293 2849 455 2894 corpus
483 2848 580 2878 esse
607 2835 803 2892 ponitur.
828 2834 930 2879 Hoc
958 2845 1111 2880 autem
1139 2846 1206 2880 est
1230 2836 1539 2895 impossibile:
1564 2839 1611 2880 in
1628 2836 1756 2880 nullo
1775 2838 1899 2881 enim
1916 2850 2110 2896 corpore
2124 2836 2255 2881 finito

292 2910 442 2961 potest
468 2916 566 2945 esse
599 2903 802 2959 potentia
834 2901 1022 2956 infinita,
1041 2912 1089 2947 ut
1110 2918 1243 2963 supra
1269 2903 1390 2962 (Lib.
1417 2904 1451 2947 Ι.
1481 2919 1519 2948 c.
1552 2903 1640 2961 13.)
1672 2903 1916 2962 probatum
1940 2913 2031 2958 est;
2053 2902 2256 2964 potentia

295 2979 448 3014 autem
469 2967 725 3013 intellectus
752 2978 820 3012 est
845 2970 1191 3027 quodammodo
1214 2970 1387 3015 infinita
1413 2971 1459 3014 in
1477 2970 1775 3029 intelligendo
1795 2987 1804 3016 :
1826 2971 1874 3015 in
1890 2970 2117 3017 infinitum
2133 2971 2256 3015 enim

292 3036 503 3095 intelligit
529 3036 704 3095 species
729 3050 1028 3081 numerorum
1053 3038 1277 3096 augendo,
1305 3048 1349 3082 et
1375 3038 1583 3082 similiter
1609 3038 1784 3096 species
1810 3037 2058 3097 figurarum
2085 3046 2129 3083 et
2158 3050 2258 3097 pro-

293 3105 578 3162 portionum:
614 3104 854 3162 cognoscit
881 3106 1018 3148 etiam
1046 3104 1318 3158 universale,
1338 3105 1459 3164 quod
1483 3114 1550 3149 est
1568 3105 1733 3149 virtute
1759 3104 1989 3150 infinitum
2004 3104 2258 3150 secundum
2304 3107 2331 3159 “z

295 3184 429 3214 suum
457 3172 702 3225 ambitum3
739 3171 942 3215 continet
980 3173 1103 3216 enim
1129 3171 1375 3228 individua,
1404 3186 1519 3231 quae
1547 3181 1651 3216 sunt
1676 3171 1882 3231 potentia
1911 3171 2098 3218 infinita.
2127 3170 2261 3217 Intel-
2315 3174 2332 3208 ῑὶτΞ

296 3236 438 3282 lectus
465 3240 600 3296 igitur
626 3252 720 3282 non
749 3248 817 3283 est
840 3253 1019 3297 corpus.

387 3305 628 3363 Amplius:
662 3305 944 3363 impossibile
972 3315 1039 3351 est
1070 3305 1160 3351 duo
1197 3320 1390 3364 corpora
1422 3321 1469 3351 se
1502 3307 1701 3352 invicem
1735 3308 1984 3362 continere,
2018 3319 2124 3352 cum
2154 3317 2260 3351 con·

298 3372 444 3414 tinens
484 3372 669 3416 excedat
706 3381 984 3418 contentum.
1021 3373 1129 3418 Duo
1164 3383 1317 3418 autem
1348 3373 1605 3418 intellectus
1638 3388 1686 3418 se
1718 3373 1918 3419 invicem
1950 3373 2185 3419 continent
2214 3381 2260 3418 et

301 3439 706 3497 comprehendunt,
734 3440 843 3484 dum
869 3455 986 3485 unus
1015 3439 1154 3485 alium
1170 3441 1396 3499 intelligit.
1421 3441 1528 3486 Non
1553 3450 1622 3486 est
1648 3442 1787 3500 igitur
1807 3440 2060 3487 intellectus
2079 3453 2257 3500 corpus.
2311 3455 2314 3456 ⁷

388 3504 503 3549 Item
522 3519 532 3549 :
559 3506 725 3550 nullius
753 3509 957 3566 corporis
979 3507 1098 3552 actio
1121 3506 1364 3552 reflectitur
1380 3522 1516 3566 super
1535 3518 1771 3567 agentem:
1799 3517 2033 3553 ostensum
2051 3515 2119 3553 est
2134 3507 2258 3552 enim

301 3570 347 3615 in
374 3570 509 3630 Phys.
537 3573 766 3632 (septim0,
794 3582 821 3619 t.
851 3587 888 3619 c.
922 3587 958 3618 1.
988 3584 1032 3620 et
1056 3583 1237 3630 octavo,
1263 3584 1293 3620 t.
1322 3587 1359 3620 c.
1386 3586 1459 3631 40.
1486 3583 1529 3619 et
1555 3573 1706 3633 infra),
1734 3574 1856 3635 quod
1888 3571 2068 3620 nullum
2094 3585 2258 3634 corpus
