2332 3854
809 234 962 273 tumn
1002 234 1078 273 111.
1121 234 1240 274 cap,
1282 233 1351 272 ιτ.
1651 217 1702 286 'ii
1878 215 1905 283 ἷῗ
1950 232 2054 287 359

194 337 319 381 Haec
345 337 480 394 igitur
504 334 621 380 visio
653 335 917 380 immediata
942 335 1031 380 Dei
1052 334 1379 395 repromittitur
1393 333 1525 379 nobis
1541 332 1588 377 in
1608 332 1839 391 Scriptura
1862 333 1918 390 (1.
1947 333 2056 378 Cor.

112 403 236 451 xm.
264 403 374 459 12.):
405 401 594 446 Videmus
618 417 727 447 nunc
742 410 823 461 per
845 402 1052 460 speculum
1074 403 1119 446 in
1140 404 1388 460 aenigmate,
1413 407 1509 446 tunc
1530 406 1666 444 autem
1683 400 1800 458 facie
1825 399 2057 457 adfaciem.

113 468 253 517 Quod
266 467 493 527 corporali
511 468 652 512 modo
677 467 803 513 nefas
830 478 897 512 est
926 468 1194 526 intelligere,
1225 478 1274 512 ut
1313 468 1359 512 in
1384 468 1482 526 ipsa
1507 467 1739 510 divinitate
1772 465 2058 524 corporalem

8 532 13 535 ’
87 534 274 580 >faciem
306 535 624 593 imaginemur,
651 548 756 579 cum
790 544 1024 577 ostensum
1051 535 1108 577 sit
1145 533 1263 591 (Lib.
1291 534 1324 577 Ι.
1358 547 1397 577 c.
1431 531 1524 589 20.)
1549 532 1702 577 Deum
1734 532 2058 590 incorporeum

111 614 237 654 esse3
262 614 410 659 neque
444 601 580 644 etiam
617 599 675 643 sit
710 599 924 658 possibile
957 609 1006 643 ut
1041 611 1195 644 nostra
1222 599 1450 658 corporali
1475 597 1591 643 facie
1625 599 1777 642 Deum
1807 598 2058 651 videamus,

110 680 217 711 cum
233 667 355 710 visus
371 665 636 725 corporalis,
654 667 731 724 qui
757 667 802 709 in
834 664 949 709 facie
967 676 1120 709 nostra
1153 666 1333 719 residet,
1354 679 1448 710 non
1473 665 1560 708 nisi
1577 678 1729 709 rerum
1751 664 2058 723 corporalium

110 746 211 777 esse
226 732 382 791 possit.
402 731 478 776 Sic
492 732 629 789 igitur
652 730 768 775 facie
787 731 840 774 ad
868 730 1033 774 faciem
1059 732 1211 775 Deum
1243 731 1513 790 videbimus,
1539 731 1645 790 quia
1669 731 1933 775 immediate
1952 744 2057 775 eum

109 797 362 845 videbimus
386 798 519 842 sicuti
549 797 787 841 hominem
814 811 950 855 quem
976 796 1092 841 facie
1120 797 1174 841 ad
1201 796 1365 841 faciem
1392 798 1613 841 videmus.

199 863 462 908 Secundum
485 874 637 907 autem
663 863 782 907 hanc
805 863 1032 907 visionem
1045 863 1242 907 maxime
1268 864 1371 907 Deo
1395 862 1712 917 assimilamur,
1739 873 1784 907 et
1805 863 1900 921 ejus
1923 862 2062 908 beati-

107 929 275 975 tudinis
305 929 546 989 participes
573 943 745 973 sumus.
761 929 882 972 Nam
899 929 995 987 ipse
1020 929 1146 973 Deus
1172 944 1252 988 per
1278 943 1407 973 suam
1435 930 1679 974 essentiam
1704 944 1836 973 suam
1859 929 2059 973 substan-

107 996 219 1043 tiam
253 995 480 1054 intelligit,
516 1006 561 1040 et
592 996 707 1040 haec
734 1005 802 1039 est
834 997 931 1054 ejus
956 995 1162 1040 felicitas.
1187 996 1320 1039 Unde
1358 996 1520 1039 dicitur
1546 996 1602 1053 (Ι.
1622 995 1691 1052 Jo.
1728 995 1806 1039 111.
1834 995 1921 1052 2.):
1950 994 2059 1040 Cum

0 1074 9 1111 ἱ
49 1075 54 1083 “
107 1068 243 1108 autem
259 1064 515 1122 apparuerit,
533 1063 684 1107 similes
699 1064 736 1106 ei
751 1064 920 1116 erimus,
938 1069 975 1106 et
990 1063 1218 1107 videbimus
1239 1077 1332 1107 eum
1348 1064 1470 1107 sicuti
1494 1068 1562 1115 est,
1582 1071 1626 1105 et
1644 1062 1776 1118 (Luc.
1796 1062 1940 1106 XXII.
1966 1062 2059 1122 29.)

106 1129 336 1175 Dominus
361 1129 493 1173 dixit:
521 1129 609 1187 Ego
641 1128 810 1187 dispono
835 1130 955 1172 vobis
985 1130 1089 1172 sicut
1119 1128 1315 1187 disposuit
1345 1128 1451 1172 mihi
1480 1128 1609 1172 Pater
1642 1142 1754 1172 meus
1789 1143 1974 1186 regnum,
2013 1135 2060 1173 ut

106 1194 233 1240 edatis
256 1202 295 1240 et
315 1196 468 1240 bibatis
488 1202 613 1254 super
642 1208 823 1239 mensam
844 1209 980 1239 meam
1002 1197 1046 1238 in
1077 1209 1203 1252 regno
1234 1210 1336 1240 meo.
1367 1194 1507 1248 Quod
1540 1193 1722 1252 quidem
1750 1194 1805 1238 de
1832 1193 2060 1253 corporali

103 1261 210 1306 cibo
235 1263 309 1307 vel
334 1272 446 1320 potu
470 1274 565 1304 non
589 1260 781 1319 intelligi
799 1271 962 1319 potest,
979 1261 1058 1305 sed
1077 1260 1131 1304 de
1155 1275 1210 1305 eo
1235 1261 1311 1319 qui
1331 1262 1377 1304 in
1400 1274 1559 1304 mensa
1577 1260 1835 1319 Sapientiae
1852 1261 2059 1314 sumitur,

106 1327 163 1374 de
183 1341 279 1387 quo
302 1342 331 1372 a
357 1327 590 1387 Sapientia
615 1327 779 1371 dicitur
803 1327 960 1385 (Prov.
987 1327 1065 1371 IX.
1098 1327 1180 1386 5.):
1211 1327 1420 1373 Comedite
1428 1334 1557 1386 panes
1579 1342 1700 1380 meos,
1719 1333 1756 1371 et
1773 1328 1895 1371 bibite
1909 1329 2059 1372 vinum

29 1425 31 1432 ι
104 1393 215 1452 quod
244 1396 391 1439 miscui
419 1396 550 1439 vobis.
578 1394 725 1453 Super
750 1408 959 1439 mensam
982 1408 1093 1452 ergo
1119 1394 1208 1438 Dei
1233 1395 1510 1438 manducant
1535 1403 1579 1437 et
1601 1394 1773 1447 bibunt,
1800 1394 1877 1452 qui
1897 1393 2058 1438 eadem

15 1474 26 1490 ³
101 1459 320 1507 felicitate
343 1460 552 1537 fruuntur
576 1474 665 1520 qua
690 1461 816 1504 Deus
842 1459 949 1505 felix
975 1470 1056 1514 est,
1082 1460 1287 1505 videntes
1314 1474 1419 1505 eum
1444 1459 1525 1504 illo
1553 1459 1694 1504 modo
1717 1474 1808 1519 quo
1825 1461 1920 1518 ipse
1937 1460 2059 1505 videt

44 1585 50 1598 φ
103 1528 317 1587 seipsum.

873 1703 1127 1776 CAPUT
1168 1703 1288 1759 LII.

105 1839 264 1886 QUOD
295 1839 479 1880 NULLA
506 1839 723 1878 CREATA
754 1840 1095 1879 SUBSTANTIA
1125 1839 1340 1878 POTEST
1368 1838 1470 1877 SUA
1501 1838 1781 1878 NATURALI
1812 1838 2054 1877 VIRTUTE

380 1913 679 1952 PBRVENIRE
712 1914 785 1951 AD
818 1914 1112 1953 VIDENDUM
1144 1913 1300 1951 DEUM
1330 1914 1431 1952 PER
1460 1913 1783 1952 ESSENTIAM.

715 2014 771 2070 (I.
795 2021 914 2074 part.
940 2021 1092 2073 quaest.
1125 2014 1224 2059 XII.
1257 2021 1340 2060 art.
1370 2014 1454 2072 4.).

190 2124 300 2169 Non
326 2134 394 2169 est
420 2133 572 2168 autem
597 2123 812 2183 possibile
845 2124 968 2183 quod
1000 2124 1056 2168 ad
1087 2124 1225 2169 istum
1255 2124 1444 2169 visionis
1477 2123 1656 2168 divinae
1688 2123 1879 2168 modum
1905 2122 2055 2182 aliqua

19 2190 32 2242 T,
101 2201 255 2235 creata
278 2190 527 2235 substantia
552 2204 606 2235 ex
631 2191 795 2234 virtute
820 2193 1002 2250 propria
1019 2191 1162 2249 possit
1178 2191 1411 2249 attingere.
1432 2190 1571 2243 Quod
1590 2190 1713 2234 enim
1729 2200 1795 2234 est
1812 2190 2055 2249 superioris

4 2255 46 2314 ⁸4?ss
100 2267 288 2302 naturae
313 2256 562 2316 proprium,
588 2271 683 2302 non
708 2266 858 2316 potest
885 2258 1103 2316 consequi
1128 2268 1289 2302 natura
1314 2256 1514 2310 inferior,
1540 2257 1626 2301 nisi
1647 2271 1727 2315 per
1743 2257 1972 2301 actionem
1988 2271 2056 2301 su-

3 2317 50 2380 ³⁵1
99 2323 291 2382 periuris
315 2334 503 2368 naturae
529 2324 654 2382 cujus
682 2333 749 2368 est
773 2325 1021 2383 proprium,
1062 2325 1179 2369 sicut
1210 2338 1326 2383 aqua
1357 2337 1452 2367 non
1483 2333 1633 2382 potest
1664 2337 1762 2368 esse
1795 2322 1939 2367 calida
1969 2323 2056 2366 nisi

64 2384 68 2402 ³
98 2402 182 2449 per
203 2390 435 2435 actionem
459 2390 592 2448 ignis.
618 2389 786 2434 Videre
826 2400 979 2434 autem
1005 2390 1157 2434 Deum
1190 2405 1270 2450 per
1300 2391 1447 2449 ipsam
1479 2390 1722 2434 essentiam
1754 2390 1955 2433 divinam
1989 2399 2056 2434 est

4 2458 45 2510 Ϊῇ-
97 2455 334 2515 proprium
360 2466 548 2501 naturae
574 2456 768 2500 divinae.
798 2456 994 2515 Operari
1024 2457 1148 2501 enim
1174 2471 1254 2516 per
1273 2457 1503 2516 propriam
1517 2455 1715 2500 formam
1733 2465 1799 2500 est
1820 2456 2053 2515 proprium

6 2526 25 2547 ³
82 2518 339 2581 ,cujuslibet
363 2523 605 2582 operantis.
630 2522 769 2567 Nulla
794 2523 931 2582 igitur
956 2522 1272 2568 intellectualis
1298 2523 1546 2567 substantia
1570 2532 1719 2582 potest
1733 2524 1886 2568 videre
1901 2523 2054 2568 Deum

5 2610 14 2637 ε
98 2602 182 2648 per
202 2589 352 2648 ipsam
377 2589 576 2633 divinam
604 2589 861 2643 essentiam,
881 2590 970 2634 nisi
993 2590 1096 2633 Deo
1121 2590 1212 2634 hoc
1238 2589 1446 2634 faciente.
1666 2628 1671 2634 ,

11 2689 29 2719 4
188 2654 424 2715 Amplius:
450 2654 599 2699 forma
626 2655 815 2714 aliquus
848 2657 1029 2715 propria
1059 2670 1154 2700 non
1185 2656 1235 2700 fit
1267 2655 1448 2700 alterius
1479 2657 1566 2700 nisi
1598 2671 1654 2701 eo
1688 2665 1865 2715 agente.
1898 2656 2054 2714 Agens

13 2731 26 2768 ἶ
100 2721 223 2766 enim
249 2720 357 2766 facit
382 2721 466 2765 sibi
491 2721 639 2766 simile
663 2722 710 2765 in
743 2732 962 2781 quantum
994 2721 1191 2766 formam
1222 2737 1352 2768 suam
1386 2722 1513 2767 alteri
1539 2723 1864 2766 communicat.
1887 2721 2053 2767 Videre

14 2803 27 2840 ,g
102 2797 255 2832 autem
281 2788 578 2832 substantiam
603 2788 690 2831 Dei
715 2787 996 2847 impossibile
1023 2799 1103 2842 est,
1128 2789 1217 2833 nisi
1241 2790 1337 2847 ipsa
1361 2790 1511 2833 divina
1529 2791 1722 2834 essentia
1748 2790 1804 2833 sit
1824 2788 1971 2833 forma
1991 2789 2055 2833 in-

99 2852 306 2897 tellectus
331 2867 423 2912 quo
448 2853 672 2912 intelligit,
699 2864 748 2898 ut
779 2855 1020 2913 probatum
1053 2866 1132 2898 est.
1165 2855 1452 2914 Impossibile
1485 2866 1551 2900 est
1581 2856 1717 2914 igitur
1749 2855 1870 2914 quod
1904 2855 2054 2914 aliqua

20 2951 25 2955 >
100 2919 348 2964 substantia
373 2930 524 2964 creata
550 2920 605 2964 ad
632 2919 758 2964 illam
786 2922 1010 2965 visionem
1036 2922 1280 2980 perveniat,
1306 2923 1391 2966 nisi
1417 2937 1497 2980 per
1523 2923 1752 2966 actionem
1778 2922 1992 2966 divinam.

19 3026 24 3035 ἱ
181 2986 383 3030 Ἀάὴυεε
416 2986 455 3029 si
486 2986 637 3045 aliqua
669 2986 760 3030 duo
793 2987 987 3032 debeant
1018 2988 1073 3031 ad
1106 2988 1304 3032 invicem
1336 2988 1552 3046 copulari,
1586 3002 1781 3047 quorum
1812 3003 1955 3032 unum
1996 2989 2054 3032 sit

98 3051 308 3107 formale,
334 3062 379 3096 et
404 3052 524 3096 aliud
557 3052 805 3107 materiale,
838 3063 1019 3112 oportet
1050 3054 1171 3112 quod
1205 3054 1435 3113 copulatio
1468 3069 1628 3099 eorum
1661 3054 1944 3113 compleatur
1974 3068 2054 3113 per

98 3118 344 3172 actionem,
371 3132 486 3177 quae
513 3129 581 3163 est
605 3133 658 3163 ex
683 3130 806 3179 parte
833 3122 928 3178 ejus
955 3122 1077 3179 quod
1105 3132 1171 3164 est
1195 3120 1402 3176 formale,
1428 3136 1521 3165 non
1549 3131 1699 3165 autem
1722 3136 1802 3180 per
1824 3122 2050 3166 actionem

13 3189 59 3229 ἶ’
99 3187 196 3244 ejus
226 3185 351 3244 quod
383 3195 451 3229 est
480 3185 736 3240 materiale3
770 3185 920 3231 forma
952 3188 1074 3231 enim
1108 3198 1176 3231 est
1206 3189 1478 3247 principium
1511 3189 1690 3247 agendi,
1723 3189 1922 3233 materia'
1942 3203 2051 3234 vero

91 3252 368 3311 <principium
396 3251 608 3310 patiendi.
636 3252 709 3296 Ad
735 3253 826 3297 hoc
853 3264 1003 3297 autem
1032 3255 1153 3312 quod
1180 3254 1434 3299 intellectus
1462 3266 1638 3299 creatus
1668 3255 1817 3299 videat
1842 3255 1930 3299 Dei
1956 3255 2054 3299 sub·

34 3319 61 3371 J]
98 3318 325 3373 stantiam,
352 3328 533 3376 oportet
557 3319 679 3377 quod
705 3319 803 3378 ipsa
829 3320 980 3364 divina
1007 3321 1202 3364 essentia
1228 3321 1466 3379 copuletur
1488 3322 1735 3365 intellectui
1757 3331 1805 3365 ut
1825 3321 1974 3365 forma
1990 3322 2054 3366 in-

98 3384 358 3444 telligibilis,
385 3386 500 3429 sicut
525 3385 765 3443 probatum
792 3396 860 3430 est
884 3388 946 3445 (c.
978 3387 1079 3444 51.).
1106 3387 1212 3431 Non
1240 3399 1307 3432 est
1337 3389 1472 3464 igitur
1503 3388 1716 3447 possibile
1749 3389 1804 3432 ad
1836 3389 1956 3432 hanc
1987 3390 2052 3433 vi-

38 3438 57 3502 ζἱ
94 3451 278 3496 [sionem
305 3452 528 3510 perveniri
555 3452 608 3495 ab
637 3451 789 3511 aliquo
816 3452 1048 3498 intellectu
1076 3465 1244 3508 creato,
1269 3455 1356 3499 nisi
1381 3469 1461 3514 per
1487 3455 1715 3499 actionem
1747 3455 1962 3500 divinam.

32 3518 50 3576 ’ζ’
188 3518 327 3563 Item.
356 3518 477 3577 quod
504 3528 572 3562 est
596 3533 677 3577 per
702 3533 765 3573 se,
792 3533 928 3565 causa
954 3530 1021 3565 est
1046 3523 1143 3579 ejus
1169 3522 1291 3579 quod
1318 3531 1385 3566 est
1409 3536 1489 3581 per
1520 3522 1654 3566 aliud.
1687 3521 1946 3567 Intellectus
1979 3536 2052 3566 au-

98 3594 193 3630 tem
218 3584 395 3630 divinus
421 3598 500 3644 per
525 3585 726 3644 seipsum
751 3585 952 3631 divinam
978 3587 1275 3632 substantiam
1301 3588 1446 3642 videt;
1471 3602 1579 3632 nam
1600 3588 1856 3634 intellectus
1872 3589 2050 3634 divinus
