2332 3854
928 181 1083 220 LIBER
1122 179 1156 217 1.
1200 178 1319 218 CAP.
1361 178 1417 216 11.
2121 179 2146 232 3

195 284 509 331 destruendos.
546 283 648 329 Hoc
683 282 807 329 enim
844 282 986 327 modo
1013 282 1084 327 usi
1113 291 1219 326 sunt
1252 279 1425 339 antiqui
1462 279 1675 324 doctores
1713 281 1758 324 in
1795 279 2153 325 destructionem

194 366 399 399 errorum
441 350 712 404 Gentilium,
740 363 939 409 vquorum
971 348 1222 408 positiones
1254 348 1370 393 scire
1402 356 1626 406 poterant,
1669 346 1775 406 quia
1811 356 1856 391 et
1895 346 1982 405 ipsi
2025 346 2152 391 Gen-

192 418 294 464 tiles
324 418 515 473 fuerant,
547 416 621 462 vel
662 415 825 462 saltem
866 417 983 460 inter
1027 414 1231 462 Gentiles
1273 413 1531 459 conversati
1558 422 1603 457 et
1643 413 1690 457 in
1733 426 1894 457 eorum
1932 413 2148 458 doctrinis

0 497 25 529 a«
194 485 370 532 eruditi.

283 551 514 606 Secundo,
539 550 645 610 quia
671 548 856 608 quidam
883 562 1059 604 eorum,
1087 558 1135 593 ut
1158 547 1541 593 Machomestitae
1578 557 1624 591 et
1649 546 1838 604 Pagani‚
1865 559 1960 590 non
1987 560 2153 591 conve-

194 621 324 664 niunt
347 618 587 663 nobiscum
605 618 653 660 in
676 617 944 660 auctoritate
972 615 1163 673 alicujus
1190 615 1451 673 scripturae,
1468 628 1548 673 per
1564 627 1703 672 quam
1725 613 1902 672 possint
1919 614 2154 667 convinci;
2179 626 2185 658 ¹<

194 686 312 731 sicut
348 694 507 729 contra
537 683 734 742 Judaeos
760 682 988 742 disputare
1025 695 1268 741 possumus
1304 695 1384 740 per
1415 681 1558 725 Vetus
1587 679 1964 733 Testamentum3
1999 690 2158 724 contra
2191 699 2196 732 ,ε

194 752 465 805 haereticos,
491 765 570 811 per
595 750 796 794 Novum.
820 749 879 793 Hi
904 763 1014 792 vero
1036 759 1247 792 neutrum
1276 747 1511 806 recipiunt.
1539 746 1673 791 Unde
1698 760 1887 791 necesse
1911 756 1978 790 est
2001 747 2056 790 ad
2082 762 2159 790 na·
2192 734 2203 779 Ξ

193 819 387 864 turalem
413 818 640 863 rationem
678 829 921 871 recurrere,
959 815 1031 860 cui
1058 829 1219 859 omnes
1246 816 1462 858 assentire
1490 822 1740 872 coguntur;
1777 827 1893 872 quae
1929 822 2085 858 tamen
2111 814 2158 857 in
2198 779 2210 875 Ξ,

194 885 325 931 rebus
351 885 512 929 divinis
536 883 749 928 deficiens
777 892 855 927 est.

285 951 432 997 Simul
465 961 618 995 autem
655 950 893 994 veritatem
929 948 1130 1008 aliquam
1166 947 1493 1006 investigantes
1527 947 1837 1001 ostendemus,
1877 949 2157 1006 qui-errores

194 1033 274 1080 per
293 1033 396 1064 eam
423 1017 732 1072 excludantur,
756 1027 799 1061 et
825 1017 1063 1076 quomodo
1091 1015 1449 1060 demonstrativa
1475 1015 1644 1059 veritas
1669 1014 1776 1059 fidei
1800 1013 2074 1059 christianae
2096 1027 2161 1058 re-

194 1086 379 1146 ligionis
405 1085 666 1131 concordet.

976 1229 1232 1304 CAPUT
1274 1231 1374 1286 111.

541 1367 700 1413 QUOD
743 1368 799 1405 IN
840 1366 927 1404 HIS
970 1366 1118 1411 QUAE
1157 1366 1231 1403 DE
1272 1366 1385 1403 DEO
1430 1365 1810 1416 CONFITEMUR,

684 1441 924 1489 ,DUPLEX
963 1441 1062 1478 EST
1102 1440 1392 1478 VERITATIS
1433 1439 1645 1477 MODUS.

287 1552 411 1606 Quia
437 1565 546 1596 vero
571 1565 666 1597 non
693 1550 844 1594 omnis
866 1550 1065 1594 veritatis
1082 1548 1441 1594 manifestandae
1469 1549 1634 1593 modus
1657 1559 1725 1593 est
1749 1549 1887 1604 idem,
1916 1565 1940 1591 <c
1968 1547 2162 1607 discipli-

196 1618 292 1664 nati
316 1628 468 1662 autem
491 1617 693 1661 hominis
721 1626 789 1661 est
807 1626 986 1660 tantum
1003 1616 1058 1660 de
1085 1630 1364 1675 unoquoque
1387 1616 1525 1660 fidem
1543 1630 1705 1674 capere
1732 1625 1920 1671 tentare,
1938 1625 2159 1675 quantum

198 1695 359 1730 natura
384 1687 449 1730 rei
473 1684 692 1744 permittit
717 1700 759 1738 »,
778 1694 827 1728 ut
844 1698 868 1728 a
894 1683 1182 1742 Philosopho
1210 1686 1383 1742 optime
1411 1684 1584 1728 dictum
1611 1693 1679 1727 est
1695 1683 1863 1741 (Ethic.
1890 1684 1924 1727 Ι.
1953 1697 1991 1727 c.
2016 1683 2096 1740 2.),
2115 1692 2159 1727 et

197 1762 248 1797 ut
271 1752 457 1797 Boetius
481 1751 729 1796 introducit
745 1751 838 1808 (De
857 1749 984 1794 Trin.
1005 1765 1042 1796 c.
1071 1752 1149 1807 2.),
1176 1764 1364 1795 necesse
1388 1761 1456 1795 est
1472 1750 1593 1810 prius
1613 1750 1854 1796 ostendere
1873 1750 1974 1810 quis
1992 1749 2159 1794 modus

0 1808 27 1864 Ξ
81 1861 89 1869 ,
195 1817 421 1879 possibilis
447 1818 504 1863 sit
529 1818 585 1862 ad
613 1819 847 1862 veritatem
874 1818 1158 1876 propositam
1183 1817 1580 1862 manifestandam.

286 1885 368 1931 Est
393 1895 547 1930 autem
572 1885 619 1929 in
634 1885 721 1940 his,
743 1899 860 1944 quae
886 1885 942 1929 de
968 1885 1072 1929 Deo
1092 1885 1378 1939 confitemur,
1407 1884 1570 1944 duplex
1587 1885 1788 1928 veritatis
1805 1884 1984 1930 modus.
2007 1883 2160 1937 Quaee

196 1954 304 1998 dam
328 1966 528 2012 namque
554 1966 661 1996 vera
687 1963 792 1997 sunt
818 1952 872 1996 de
899 1952 1019 2007 Deo,
1046 1966 1163 2010 quae
1191 1965 1381 1995 omnem
1407 1950 1674 1996 facultatem
1705 1951 1937 1995 humanae
1969 1950 2161 1996 rationis

197 2020 435 2073 excedunt,
461 2029 511 2063 ut
535 2020 689 2064 Deum
715 2033 813 2063 esse
831 2019 1002 2063 trinum
1020 2029 1065 2063 et
1090 2032 1246 2064 unum.
1268 2019 1511 2071 Quaedam
1529 2033 1638 2063 vero
1666 2028 1783 2073 sunt,
1802 2018 1857 2062 ad
1885 2032 2002 2077 quae
2020 2019 2177 2084 etiam,

196 2087 313 2131 ratio
339 2087 556 2131 naturalis
583 2087 838 2146 pertingere
865 2095 1029 2145 potest,
1055 2086 1172 2130 sicut
1205 2096 1272 2130 est
1296 2086 1449 2129 Deum
1477 2100 1589 2139 esse,
1617 2086 1769 2129 Deum
1798 2099 1896 2130 esse
1922 2099 2081 2139 unum,
2115 2093 2185 2129 et*-

196 2153 285 2199 alia
309 2153 598 2212 hujusmodi;
635 2168 750 2212 quae
777 2154 916 2198 etiam
943 2153 1208 2212 philosophi
1235 2153 1594 2197 demonstrative
1628 2153 1682 2197 de
1709 2153 1812 2197 Deo
1838 2153 2158 2212 probaverunt,

195 2220 319 2265 ducti
342 2219 560 2264 naturalis
586 2219 759 2264 lumine
785 2221 986 2264 rationis.
2204 2248 2235 2265 ψ

257 2287 398 2341 Quod
424 2297 577 2332 autem
603 2288 691 2333 sint
717 2287 869 2346 aliqua
891 2287 1245 2346 intelligibilium
1272 2287 1547 2341 divinorum,
1574 2301 1690 2346 quae
1717 2287 1947 2332 humanae
1971 2285 2160 2331 rationis

33 2347 65 2411 a*
134 2372 136 2374 ’
194 2355 375 2415 penitus
399 2355 622 2400 excedant
645 2355 899 2413 ingenium,
927 2354 1266 2399 evidentissime
1293 2364 1495 2413 apparet.

94 2416 101 2423 ”
284 2421 431 2468 PROB.
461 2435 498 2466 1.
527 2421 686 2474 Quum
714 2421 837 2466 enim
863 2421 1136 2481 principium
1163 2421 1302 2466 totius
1319 2421 1550 2475 scientiae,
1573 2435 1712 2480 quam
1731 2421 1785 2465 de
1805 2421 1955 2480 aliqua
1977 2435 2025 2465 re
2042 2422 2158 2465 ratio

194 2489 399 2548 percipit,
425 2489 483 2534 sit
506 2489 762 2534 intellectus
789 2490 1063 2534 substantiae
1082 2489 1237 2548 ipsius,
1256 2503 1311 2533 eo
1330 2489 1467 2547 quod,
1494 2489 1745 2533 secundum
1776 2490 2031 2534 doctrinam
2058 2489 2162 2533 Phi-

195 2556 379 2614 losophi
406 2556 563 2613 (Anal.
586 2566 702 2616 post.
725 2557 781 2602 11.
807 2566 838 2600 t.
867 2571 905 2601 c.
931 2557 1009 2614 2.),
1026 2556 1430 2601 demonstrationis
1458 2556 1731 2615 principium
1759 2566 1826 2600 est
1844 2556 1951 2615 quod
1968 2556 2066 2614 quid
2086 2555 2157 2611 est,

196 2633 377 2681 oportet
407 2623 530 2682 quod
557 2624 810 2668 secundum
847 2624 1055 2678 modum,
1093 2637 1184 2682 quo
1227 2623 1477 2668 substantia
1503 2624 1569 2667 rei
1593 2623 1874 2682 intelligitur,
1906 2624 1963 2668 sit
1998 2637 2160 2667 eorum

196 2689 362 2734 modus
387 2703 504 2748 quae
540 2690 595 2734 de
621 2704 670 2734 re
696 2689 774 2735 illa
800 2700 1162 2749 cognoscuntur:
1183 2690 1332 2743 Unde,
1360 2692 1396 2735 si
1418 2689 1674 2735 intellectus
1705 2691 1933 2735 humanus
1969 2691 2159 2750 alicujus

18 2795 56 2824 ‚²
197 2757 264 2800 rei
293 2756 592 2801 substantiam
621 2757 983 2816 comprehendit,
1010 2768 1117 2816 puta
1150 2757 1312 2815 lapidis
1337 2757 1411 2801 vel
1447 2758 1677 2816 trianguli,
1703 2757 1880 2802 nullum
1906 2758 2162 2817 intelligibi-

119 2831 121 2833 ’
196 2822 311 2867 lium
337 2822 458 2868 illius
483 2824 549 2867 rei
584 2823 848 2868 facultatem
886 2825 1117 2868 humanae
1158 2824 1348 2868 rationis
1385 2824 1585 2869 excedet.
1627 2824 1767 2876 Quod
1805 2825 1989 2884 quidem
2026 2825 2158 2869 nobis

197 2890 318 2934 circa
343 2890 497 2934 Deum
523 2904 617 2934 non
651 2892 828 2935 accidit.
852 2892 988 2945 Nam,
1017 2891 1072 2935 ad
1098 2891 1399 2936 substantiam
1425 2892 1565 2951 ipsius
1593 2892 1876 2950 capiendam,
1902 2891 2158 2936 intellectus

196 2956 426 3001 humanus
451 2971 546 3001 non
579 2968 728 3016 potest
748 2958 945 3002 naturali
970 2958 1134 3002 virtute
1167 2958 1437 3018 pertingere,
1463 2973 1604 3018 quum
1630 2958 1889 3003 intellectus
1914 2959 2072 3012 nostri,
2094 2973 2160 3004 se-

198 3023 397 3068 cundum
425 3024 616 3068 modurn
643 3025 892 3083 praesentis
918 3026 1052 3082 vitae,
1081 3025 1284 3084 cognitio
1312 3040 1335 3069 a
1364 3040 1501 3070 sensu
1526 3026 1724 3084 incipiat.
1753 3026 1808 3070 Et
1833 3026 1936 3070 ideo
1960 3040 2014 3070 ea
2040 3041 2156 3086 quae

197 3089 245 3134 in
266 3103 403 3136 sensu
427 3104 522 3136 non
549 3092 715 3136 cadunt
739 3106 833 3136 non
860 3103 1051 3151 possunt
1075 3092 1279 3136 humano
1321 3092 1555 3137 intellectu
1584 3093 1698 3151 capi,
1730 3093 1817 3137 nisi
1849 3103 2070 3152 quatenus
2103 3108 2157 3139 ex

198 3156 404 3202 sensibus
429 3171 590 3203 eorum
618 3160 822 3218 cognitio
854 3159 1095 3218 colligitur.
1125 3159 1366 3203 Sensibilia
1393 3170 1546 3204 autem
1574 3160 1628 3203 ad
1657 3160 1748 3203 hoc
1785 3160 1951 3204 ducere
1985 3160 2158 3205 intelle-

201 3234 323 3270 ctum
350 3234 559 3269 nostrum
577 3240 672 3271 non
694 3237 899 3286 possunt,
921 3237 970 3271 ut
994 3227 1041 3271 in
1060 3229 1123 3271 eis
1140 3227 1293 3271 divina
1310 3227 1560 3271 substantia
1573 3227 1779 3271 videatur
1796 3227 1896 3286 quid
1918 3229 1986 3282 sit,
2013 3241 2156 3287 quum

199 3292 288 3336 sint
312 3290 498 3337 effectus
522 3306 688 3338 causae
725 3294 940 3339 virtutem
965 3308 1058 3338 non
1088 3304 1346 3352 aequantes.
1375 3294 1569 3338 Ducitur
1600 3304 1754 3338 tamen
1788 3309 1843 3338 ex
1869 3294 2156 3339 sensibilibus

198 3357 455 3403 intellectus
479 3369 635 3405 noster
658 3361 706 3405 in
731 3361 936 3406 divinam
963 3362 1292 3419 cognitionem,
1318 3371 1368 3405 ut
1394 3370 1648 3419 cognoscat
1678 3361 1734 3405 de
1760 3362 1862 3406 Deo
1889 3363 1989 3420 quia
2014 3368 2083 3415 est,
2112 3372 2157 3406 et

201 3425 302 3481 alia⁴
314 3425 595 3484 hujusmodi,
619 3441 736 3486 quae
762 3438 943 3488 oportet
961 3428 1147 3483 ¹attribui
1175 3428 1324 3487 primo
1356 3428 1594 3486 principio.
1623 3428 1739 3472 Sunt
1770 3429 1904 3487 igitur
1931 3429 2157 3488 quaedam

199 3491 551 3551 intelligibilium
573 3493 847 3549 divinorum,
873 3509 988 3555 quae
1011 3495 1241 3539 humanae
1264 3495 1430 3539 rationi
1455 3505 1559 3539 sunt
1579 3495 1756 3555 pervia;
1778 3495 2003 3556 quaedam
2030 3510 2158 3552 vero,

200 3572 316 3621 quae
341 3560 531 3605 omnino
558 3561 652 3605 vim
676 3561 906 3607 humanae
932 3562 1120 3606 rationis
1147 3562 1382 3606 excedunt.
