2332 3854
258 211 370 279 436
913 196 1068 267 LIBER
1106 219 1183 258 111.
1226 192 1345 258 eff:
1386 218 1555 257 xcvn.

258 325 483 380 formam3
517 334 698 383 oportet
724 323 845 383 quod
879 322 1083 381 operatio
1110 322 1176 366 rei
1202 331 1414 380 sequatur
1438 320 1634 366 formam
1667 321 1819 381 ipsius.
1848 322 2046 381 Oportet
2064 319 2215 380 igitur,

260 393 299 438 si
324 393 413 438 sint
439 393 643 436 diversae
669 390 859 443 formae,
891 388 1013 447 quod
1038 388 1237 432 habeant
1269 387 1468 432 diversas
1495 389 1798 446 operationes.

350 459 474 512 Quia
500 471 609 503 vero
636 471 714 515 per
739 456 972 514 propriam
993 455 1224 498 actionem
1250 468 1320 499 res
1345 453 1573 514 quaelibet
1599 455 1655 498 ad
1681 455 1916 514 proprium
1942 451 2082 498 finem
2112 467 2215 514 per-

258 527 405 585 tingit,
431 538 617 569 necesse
641 532 708 567 est
734 522 872 565 etiam
898 522 1106 580 proprios
1131 520 1243 566 fines
1265 520 1558 566 diversificari
1581 521 1629 564 in
1649 521 1797 577 rebus,
1814 521 2022 580 quamvis
2038 520 2097 567 sit
2114 519 2217 565 finis

258 593 446 641 ultimus
474 591 683 634 omnibus
714 588 988 632 communis.
1271 644 1278 650 ι

350 658 563 717 Sequitur
586 656 723 700 etiam
741 669 795 699 ex
822 654 1080 698 diversitate
1102 653 1355 698 formarum
1381 653 1558 698 diversa
1582 653 1800 698 habitudo
1819 653 2036 698 materiae
2058 650 2216 698 αὔης.

261 727 382 771 Cum
416 725 538 768 enim
579 722 755 766 formae
788 721 993 765 diversae
1026 721 1114 764 sint
1145 721 1399 765 secundum
1430 721 1552 779 quod
1589 721 1816 779 quaedam
1847 730 1950 765 sunt
1984 720 2082 765 aliis
2117 733 2219 780 per-

260 792 485 844 fectiores,
513 799 617 833 sunt
641 787 758 832 inter
790 802 865 832 eas
900 787 1077 846 aliquae
1099 788 1146 830 in
1171 797 1349 831 tantum
1380 787 1622 846 perfectae,
1649 787 1772 846 quod
1797 797 1903 832 sunt
1931 801 2011 847 per
2041 800 2090 832 se
2119 786 2220 831 sub-

259 861 466 903 sistentes
493 866 537 899 et
562 855 804 914 perfectae,
832 855 887 898 ad
912 854 1028 898 nihil
1043 855 1297 913 indigentes
1314 854 1531 898 materiae
1548 853 1841 909 fulcimento;
1858 854 2083 914 quaedam
2105 866 2217 898 vero

259 939 339 984 per
362 938 408 968 se
436 922 631 982 perfecte
659 921 900 966 subsistere
926 935 1020 965 non
1042 930 1246 979 possunt,
1273 920 1352 964 sed
1378 921 1616 964 materiam
1645 935 1726 979 pro
1749 919 2049 966 fundamento
2070 920 2219 980 requi-

260 1001 376 1046 runt,
404 1000 454 1034 ut
484 990 547 1034 sic
587 988 698 1032 illud
726 988 849 1047 quod
881 988 1082 1032 subsistit
1105 1001 1199 1031 non
1232 988 1289 1031 sit
1318 986 1468 1031 forma
1499 997 1692 1041 tantum,
1723 1000 1873 1047 neque
1902 987 2094 1032 materia
2124 997 2220 1032 tan·

259 1068 373 1112 tum,
400 1071 515 1116 quae
541 1070 621 1115 per
642 1070 690 1100 se
716 1070 812 1100 non
845 1064 913 1099 est
934 1069 1013 1099 ens
1041 1064 1159 1108 actu,
1185 1053 1264 1098 sed
1288 1053 1598 1112 compositum
1621 1068 1675 1098 ex
1697 1064 1904 1114 utroque.
1923 1053 2033 1098 Non
2065 1063 2218 1098 autem

258 1134 445 1184 possent
485 1123 676 1167 materia
708 1131 751 1166 et
781 1121 931 1166 forma
965 1121 1021 1165 ad
1063 1120 1232 1180 aliquid
1264 1134 1406 1164 unum
1439 1121 1810 1165 constituendum
1841 1121 2102 1174 convenire,
2130 1120 2221 1165 nisi

261 1202 379 1236 esset
411 1190 562 1249 aliqua
583 1189 820 1248 proportio
842 1189 960 1232 inter
981 1203 1048 1233 ea.
1077 1189 1127 1232 Si
1159 1197 1314 1232 autem
1340 1188 1684 1246 proportionata
1710 1194 1892 1247 oportet
1923 1200 1978 1231 ea
2010 1199 2220 1242 esse3‘ne·

261 1271 387 1302 cesse
411 1266 477 1301 est
509 1256 632 1315 quod
666 1255 853 1299 diversis
885 1254 1045 1299 formis
1077 1254 1283 1298 diversae
1315 1253 1533 1296 materiae
1572 1253 1900 1312 respondeant:
1941 1251 2067 1298 unde'
2089 1252 2222 1298 fitvut

259 1324 487 1384 quaedam
520 1323 695 1367 formae
734 1323 967 1381 requirant
997 1322 1237 1366 materiam
1279 1318 1551 1379 simplicem,
1577 1321 1804 1379 quaedam
1833 1333 1944 1365 vero
1980 1320 2220 1365 materiam

262 1392 581 1450 compositam,
609 1399 654 1433 et
685 1388 938 1433 secundum
965 1389 1165 1434 diversas
1186 1387 1358 1432 formas
1376 1387 1602 1431 diversam
1619 1387 1816 1446 partium
1834 1386 2221 1447 compositionem

260 1467 441 1517 oportet
473 1470 571 1501 esse
605 1465 938 1515 congruentem
967 1456 1022 1499 ad
1047 1456 1250 1514 speciem
1274 1453 1466 1507 formae,
1501 1463 1545 1497 et
1577 1453 1632 1497 ad
1666 1453 2160 1513 operationemfipsius.

349 1525 415 1569 Ex
438 1525 614 1568 diversa
641 1534 794 1567 autem
820 1522 1085 1567 habitudine
1113 1522 1168 1565 ad
1191 1521 1432 1565 materiam
1465 1520 1665 1579 sequitur
1684 1521 1932 1566 *diversitas
1972 1519 2221 1580 agentium,

260 1601 305 1635 et
330 1590 612 1649 patientium.
648 1591 770 1635 Cum
798 1589 920 1633 enim
949 1598 1053 1648 agat
1080 1588 1438 1647 unumquodque
1461 1589 1637 1631 ratione
1663 1586 1858 1642 formae,
1878 1586 2221 1647 patiaturvero,

261 1667 305 1702 et
330 1666 571 1702 moveatur
593 1657 768 1700 ratione
794 1656 1028 1710 materiae,
1055 1665 1236 1714 oportet
1261 1655 1383 1714 quod
1409 1653 1486 1698 illa
1512 1668 1708 1713 quorum
1734 1653 1911 1705 formae
1937 1662 2042 1698 sunt
2075 1652 2222 1712 perfe-

262 1725 428 1768 ctiores
455 1734 499 1767 et
527 1725 676 1767 minus
703 1722 963 1766 materiales
1007 1731 1145 1780 agant
1170 1722 1215 1765 in
1236 1720 1316 1764 illa
1334 1734 1450 1779 quae
1477 1731 1580 1765 sunt
1598 1721 1747 1779 magis
1763 1719 2033 1776 materialia,
2053 1729 2100 1765 et
2113 1726 2223 1780 quoss

262 1805 364 1834 rum
396 1790 573 1834 formae
599 1799 704 1834 sunt
729 1788 1103 1846 imperfectiores.

352 1857 418 1901 Ex
453 1857 712 1900 diversitate
751 1852 905 1899 autem
935 1854 1204 1909 formarum,
1246 1863 1289 1898 et
1321 1853 1630 1908 materiarum,
1669 1863 1714 1898 et
1747 1854 1980 1913 agentium
2019 1853 2222 1914 sequitur

261 1924 496 1968 diversitas
523 1923 853 1982 proprietatum
886 1933 930 1966 et
956 1922 1278 1966 accidentium.
1312 1921 1434 1965 Cum
1467 1922 1590 1965 enim
1622 1922 1871 1965 substantia
1895 1921 1954 1966 sit
1983 1934 2121 1966 causa
2153 1934 2223 1965 ac-

265 1991 470 2043 cidentis,
497 1990 614 2033 sicut
645 1989 897 2048 perfectum
929 1988 1197 2047 imperfecti,
1225 1998 1406 2047 oportet
1428 1988 1550 2047 quod
1577 2001 1630 2031 ex
1657 1988 1845 2032 diversis
1866 1987 2099 2047 principiis
2123 1988 2224 2032 sub-

262 2056 547 2102 stantialibus
570 2056 746 2100 diversa
769 2056 1021 2099 accidentia
1047 2055 1229 2114 propria
1262 2065 1611 2113 consequantur.
1635 2055 1822 2109 Rursus,
1849 2055 1939 2099 cun
1963 2068 2018 2099 ex
2035 2054 2222 2099 diversis

267 2124 503 2183 agentibus
529 2123 619 2167 sint
643 2123 848 2167 diversae
870 2123 1193 2181 impressiones
1225 2121 1271 2165 in
1298 2122 1585 2180 patientibus,
1603 2130 1784 2180 oportet
1800 2121 1922 2180 quod
1949 2123 2030 2182 Per
2045 2121 2224 2166 diversa

268 2191 449 2250 agentia
481 2190 660 2234 diversa
684 2190 774 2234 sint
805 2189 1057 2233 accidentia
1080 2202 1195 2247 quae
1224 2188 1276 2232 ab
1312 2188 1547 2247 agentibus
1573 2188 1909 2247 imprimuntur.

353 2259 483 2302 Patet
509 2271 619 2315 ergo
653 2272 707 2300 ex
733 2257 879 2310 dictis,
911 2256 1035 2315 quod
1070 2270 1172 2300 cum
1201 2270 1279 2314 per
1306 2255 1508 2298 divinam
1530 2254 2025 2314 providentiamrebus
2058 2254 2224 2301 creatis

264 2326 440 2369 diversa
475 2324 743 2377 accidentia,
777 2333 821 2367 et
853 2323 1071 2376 actiones,
1098 2332 1142 2366 et
1172 2321 1423 2380 passiones,
1450 2331 1494 2364 et
1527 2321 1857 2366 collocationes
1887 2321 2224 2378 distribuantur,

265 2406 361 2436 non
382 2392 473 2435 hoc
506 2392 676 2449 absque
708 2392 881 2434 ratione
914 2389 1092 2433 accidit.
1116 2389 1234 2431 Hinc
1269 2397 1335 2431 est
1374 2387 1496 2446 quod
1534 2402 1663 2432 sacra
1690 2387 1923 2446 Scriptura
1953 2401 2106 2434 rerum
2126 2403 2226 2448 pro-

265 2458 531 2502 ductionem
563 2467 608 2501 et
639 2456 1017 2515 gubernationem
1057 2455 1323 2514 sapientiae,
1356 2464 1400 2498 et
1440 2455 1752 2514 providentiae
1793 2455 1973 2500 divinae
2003 2456 2223 2512 attribuit3

264 2525 428 2569 dicitur
454 2525 577 2568 enim
605 2524 759 2581 (Prov.
788 2524 864 2567 III.
904 2537 969 2582 19.
1004 2533 1049 2566 et
1081 2522 1196 2579 20.):
1231 2523 1442 2566 Dominus
1477 2523 1683 2581 sapientia
1702 2522 1906 2581 fundavit
1936 2529 2223 2578 terram,.sta-

266 2593 404 2636 bilivit
430 2592 556 2636 coelos
574 2590 829 2649 prudentia:
856 2591 1059 2649 sapientia
1081 2590 1193 2633 illius
1218 2594 1440 2645 eruperunt
1456 2590 1602 2647 abyssi,
1622 2595 1658 2633 et
1674 2590 1799 2634 nubes
1818 2602 1918 2635 rore>
1935 2597 2222 2646 concrescunt,-

267 2669 311 2703 et
338 2659 466 2717 (Sap.
494 2658 615 2701 VIII.
648 2658 706 2714 1.)
730 2658 893 2701 dicitur
919 2657 974 2700 de
991 2657 1078 2700 Dei
1107 2655 1343 2715 sapientia,
1376 2655 1498 2714 quod
1521 2658 1690 2714 attingit
1720 2657 1844 2715 afine
1875 2671 1999 2715 usque
2022 2656 2223 2716 adfinem

270 2728 451 2779 fortiter,
485 2733 523 2770 et
558 2726 736 2785 disponit
772 2726 919 2778 omnia¹
946 2726 1156 2769 suaviter:
1190 2733 1236 2767 et
1266 2723 1366 2780 (XI.
1399 2722 1491 2779 21.)
1524 2723 1727 2780 ejusdem
1765 2723 1949 2768 dicitur:
1985 2724 2145 2770 Omnia
2177 2725 2224 2768 in

268 2807 478 2846 mensura,
505 2807 678 2836 numero
715 2799 754 2836 et
777 2792 957 2850 pondere
994 2791 1267 2846 distribuisti,·
1300 2799 1347 2833 ut
1373 2804 1453 2847 per
1478 2804 1757 2843 mensuram,
1784 2786 2097 2851 quantitatem,
2126 2789 2223 2835 sive

267 2860 472 2912 modum,
507 2869 584 2902 aut
609 2859 800 2917 gradum
819 2858 1111 2916 perfectionis
1127 2858 1480 2915 uniuscujusque
1514 2858 1577 2900 rei
1599 2856 1932 2916 intelligamus;
1959 2854 2047 2917 pei·¹
2067 2870 2223 2902 nume-

273 2940 376 2970 rum
401 2940 526 2979 vero,
547 2926 913 2984 pulcritudinem,
947 2935 989 2968 et
1016 2925 1320 2968 diversitatem
1353 2924 1606 2982 specierum
1628 2934 1986 2983 consequentem
2001 2935 2059 2969 ex
2083 2923 2226 2969 diver-

268 2995 329 3037 sis
345 2992 637 3051 perfectionis
664 2992 899 3050 gradibus3
932 3005 1010 3050 per
1036 2991 1213 3050 pondus
1238 3004 1349 3034 vero
1368 2989 1686 3034 inclinationes
1714 2990 1913 3035 diversas
1936 2991 1992 3034 ad
2014 2992 2222 3050 proprios

269 3059 396 3112 fines,
430 3069 474 3103 et
499 3058 802 3118 operationes,
831 3068 874 3102 et
900 3058 1095 3117 agentia,
1122 3067 1166 3101 et
1192 3057 1423 3117 patientia,
1450 3066 1494 3100 et
1527 3056 1797 3111 accidentia,
1822 3057 1941 3116 quae
1977 3066 2224 3117 sequuntur

269 3126 609 3170 distinctionem
631 3126 904 3184 specierum.

360 3193 411 3236 In
445 3192 676 3250 praedicto
705 3202 859 3236 autem
886 3191 1059 3245 ordine,
1101 3190 1352 3236 secundum
1386 3204 1522 3248 quem
1555 3191 1670 3234 ratio
1703 3189 1882 3235 divinae
1910 3187 2224 3250 'providentiae

273 3260 531 3313 attenditur,
565 3259 763 3317 primum
798 3273 895 3302 esse
929 3259 1123 3302 diximus
1153 3258 1351 3301 divinam
1385 3258 1652 3313 bonitatem,
1674 3258 1803 3317 quasi
1826 3256 2037 3303 ultimum
2068 3257 2224 3314 finem,

271 3327 347 3385 qui
380 3335 446 3370 est
472 3326 669 3384 primum
702 3325 974 3384 principium
999 3326 1044 3368 in
1080 3324 1291 3383 agendis;
1318 3324 1421 3367 dein
1448 3338 1557 3369 vero
1585 3338 1736 3369 rerum
1757 3324 2146 3380 numerositatem,
2164 3325 2223 3371 ad

270 3407 406 3451 quam
435 3393 800 3437 constituendam
837 3405 1023 3436 necesse
1061 3402 1128 3436 est
1151 3390 1314 3450 gradus
1348 3391 1551 3435 diversos
1583 3392 1628 3435 in
1655 3391 1831 3446 formis,
1857 3401 1902 3437 et
1932 3391 2146 3446 materiis,
2178 3402 2223 3437 et

270 3459 519 3517 agentibus,
539 3468 584 3502 et
598 3459 883 3517 patientibus,
901 3468 946 3502 et
969 3458 1235 3511 actionibus,
1254 3467 1297 3501 et
1315 3457 1621 3501 accidentibus
1639 3471 1751 3502 esse.
1770 3456 2023 3518 Sicutergo
2040 3465 2223 3503 summa

269 3526 384 3568 ratio
413 3525 591 3569 divinae
619 3525 930 3583 providentiae
963 3524 1229 3584 simpliciter
1266 3533 1334 3568 est
1368 3524 1520 3568 divina
1545 3526 1738 3579 bonitas,
1769 3525 1831 3570 ita
1856 3524 2003 3585 prima
2027 3525 2143 3569 ratio
2172 3525 2220 3570 in

268 3592 483 3636 creaturis
509 3601 578 3637 est
603 3605 764 3636 eorum
796 3591 1113 3646 numerositas,
1147 3590 1203 3635 ad
1226 3592 1355 3650 cujus
1380 3590 1711 3636 institutionem
1744 3601 1789 3637 et
1821 3591 2220 3638 conservationem
