2294 3854
834 218 988 258 tuma
1027 218 1392 258 1v.<:A1>.1.v.
1981 205 2085 274 657

87 319 368 367 christum
393 320 545 364 statim
566 318 958 365 immortalitatem
983 319 1488 397 impassibilitatemque
1513 327 1912 378 consequerentur,
1938 319 2090 379 plures

86 382 362 432 homines
376 385 448 429 ad
459 385 694 430 Christum
726 387 995 431 accederent
1020 387 1168 454 magis
1207 396 1391 446 propter
1431 386 1547 431 haec
1585 385 1840 445 corporalia
1873 386 2092 431 beneficia

130 448 269 514 quam
299 461 483 512 propter
513 452 761 511 spiritualia
801 452 949 508 bona3
986 449 1118 512 quod
1149 463 1218 498 est
1255 460 1414 497 contra
1452 452 1754 497 intentionem
1798 452 1985 508 Christi,
2015 466 2092 497 ve·

62 515 111 574 '‘³''
129 518 331 565 mutis
320 527 366 563 in
393 519 614 563 mundum
645 528 696 563 ut
725 519 938 563 homines
965 520 1019 563 ab
1047 533 1205 564 amore
1232 518 1541 578 corporalium
1580 519 1637 563 ad
1667 519 1919 578 spiritualia
1951 529 2092 564 trans-

7 577 8 580 ’
63 585 75 627 'f
130 583 278 632 fluet.
311 583 640 644 Tertio,>quia,
670 585 709 630 si
746 586 1014 629 accedentes
1048 585 1103 630 ad
1137 585 1373 630 Christum
1405 586 1560 630 statim
1595 585 1900 644 impassibiles
1935 595 1979 630 et
2010 585 2092 629 im-

61 651 89 689 ss.
131 650 348 696 mortales
387 650 695 705 redderentur,
736 651 827 695 hoc
870 652 1216 710 quodammodo
1261 651 1559 711 compelleret
1599 652 1812 697 homines
1853 652 1910 696 ad
1950 651 2089 696 fidem

130 712 303 795 Christi
334 717 695 777 suscipiendam3
728 729 771 762 et
793 717 856 762 sic
884 717 1096 762 meritum
1129 718 1235 762 fidei
1260 719 1553 763 minueretur.

177 783 446 838 'Quamvis
479 793 631 829 autem
657 783 932 829 sufficienter
957 798 1040 843 pro
1072 785 1271 843 peccatis
1303 785 1494 829 humani
1527 783 1706 843 generis
1738 798 1819 829 sua
1843 796 1993 830 morte
2024 799 2096 830 sa-

129 850 358 922 fissscerit,
379 861 428 896 ut
452 852 675 910 vigesima
700 860 827 895 sexta
852 850 968 895 ratio
994 852 1292 927 proponebat,
1318 861 1422 895 sunt
1441 862 1597 895 tamen
1623 851 1868 911 unicuique
1888 852 2091 896 remedia

129 909 340 978 propriae
371 918 528 963 salutis
560 918 851 977 quaerenda.
870 918 995 961 Mors
1028 918 1150 961 enim
1184 917 1356 962 Christi
1388 928 1456 962 est
1487 918 1628 994 quasi
1651 918 1876 976 quaedam
1916 919 2091 963 univer·

16 979 69 1048 14⁷.
89 1001 95 1008 ·
129 984 237 1030 §alis
258 997 394 1029 causa
416 983 587 1038 salutis,
609 985 726 1028 sicut
747 994 987 1042 peccatum
1015 983 1149 1042 primi
1170 984 1371 1028 hominis
1397 984 1480 1028 fuit
1502 985 1631 1043 quasi
1659 984 1926 1030 universalis
1949 998 2086 1030 causa

15 1046 18 1048 ’
52 1056 61 1068 ”’
131 1050 449 1099 damantionis.
470 1049 668 1108 Oportet
693 1059 845 1093 autem
869 1050 1173 1094 universalem
1203 1064 1386 1094 causam
1410 1050 1628 1110 applicari
1655 1050 1710 1094 ad
1734 1051 2090 1110 unumquodque

129 1108 399 1181 *celantem
424 1126 473 1160 ut
503 1115 718 1160 effectum
746 1114 1011 1160 universalis
1045 1130 1209 1160 causae
1239 1117 1490 1176 participet.
1523 1116 1723 1161 Effectus
1754 1117 1892 1175 igitur
1914 1117 2091 1176 peccati

128 1174 274 1243 primi
284 1183 490 1243 parentis
520 1182 725 1241 pervenit
758 1182 814 1226 ad
843 1196 1213 1241 unumquemque
1246 1197 1326 1241 per
1352 1183 1499 1228 carnis
1525 1183 1774 1242 originem3
1803 1182 1991 1232 effectus
2017 1188 2092 1228 Iau-

127 1253 235 1311 stin
242 1249 434 1295 monis
446 1248 619 1293 Christi
649 1249 863 1308 pertingit
890 1250 945 1292 ad
979 1263 1352 1308 unumquemque
1378 1263 1459 1308 per
1482 1249 1764 1308 spiritualem
1789 1249 2093 1308 regeneratio-

14 1315 19 1374 }
46 1346 65 1377 .·
127 1307 260 1371 min,
283 1323 363 1374 per
387 1328 537 1375 quam
555 1315 702 1359 homo
745 1315 931 1359 Christo
963 1316 1309 1374 quodammodo
1337 1316 1629 1374 conjungitur
1666 1325 1711 1360 et
1745 1315 2089 1375 incorporatur3

14 1403 61 1426 ε
104 1437 106 1439 .
129 1382 188 1429 et
192 1373 329 1427 >siden
325 1389 516 1445 oportet
545 1381 668 1441 quod
701 1382 1009 1457 unusquisque
1036 1392 1223 1440 quaerat
1248 1381 1509 1440 regenerari
1539 1396 1620 1441 per
1646 1381 1882 1457 Christum
1910 1391 1969 1427 et
2000 1381 2089 1427 alia

128 1449 392 1508 mcipere
372 1463 428 1493 ιιι
457 1448 620 1508 quibus
646 1448 786 1492 virtus
820 1448 980 1493 mortis
1008 1447 1180 1492 Christi
1206 1460 1434 1506 operatur.

215 1515 283 1560 Ex
310 1529 404 1575 quo
435 1524 560 1575 patet
599 1515 722 1573 quod
755 1514 943 1559 effluxus
969 1514 1126 1558 salutis
1168 1530 1193 1558 a
1233 1515 1418 1559 Christo
1450 1514 1498 1558 in
1538 1514 1752 1559 homines
1783 1528 1879 1559 non
1910 1524 1979 1560 est
2008 1490 2089 1573 per

127 1591 315 1628 naturae
345 1583 659 1642 propaginem,
680 1583 759 1626 sed
792 1597 873 1641 per
903 1582 1104 1626 studium
1135 1582 1284 1626 bonae
1320 1581 1567 1626 voluntatis
1599 1597 1689 1641 qua
1720 1582 1865 1626 homo
1899 1581 2086 1627 Christo

51 1651 58 1653 ”
129 1649 367 1704 adhaeret3
397 1659 444 1694 et
481 1649 546 1693 sic
578 1649 701 1708 quod
743 1663 769 1692 a
812 1648 999 1694 Christo
1041 1649 1350 1708 unusquisque
1393 1649 1700 1707 consequitur,
1743 1659 1811 1693 est
1847 1647 2088 1708 personale

44 1724 53 1766 ᾗ
126 1716 326 1770 bonum3
366 1716 486 1760 unde
517 1730 612 1760 non
652 1716 880 1760 derivatur
912 1715 967 1759 ad
1001 1725 1223 1774 posteros,
1266 1716 1382 1759 sicut
1423 1725 1663 1774 peccatum
1700 1715 1836 1774 primi
1870 1715 2086 1775 parentis,

50 1779 53 1782 ⁴
128 1783 252 1843 quod
283 1792 611 1836 cum2naturae
642 1782 892 1843 propagine
929 1782 1206 1841 producitur.
1241 1783 1298 1826 Et
1329 1783 1433 1826 inde
1471 1792 1539 1835 est
1569 1782 1706 1841 quod,
1739 1781 1846 1826 licet
1879 1792 2088 1843 parentes

128 1849 218 1894 sint
243 1863 270 1893 a
295 1858 486 1908 peccato
511 1849 724 1908 originali
750 1849 956 1892 mundati
981 1863 1061 1907 per
1094 1848 1344 1902 Christum,
1371 1862 1465 1892 non
1488 1859 1645 1893 tamen
1668 1857 1736 1893 est
1761 1848 2087 1893 inconveniens

127 1915 251 1975 quod
277 1929 437 1960 eorum
459 1915 540 1959 filii
562 1930 668 1959 cum
694 1926 887 1974 peccato
910 1915 1123 1973 originali
1144 1925 1389 1959 nascantur
1415 1926 1460 1960 et
1480 1915 1776 1961 sacramentis
1799 1914 1954 1959 salutis
1977 1914 2088 1958 indi-

125 1991 276 2040 geant,
307 1992 355 2026 ut
383 1982 604 2040 vigesima
629 1983 821 2041 septima
852 1982 968 2025 ratio
995 1981 1309 2027 concludebat.

30 2084 44 2110 4
218 2048 293 2092 Sic
319 2047 456 2106 igitur
481 2062 535 2092 ex
554 2049 815 2108 praemissis
843 2048 1125 2107 aliquatenus
1152 2059 1275 2107 patet
1298 2049 1420 2108 quod
1448 2063 1501 2092 ea
1534 2062 1650 2107 quae
1672 2049 1793 2093 circa
1819 2047 2086 2107 mysterium

39 2114 57 2182 ζᾆῖ
126 2115 454 2159 incarnationis
479 2115 590 2160 fides
618 2115 846 2161 catholica
873 2115 1104 2174 praedicat
1127 2128 1275 2174 neque
1310 2114 1612 2174 impossibilia
1652 2129 1801 2174 neque
1833 2115 2087 2174 incongrua

38 2195 44 2213 ³
126 2181 433 2236 inveniuntur.
822 2205 826 2209 -

48 2250 51 2251 ’
126 2257 133 2261 -
146 2247 184 2271 'ir'
200 2264 213 2270 -.
239 2254 242 2262 ’

883 2380 1140 2437 CAPUT
1181 2381 1325 2436 LVI.

592 2530 669 2568 DE
706 2529 1080 2589 NECESSITATE
1119 2531 1621 2570 SACRAMENTORUM.

246 2643 352 2703 (ΙΙΙ.
379 2650 493 2704 part.
526 2649 678 2703 quaest.
705 2644 819 2688 LXI.
851 2651 933 2690 art.
960 2661 995 2690 ι.
1021 2652 1059 2690 et
1084 2646 1162 2690 IV.
1193 2628 1308 2691 'Sena
1335 2646 1425 2691 dist.
1453 2662 1488 2692 r.
1523 2653 1673 2705 quaest.
1701 2647 1736 2690 I.
1770 2653 1851 2692 art.
1886 2647 1962 2702 2.).

219 2769 340 2823 Quia
365 2781 491 2824 vero,
513 2770 632 2814 sicut
650 2770 743 2827 jam
769 2769 942 2814 dictum
973 2779 1055 2824 est,
1077 2784 1203 2815 mors
1225 2770 1397 2815 Christi
1418 2782 1485 2816 est
1506 2772 1636 2831 quasi
1658 2770 1921 2816 universalis
1946 2786 2083 2817 causa

127 2837 358 2882 humanae
388 2835 570 2890 salutis;
611 2835 914 2880 universalem
958 2847 1112 2880 autem
1158 2851 1343 2881 causam
1377 2848 1556 2896 oportet
1593 2838 1808 2897 applicari
1836 2839 1892 2882 ad
1924 2842 2114 2884 unum-⁸

54 2904 55 2907 ’
127 2912 356 2963 quemque
383 2902 610 2956 effectum,
643 2903 949 2946 necessarium
978 2902 1059 2946 fuit
1092 2904 1291 2947 exhiberi
1327 2904 1588 2948 hominibus
1615 2906 1841 2963 quaedam
1882 2906 2084 2950 remedia

127 2980 217 3029 per*
237 2982 355 3028 quae
380 2969 443 3013 eis
475 2968 748 3013 beneficium
775 2971 934 3013 mortis
962 2969 1134 3013 Christi
1159 2970 1503 3027 quodammodo
1529 2972 1893 3029 conjungeretur.
1921 2972 2082 3029 HuJus-

127 3036 253 3080 modi
276 3045 428 3080 autem
455 3049 553 3080 esse
574 3036 783 3079 dicuntur
809 3035 1040 3079 Ecclesiae
1074 3047 1372 3080 sacramenta.
1396 3037 1671 3094 Hujusmodi
1703 3048 1855 3082 autem
1881 3038 2084 3083 remedia
2119 3058 2121 3060 >

128 3103 329 3161 oportuit
361 3117 466 3145 cum
500 3102 722 3161 aliquibus
755 3102 1005 3145 visibilibus
1041 3102 1180 3159 signis
1213 3103 1342 3146 tradi.

144 3184 146 3186 ·
215 3164 372 3213 Primo
405 3169 603 3227 quidem,
652 3169 771 3227 quia,
819 3169 934 3212 sicut
971 3169 1130 3212 ceteris
1161 3169 1309 3222 rebus,
1342 3171 1403 3213 ita
1440 3170 1578 3213 etiam
1610 3170 1788 3214 homini
1820 3171 1945 3215 Deus
1978 3186 2081 3230 pro-

125 3230 524 3279 videt'secundum
551 3236 648 3291 ejus
689 3235 1014 3278 conditionem.
1043 3235 1121 3278 Est
1163 3246 1314 3279 autem
1346 3235 1448 3280 ralis
1480 3237 1681 3280 hominis
1724 3238 1926 3281 conditio
1959 3238 2081 3296 quod

129 3302 184 3345 ad
216 3300 462 3360 spiritualia
491 3312 535 3345 et
574 3300 873 3358 intelligibilia
907 3302 1126 3359 capienda
1158 3302 1422 3346 naturaliter
1452 3317 1531 3361 per
1568 3303 1795 3347 sensibilia
1821 3304 2081 3348 deducatur.

130 3367 348 3427 Oportuit
377 3368 513 3425 igitur
535 3367 780 3426 spiritualia
807 3368 1007 3411 remedia
1035 3368 1296 3411 hominibus
1323 3369 1403 3412 sub
1436 3371 1575 3427 signis
1601 3369 1886 3414 sensibilibus
1911 3370 2022 3414 dari.
2066 3387 2069 3390 ¹

218 3433 448 3487 Secundo,
473 3434 579 3492 quia
609 3434 906 3477 instrumenta
946 3443 1126 3491 oportet
1166 3447 1267 3478 esse
1300 3435 1475 3492 primae
1519 3449 1683 3479 causae
1724 3437 2082 3494 proportionata.

129 3499 286 3544 Prima
313 3509 467 3544 autem
493 3509 537 3543 et
563 3499 831 3544 universalis
864 3513 999 3543 causa
1026 3500 1256 3544 humanae
1277 3500 1434 3546 salutis
1460 3512 1530 3545 est
1553 3502 1756 3547 Verbum
1781 3502 2082 3558 incarnatum,

129 3574 179 3611 ut
203 3579 261 3611 ex
279 3565 540 3625 praemissis
556 3574 753 3623 apparet.
774 3565 1045 3624 Congruum
1071 3566 1207 3624 igitur
1231 3565 1314 3611 fuit
1330 3577 1378 3612 ut
1403 3568 1604 3612 remedia
1629 3568 1790 3627 quibus
1817 3568 2083 3615 universalis

264 3667 301 3702 S.
326 3667 480 3702 Τιιοιιιε
507 3667 640 3702 Summa
664 3673 773 3702 contra
798 3667 952 3702 Gentiles.
1907 3681 1949 3712 ⁴2
