2332 3854
295 191 367 243 66
754 162 763 174 ’
1013 202 1166 240 LIBER
1206 201 1241 239 1.
1285 201 1422 240 CAP.
1446 200 1531 239 ιν.

383 306 522 350 Item:
550 305 617 349 vis
635 304 947 362 cognoscitiva
966 318 1058 347 non
1082 305 1322 361 cognoscit
1344 302 1512 361 aliquid
1536 312 1639 347 actu
1660 303 1747 347 nisi
1767 303 1881 348 adsit
1903 303 2111 357 intentio,
2128 303 2249 347 unde

295 382 339 417 et
364 373 682 431 phantasmata
709 372 755 414 in
783 384 957 429 organo
985 379 1267 423 conservata,
1293 369 1522 413 interdum
1542 383 1637 414 non
1663 380 1767 414 actu
1797 371 2119 429 imaginamur,
2141 369 2247 429 quia

296 439 486 490 intentio
519 453 613 482 non
640 437 830 482 refertur
857 437 912 480 ad
940 450 1016 490 ea;
1045 436 1268 494 appetitus
1294 437 1418 480 enim
1450 435 1560 480 alias
1586 437 1812 495 potentias
1838 437 1885 480 in
1912 446 2066 481 actum
2091 440 2265 481 movet?

294 507 341 550 in
368 506 604 564 agentibus
631 519 710 563 per
735 504 1033 547 voluntatem.
1061 502 1205 546 Multa
1222 502 1358 561 igitur
1384 503 1440 546 ad
1464 517 1580 562 quae
1606 503 1743 548 simul
1766 504 1959 548 intentio
1985 517 2081 548 non
2096 502 2250 557 fertur,

294 587 389 617 non
416 572 553 616 simul
578 572 831 625 intuemur3
860 583 975 628 quae
1003 579 1156 612 autem
1183 579 1364 629 oportet
1388 570 1469 614 sub
1502 585 1593 614 una
1625 580 1670 614 et
1701 571 1862 614 eadem
1893 571 2160 616 intentione·
2179 585 2248 615 ca·

297 640 417 693 dere,
445 649 626 697 oportet
651 638 788 682 simul
814 651 911 681 esse
937 635 1189 680 intellecta:
1218 637 1323 695 quia
1356 637 1478 681 enim
1506 639 1901 697 comparationem
1923 638 2120 682 duorum
2142 651 2252 682 con·

297 706 478 759 siderat‚
497 706 798 749 intentionem
823 703 878 746 ad
904 713 1148 762 utrumque
1171 703 1335 762 dirigit,
1358 713 1404 748 et
1424 704 1561 748 simul
1576 705 1774 749 intuetur
1795 715 2050 764 utrumque.
2075 704 2250 752 Omnia

299 783 451 816 autem
479 786 594 831 quae
621 781 722 815 sunt
755 771 799 813 in
833 770 986 813 divina
1017 770 1219 824 scientia,
1246 770 1326 814 sub
1354 785 1443 814 una
1470 771 1720 815 intentione
1746 785 1934 816 necesse
1960 782 2029 816 est
2059 771 2246 825 cadere3

295 839 485 883 intendit
513 839 632 882 enim
661 838 787 880 Deus
810 850 941 880 suam
968 837 1213 881 essentiam
1239 837 1437 896 perfecte
1469 837 1638 891 videre,
1671 838 1793 897 quod
1826 848 1894 883 est
1922 838 2113 882 videre
2100 851 2248 914 ipsam

294 907 544 950 secundum
571 915 715 948 totam
744 904 957 947 virtutem
974 918 1120 958 suam,
1142 904 1223 948 sub
1242 918 1331 980 qua
1348 904 1504 948 omnia
1527 904 1872 950 concluduntur.
1891 905 2018 949 Deus
2039 905 2176 964 igitur
2191 904 2253 948 vi-

298 974 446 1016 dendo
475 972 715 1015 essentiam
738 984 883 1023 suam,
902 969 1039 1014 simul
1065 970 1222 1015 omnia
1246 971 1456 1015 intuetur.

385 1039 621 1097 Amplius:
654 1037 911 1081 intellectus
937 1037 1195 1082 successive
1222 1036 1366 1081 multa
1404 1037 1731 1082 considerantis
1758 1037 2040 1097 impossibile
2062 1047 2131 1082 est
2152 1051 2252 1082 esse

294 1121 432 1149 unam
458 1110 635 1149 tantum
663 1106 1003 1163 operationem3
1032 1118 1137 1147 cum
1166 1104 1288 1148 enim
1316 1105 1605 1163 operationes
1629 1105 1880 1148 secundum
1914 1105 2093 1163 objecta
2126 1103 2253 1148 diffe-

293 1183 406 1226 rant,
433 1172 659 1231 oportebit
686 1172 912 1214 diversam
932 1185 1029 1214 esse
1049 1171 1366 1228 operationem
1387 1171 1643 1215 intellectus
1665 1185 1754 1230 qua
1781 1171 2152 1216 considerabatur
2167 1171 2253 1230 pri-

296 1254 438 1292 mum,
467 1249 510 1282 et
537 1253 623 1297 qua
643 1237 1012 1282 considerabatur
1030 1237 1295 1280 secundum.
1323 1236 1583 1281 Intellectus
1611 1247 1763 1281 autem
1785 1237 1924 1282 divini
1946 1247 2015 1282 est
2036 1251 2128 1281 una
2147 1251 2254 1297 ope-

293 1306 422 1359 ratio,
451 1320 566 1364 quae
601 1310 668 1349 est
702 1319 783 1348 sua
817 1304 1025 1358 essentia,
1062 1314 1111 1347 ut
1153 1304 1395 1362 probatum
1433 1314 1500 1348 est
1540 1317 1682 1362 supra*
1714 1305 1775 1363 (c.
1822 1303 1946 1362 45.);
1978 1318 2073 1349 non
2112 1304 2250 1364 igitur

294 1373 566 1426 successive,
593 1372 672 1416 sed
699 1371 837 1415 simul
864 1371 1021 1415 omnia
1047 1385 1130 1415 sua
1154 1372 1336 1429 cognita
1365 1371 1637 1415 considerat.

383 1440 572 1484 Adhuc:
616 1439 844 1483 successio
887 1438 983 1482 sine
1026 1447 1234 1496 tempore
1270 1437 1464 1496 intelligi
1495 1452 1586 1481 non
1626 1448 1788 1497 potest,
1822 1452 1907 1482 nec
1939 1438 2253 1498 tempusrsine

294 1516 448 1561 motu;
476 1521 582 1550 curn
604 1516 784 1565 tempus
812 1506 868 1550 sit
893 1519 1109 1548 numerus
1136 1514 1288 1548 motus
1315 1505 1567 1549 secundum
1589 1505 1711 1564 prius
1738 1514 1782 1549 et
1802 1506 2040 1564 posterius.
2066 1506 2119 1550 In
2144 1505 2250 1550 Deo

293 1584 446 1618 autem
471 1572 765 1632 impossibile„
781 1582 849 1616 est
875 1586 974 1616 esse
1001 1582 1178 1615 motum
1209 1571 1423 1630 aliquem,
1447 1582 1496 1615 ut
1513 1586 1566 1615 ex
1588 1572 1856 1630 supradictis
1882 1573 1944 1631 (c.
1976 1571 2066 1631 13.)
2092 1571 2252 1616 haberi.

294 1651 469 1700 potest;
496 1640 622 1684 nulla
648 1640 785 1698 igitur
812 1651 877 1684 est
903 1640 950 1682 in
974 1639 1340 1683 consideratione
1363 1639 1516 1682 divina
1538 1639 1783 1693 successio,
1806 1648 1850 1683 et
1872 1639 1936 1684 sic
1959 1638 2254 1698 omniaquae

293 1708 546 1767 cognoscit,
572 1706 711 1752 simul
738 1706 1009 1750 considerat.

380 1776 519 1819 Item:
547 1774 802 1832 intelligere
829 1774 918 1817 Dei
941 1783 1008 1817 est
1030 1774 1179 1831 ipsum
1197 1787 1330 1817 suum
1355 1786 1466 1826 esse,
1484 1782 1533 1817 ut
1551 1787 1605 1817 ex
1622 1772 1889 1831 supradictis
1905 1774 1968 1831 (c.
1988 1773 2083 1830 45.)
2105 1781 2251 1831 patet3

289 1843 336 1886 in
363 1857 460 1886 esse
489 1852 641 1886 autem
675 1842 828 1884 divino
861 1854 956 1883 non
993 1849 1061 1884 est
1097 1840 1218 1898 prius
1253 1849 1297 1883 et
1332 1840 1572 1898 posterius,
1609 1840 1687 1883 sed
1730 1849 1798 1883 est
1832 1848 1983 1883 totum
2016 1838 2170 1893 simul,
2201 1846 2252 1884 ut

292 1924 426 1969 supra
452 1909 603 1967 (ibid.)
631 1919 867 1952 ostensum
895 1917 986 1961 est;
1011 1907 1148 1965 igitur
1174 1920 1258 1950 nec
1286 1905 1590 1951 consideratio
1617 1906 1707 1950 Dei
1732 1905 1871 1950 habet
1890 1906 2015 1965 prius
2043 1915 2089 1950 et
2104 1915 2252 1965 poste-

292 1977 399 2031 rius,
427 1977 506 2020 sed
533 1976 690 2019 omnia
717 1973 854 2018 simul
875 1973 1104 2032 intelligit.

385 2043 649 2086 Praeterea:
679 2042 829 2085 omnis
855 2040 1113 2084 intellectus
1139 2039 1399 2098 intelligens
1426 2054 1569 2083 unum
1595 2049 1699 2099 post
1729 2039 1870 2084 alium
1888 2049 1956 2084 est
1981 2038 2256 2099 quandoque

293 2111 496 2169 potentia
522 2109 798 2167 intelligens,
825 2118 867 2152 et
890 2108 1163 2167 quandoque
1187 2118 1312 2161 actu3
1336 2107 1445 2151 dum
1469 2108 1592 2152 enim
1609 2107 1822 2165 intelligit
1837 2107 2037 2166 primum
2061 2106 2110 2152 in
2135 2116 2255 2162 actu,

291 2176 504 2235 intelligit
544 2177 796 2220 secundum
828 2176 874 2219 in
901 2175 1118 2233 potentia.
1152 2173 1413 2219 Intellectus
1448 2184 1599 2219 autem
1633 2174 1810 2218 divinus
1840 2187 2077 2233 nunquam
2111 2185 2177 2219 est
2208 2174 2256 2218 in

294 2244 512 2301 potentia,
540 2244 620 2287 sed
648 2257 828 2302 semper
849 2243 895 2286 in
923 2252 1027 2286 actu
1053 2241 1334 2300 intelligens3
1361 2255 1454 2286 non
1480 2242 1618 2301 igitur
1642 2240 1854 2300 intelligit
1884 2254 1956 2286 res
1982 2241 2256 2296 successive,

294 2311 372 2355 sed
401 2311 557 2354 omnia
583 2309 720 2354 simul
746 2309 970 2367 intelligit.

383 2378 501 2421 Huic
536 2387 693 2429 autem,
730 2376 908 2420 veritati
947 2376 1264 2420 testimonium
1301 2389 1429 2419 sacra
1472 2375 1704 2434 Scriptura
1731 2374 1890 2420 affert:
1934 2374 2099 2420 dicitur
2125 2375 2251 2420 enim

294 2444 453 2502 (Jacob
481 2445 514 2488 I.
548 2445 651 2502 17.),
678 2443 800 2502 quod
831 2443 944 2502 apud
976 2443 1129 2487 Deum
1160 2457 1243 2486 non
1268 2449 1326 2487 est
1351 2444 1659 2497 transmutatiO,
1692 2457 1763 2487 nec
1788 2441 2087 2488 vicissitudinis
2112 2443 2256 2488 obum-

298 2514 450 2557 bratio.

1063 2686 1318 2742 CAPUT
1361 2687 1505 2743 LVI.

572 2823 732 2870 QUOD
774 2823 830 2863 IN
869 2824 983 2861 DEO
1025 2823 1143 2864 NON
1183 2823 1284 2862 EST
1326 2822 1659 2862 HABITUALIS
1702 2821 1995 2863 COGNITIO.

867 2925 929 2982 ·(I.
959 2932 1074 2985 part.
1102 2940 1140 2984 q.
1175 2926 1294 2970 XIV.
1329 2932 1411 2971 art.
1439 2942 1474 2971 1.
1503 2925 1556 2970 ad
1587 2925 1660 2983 1.).

387 3036 453 3080 Ex
478 3036 568 3081 hoc
597 3046 748 3080 autem
780 3045 978 3095 apparet,
1007 3037 1165 3095 quod
1155 3052 1201 3081 in
1228 3037 1331 3081 Deo
1358 3051 1453 3081 non
1479 3047 1546 3082 est
1577 3036 1819 3082 habitualis
1845 3037 2064 3096 cognitio.
2085 3038 2139 3083 In
2163 3037 2260 3098 qui-

296 3104 580 3162 buscumque
615 3104 738 3148 enim
765 3113 832 3146 est
864 3102 1106 3147 habitualis
1149 3104 1351 3162 cognitio
1392 3118 1486 3148 non
1528 3105 1683 3148 omnia
1724 3104 1861 3149 simul
1902 3115 2258 3164 cognoscuntur,

298 3171 522 3229 quaedam
551 3180 891 3229 cognoscuntur
918 3180 1036 3224 actu,
1070 3170 1159 3214 alia
1186 3181 1526 3230 cognoscuntur
1556 3172 1727 3216 habitu.
1761 3172 1888 3217 Deus
1921 3182 2075 3218 autem
2093 3172 2258 3221 omnia

298 3237 435 3281 simul
462 3248 564 3282 actu
591 3237 817 3296 intelligit,
850 3247 900 3282 ut
925 3238 1168 3295 probatum
1187 3248 1254 3282 est
1280 3239 1340 3295 (c.
1368 3239 1563 3297 praec.;)
1586 3252 1680 3282 non
1707 3248 1776 3284 est
1797 3239 1936 3299 igitur
1971 3239 2019 3284 in
2044 3252 2103 3285 eo
2133 3239 2261 3285 habi-

297 3304 430 3348 tualis
458 3305 677 3363 cognitio.

387 3372 650 3415 Praeterea:
679 3372 853 3416 habens
878 3371 1087 3416 habitum
1114 3382 1158 3416 et
1184 3386 1278 3416 non
1306 3373 1615 3427 considerans,
1641 3383 1711 3418 est
1742 3373 2089 3432 quodammodo
2111 3371 2261 3433 inpo-

299 3438 454 3491 tentia,
482 3438 611 3482 aliter
636 3449 791 3482 tamen
818 3453 957 3497 quam
985 3449 1087 3484 ante
1114 3439 1413 3499 intelligeret;
1448 3449 1683 3484 ostensum
1716 3450 1785 3486 est
1819 3449 1974 3491 autem
1991 3441 2060 3498 (c.
2086 3440 2260 3500 praec.)

300 3505 422 3563 quod
456 3503 711 3549 intellectus
739 3505 917 3550 divinus
944 3506 1072 3550 nullo
1101 3507 1242 3554 modo
1271 3515 1338 3551 est
1362 3506 1409 3551 in
1436 3507 1661 3568 potentia;
1688 3506 1817 3553 nullo
1850 3507 1995 3570 igitur
2018 3506 2160 3556 modo
2190 3516 2262 3558 est
2316 3519 2318 3521 ’

301 3571 347 3615 in
373 3570 473 3629 ipso
499 3571 740 3617 habitualis
768 3573 986 3633 cognitio,
