2332 3854
854 240 1006 279 LIBER
1046 239 1117 277 lv,
1160 239 1280 278 CAP.
1322 238 1412 277 vn.
2003 238 2103 292 551

153 358 262 404 mus,
288 342 445 402 inquit,
469 343 513 387 in
539 356 638 388 vero
669 341 784 386 filio
811 344 896 401 ejus
920 343 1027 400 Jesu
1040 333 1245 386 Christo.
1263 340 1370 385 Non
1387 339 1522 399 igitur
1538 338 1626 382 Dei
1642 337 1780 382 Filius
1798 338 1960 382 dicitur
1983 338 2111 397 quasi

154 424 182 468 a
206 409 308 469 Deo
336 418 511 455 creatus
536 409 581 453 in
607 418 974 469 quantacumque
1008 419 1195 453 naturae
1222 406 1506 461 excellentia,
1538 405 1616 451 sed
1644 405 1773 464 quasi
1804 419 1857 449 ex
1883 406 1970 449 Dei
2003 405 2105 450 sub-

151 476 317 543 stantia
343 473 534 535 genitus.

241 541 500 587 Praeterea:
535 541 574 587 si
599 541 808 587 Christus
834 541 1010 586 ratione
1049 540 1293 585 creationis
1329 539 1468 584 Filius
1509 539 1687 592 dicitur,
1726 552 1811 582 nec
1854 538 1937 581 erit
1977 552 2109 581 verus

151 587 304 675 Deus;
329 606 443 653 nihil
468 609 590 654 enim
617 618 818 653 creatum
846 608 971 652 Deus
998 618 1146 666 potest
1172 607 1274 660 dici,
1292 606 1379 651 nisi
1396 621 1474 664 per
1491 605 1737 665 quamdam
1765 604 2111 649 similitudinem

152 662 211 733 ad
234 674 402 719 Deum.
429 674 531 751 Ipse
559 685 711 721 autem
731 673 861 732 Jesus
891 673 1100 718 Christus
1129 683 1196 718 est
1222 687 1353 717 verus
1391 674 1540 718 Deus:
1575 686 1716 732 quum
1759 671 1882 716 enirn
1907 670 2109 729 Joannes

154 736 359 790 dixisset:
401 740 454 786 Ut
483 743 609 787 simus
634 743 679 785 in
709 756 809 786 vero
835 741 950 784 Filio
976 743 1077 798 ejus,
1111 739 1308 784 subdidit
1341 738 1450 797 (loc
1479 739 1604 795 cit.:)
1631 739 1716 784 Hic
1748 744 1802 783 est
1831 753 1952 783 verus
1979 738 2107 791 Deus,

154 805 193 852 et
215 807 306 852 vita
331 814 510 852 aeterna.
535 806 643 852 Non
669 806 803 866 igitur
832 806 1039 851 Christus
1067 805 1205 849 Filius
1231 806 1320 850 Dei
1345 805 1508 850 dicitur
1534 805 1708 849 ratione
1737 804 1992 849 creationis.

243 873 480 933 Amplius:
514 874 764 933 Apostolus
792 872 948 932 (Rom.
976 873 1055 917 IX.
1088 873 1145 930 5.)
1180 872 1308 916 dicit:
1336 873 1404 917 Ex
1430 873 1578 931 quibus
1603 879 1659 917 est
1687 872 1872 917 Christus
1890 870 2113 916 secundum

156 934 338 993 carnem,
365 940 437 998 qui
467 946 524 984 est
547 948 672 999 supra
700 942 843 983 omnia
869 940 983 984 Deus
1010 939 1238 983 benedictus
1263 940 1306 982 in
1331 939 1511 993 saecula,
1536 954 1682 983 amen:
1707 948 1752 982 et
1777 936 1892 995 (Tit.
1919 937 1976 981 ΙΙ.
2009 951 2055 996 13
2063 938 2110 994 .:)

154 1002 426 1067 Expectanles
461 1008 622 1052 beatam
653 1015 779 1066 spem,
810 1013 846 1050 et
887 1006 1110 1050 adventum
1141 1007 1299 1063 gloriae
1331 1007 1474 1063 magni
1514 1006 1612 1059 Dei,
1646 1011 1682 1049 et
1713 1004 1949 1050 Sal-valoris
1979 1005 2115 1048 nostri

51 1051 56 1058 ⁸
110 1071 116 1076 ’
161 1067 244 1127 Iesu
271 1070 454 1118 Christi:
483 1083 527 1117 et
559 1072 750 1131 (Jerem.
768 1072 933 1117 XXIII.
967 1073 1049 1129 5.:)
1083 1072 1297 1117 Suscztabo
1325 1071 1474 1116 David
1495 1086 1660 1130 germen
1677 1074 1861 1129 justum:
1885 1081 1930 1114 et
1955 1080 2114 1147 postea

153 1136 379 1189 subditur.
405 1131 461 1185 Et
485 1140 558 1185 hoc
590 1147 645 1185 est
676 1155 824 1185 nomen
852 1138 959 1198 quod
989 1141 1198 1184 vocabunt
1230 1154 1337 1193 eum,
1372 1139 1583 1183 Dominus
1610 1141 1745 1196 justus
1769 1144 1930 1189 nostem·
1959 1136 2035 1180 ubi
2067 1138 2111 1180 in
2171 1153 2177 1159 ⁴

154 1200 365 1263 Hebraeo
389 1205 580 1269 habetur
605 1221 775 1251 nomen
801 1216 1222 1265 tetragrammaton,
1250 1205 1371 1264 quod
1395 1205 1449 1249 de
1472 1204 1573 1248 solo
1596 1205 1699 1249 Deo
1723 1214 1897 1248 certum
1920 1213 1988 1247 est
2009 1203 2112 1247 dici.

153 1269 221 1320 Ex
243 1267 404 1337 quibus
436 1283 622 1333 apparet
647 1272 768 1332 quod
794 1271 933 1316 Filius
960 1273 1045 1317 Dei
1080 1283 1147 1316 est
1180 1286 1311 1315 verus
1337 1271 1475 1315 Deus.

241 1337 504 1385 Praeterea:
540 1340 577 1383 si
604 1338 814 1384 Christus
847 1353 978 1383 verus
1006 1349 1074 1383 est
1099 1337 1230 1393 filius,
1258 1338 1312 1381 de
1339 1337 1608 1382 necessitate
1650 1337 1851 1396 sequitur
1892 1335 2016 1397 quod
2057 1335 2115 1380 sit

152 1419 287 1465 vtrus
310 1406 462 1460 Deus;
487 1420 581 1450 non
614 1406 736 1450 enim
762 1420 868 1450 vere
901 1405 1018 1449 filius
1044 1415 1194 1464 potest
1225 1404 1314 1448 dici
1346 1404 1469 1463 quod
1507 1404 1560 1447 ab
1604 1403 1694 1447 alio
1726 1403 1942 1462 gignitur,
1975 1402 2118 1447 etiam·

153 1473 190 1518 si
216 1473 272 1517 de
297 1473 542 1518 substantia
571 1474 827 1532 generantis
850 1483 1074 1526 nascatur,
1100 1472 1187 1516 nisi
1212 1472 1258 1515 in
1281 1471 1478 1516 similem
1505 1471 1707 1547 speciem
1734 1471 1991 1529 generantis
2013 1484 2114 1529 pro-

153 1539 310 1605 cedat3
331 1549 511 1599 oportet
542 1539 663 1584 enim
700 1539 822 1598 quod
859 1538 976 1583 filius
1018 1539 1219 1583 hominis
1259 1538 1404 1582 homo
1438 1538 1507 1582 sit.
1542 1538 1591 1582 Si
1623 1538 1760 1596 igitur
1803 1537 2014 1592 Christus
2047 1544 2114 1579 est

152 1619 286 1652 verus
310 1604 448 1653 Filius
473 1595 575 1659 Dei,
594 1615 771 1665 oportet
787 1606 909 1664 quod
936 1605 992 1650 sit
1012 1619 1145 1648 verus
1168 1605 1316 1658 Deus;
1335 1618 1429 1648 non
1447 1614 1515 1648 est
1530 1604 1665 1662 igitur
1688 1603 1872 1663 aliquod
1895 1613 2113 1647 creatum.

174 1716 177 1721 ,
240 1669 382 1718 Item:
408 1668 533 1719 nulla
566 1675 771 1716 creatura
802 1673 962 1732 recipit
992 1681 1136 1716 totam
1174 1671 1506 1730 plenitudinem
1532 1671 1711 1714 divinae
1737 1670 1966 1724 bonitatis,
1993 1669 2114 1729 quia,

153 1736 271 1787 sicut
295 1752 352 1783 ex
365 1737 669 1799 superioribus
686 1748 822 1798 patet,
839 1737 1140 1797 perfectiones
1165 1752 1189 1780 3
1211 1737 1347 1781 Deo
1335 1752 1383 1780 ιιι
1406 1747 1633 1781 creaturas
1657 1751 1737 1795 per
1757 1736 1949 1797 modum
1972 1737 2116 1793 cuius-

152 1804 260 1849 dam
285 1805 527 1853 descensus
554 1803 817 1864 procedunt.
853 1804 1062 1850 Christus
1099 1814 1251 1848 autem
1283 1804 1421 1848 habet
1446 1804 1492 1847 in
1519 1818 1567 1848 se
1600 1814 1746 1848 totam
1783 1802 2114 1862 plenitudinem

153 1867 596 1926 divinae‘bonitatis3
622 1870 731 1915 dicit
757 1871 879 1933 enim
911 1869 1163 1930 Apostolus
1191 1869 1394 1927 (Coloss.
1422 1870 1479 1914 ΙΙ.
1507 1869 1593 1930 9.):
1621 1871 1671 1914 In
1693 1873 1778 1929 ipso
1801 1870 1962 1914 habitat
1983 1869 2116 1913 omnis

149 1932 360 1997 plegii-'tudo
393 1936 638 1993 divinitatis.
665 1936 874 1983 Christus
903 1951 1013 1996 ergo
1039 1951 1134 1981 non
1161 1947 1230 1981 est
1255 1947 1475 1981 creatura.
2088 1967 2092 1971 -

159 2017 167 2024 ·
242 2004 428 2058 Adhuc:
451 2002 559 2048 licet
578 2003 833 2049 intellectus
857 2003 1007 2062 angeli
1028 2001 1347 2062 perfectiorem
1370 2003 1683 2062 cognitionem
1705 2003 1872 2047 habeat
1893 2017 2031 2062 quam
2053 2002 2116 2046 in-

152 2067 375 2118 tellectus
385 2070 603 2127 hominis,
627 2082 783 2117 tamen
810 2071 1006 2118 multum
1034 2070 1184 2115 deficit
1217 2071 1271 2114 ab
1299 2070 1532 2115 intellectu
1560 2071 1729 2115 divino.
1757 2070 2019 2122 Intellectus
2042 2083 2117 2112 au-

152 2148 248 2186 tem
275 2134 446 2187 ‚Christi
475 2152 569 2183 non
596 2137 746 2183 deficit
777 2138 824 2182 in
851 2137 1115 2197 cognitione
1143 2138 1197 2182 ab
1230 2137 1464 2182 intellectu
1491 2138 1680 2192 divino·
1710 2138 1818 2182 dicit
1844 2138 1966 2181 enim
1994 2137 2116 2213 Apo-

152 2194 296 2269 stplus
327 2203 533 2265 <Colos8.
566 2203 622 2248 II.
654 2205 714 2263 3.)
741 2204 899 2281 quod'
888 2219 935 2248 ιιι
969 2205 1155 2250 Christo
1185 2211 1278 2249 sunt
1309 2219 1446 2250 omnes
1468 2205 1652 2250 thesauri
1672 2206 1894 2264 sapientiae
1925 2210 1964 2248 et
1987 2205 2115 2248 scien-

152 2266 235 2319 tiae
258 2269 500 2318 absconditi.
534 2270 640 2315 Non
668 2282 735 2316 est
759 2270 895 2330 igitur
922 2271 1145 2328 Christus,
1171 2270 1310 2316 Filius
1337 2271 1440 2325 Dei,
1468 2282 1686 2316 creatura.

199 2332 476 2406 Amplius:
503 2337 720 2397 quidquid
745 2338 871 2382 Deus
897 2338 1034 2382 habet
1064 2338 1112 2381 in
1149 2338 1299 2397 seipso
1327 2348 1395 2383 est
1427 2339 1522 2396 ejus
1561 2338 1771 2391 essentia,
1803 2347 1852 2381 ut
1877 2338 1924 2381 in
1956 2337 2106 2396 primo

152 2405 222 2482 (0-
240 2416 312 2455 21..
344 2413 388 2454 et
412 2403 506 2460 22.)
533 2414 767 2449 ostensum
791 2414 870 2450 est.
901 2404 1073 2450 Omnia
1097 2414 1250 2449 autem
1276 2419 1391 2463 quae
1414 2405 1552 2448 habet
1578 2406 1711 2449 Pater
1732 2415 1835 2449 sunt
1857 2403 1984 2458 Filii,
2006 2403 2116 2448 dicit

151 2457 275 2516 enim
300 2468 395 2529 ipse
421 2468 559 2514 Filius
584 2470 767 2528 (Joann.
803 2471 925 2515 XVI.
964 2473 1077 2529 15.):
1124 2472 1282 2516 Omnia
1314 2485 1416 2529 quae
1458 2472 1578 2516 habet
1610 2472 1735 2516 Pater
1775 2485 1868 2515 mea
1905 2477 2026 2523 sunt;
2071 2480 2116 2514 et

152 2538 340 2601 (Joann.
366 2535 510 2583 XVII.
541 2539 645 2593 ια),
673 2537 728 2583 ad
761 2538 944 2582 Patrem
970 2537 1177 2597 loquens,
1211 2538 1292 2582 ait:
1325 2539 1424 2582 Mea
1450 2540 1592 2582 omnia
1618 2546 1691 2583 tua
1721 2544 1830 2592 sunt,
1863 2543 1899 2582 et
1925 2544 1998 2583 tua
2022 2551 2115 2581 mea

150 2610 258 2651 sunt.
266 2597 398 2667 Est
388 2617 498 2662 ergo
532 2604 692 2649 eadem
718 2603 914 2649 essentia
941 2614 984 2648 et
1008 2615 1170 2648 natura
1196 2604 1342 2649 Patris
1370 2614 1413 2648 et
1439 2604 1563 2659 Filii;
1599 2619 1694 2649 non
1721 2615 1788 2649 est
1812 2605 1949 2663 igitur
1973 2603 2112 2647 Filius

155 2680 374 2716 creatura.
1899 2696 1901 2698 -

242 2737 503 2801 Praeterea:
531 2734 780 2794 Apostolus
812 2735 921 2780 dicit
948 2735 1162 2795 (Philipp.
1195 2737 1274 2793 11.)
1309 2736 1431 2795 quod
1458 2736 1612 2791 Filius,
1640 2747 1883 2796 antequam
1926 2738 2118 2781 exinani-

153 2809 216 2849 ret
236 2804 494 2862 semetipsum
519 2802 703 2856 formam
728 2804 838 2847 servi
862 2805 1081 2862 accipiens,
1114 2805 1158 2846 in
1174 2804 1327 2861 forma
1363 2803 1444 2846 Dei
1471 2814 1579 2847 erat.
1619 2803 1705 2847 Per
1731 2803 1926 2847 formam
1963 2814 2112 2848 autem

153 2869 240 2915 Dei
266 2883 361 2915 non
388 2867 509 2912 aliud
540 2868 806 2926 intelligitur
838 2883 975 2927 quam
1001 2880 1161 2912 natura
1195 2870 1360 2923 divina,
1399 2870 1515 2913 sicut
1541 2884 1620 2945 per
1645 2869 1844 2913 formam
1876 2870 1994 2914 servi
2019 2885 2114 2914 non

152 2934 417 2993 intelligitur
443 2933 563 2979 aliud
590 2949 726 2993 quam
753 2935 955 2979 humana
981 2947 1155 2981 natura.
1180 2935 1259 2980 Est
1281 2950 1390 2995 ergo
1414 2935 1584 2980 Filius
1574 2951 1621 2980 ιιι
1642 2947 1802 2981 natura
1826 2937 1998 2992 divina;
2020 2951 2115 2981 non

154 3012 223 3048 est
245 3002 381 3061 igitur
408 3011 626 3046 creatura.
1792 3038 1798 3041 .

242 3068 381 3114 Item·
417 3067 534 3112 nihil
561 3079 764 3112 creatum
792 3079 941 3127 potest
967 3083 1064 3113 esse
1091 3068 1194 3112 Deo
1223 3067 1427 3128 aequale.
1454 3069 1593 3114 Filius
1627 3081 1778 3114 autem
1807 3080 1874 3114 est
1899 3070 2021 3114 Patri
2048 3084 2117 3114 ae·

155 3135 325 3196 qualis,
349 3136 512 3180 dicitur
539 3136 662 3180 enim
689 3135 878 3192 (Joann.
910 3135 967 3179 V.
1006 3136 1114 3190 18):
1146 3137 1414 3192 Quaerebant
1445 3153 1537 3180 eum
1563 3137 1715 3193 Judaei
1741 3138 1982 3196 interficere,
2016 3139 2115 3196 quia

154 3217 238 3247 non
259 3202 392 3247 solum
412 3202 593 3247 solvebat
610 3203 843 3256 sabbatum,
869 3201 934 3247 sed
959 3209 998 3247 et
1025 3203 1193 3246 Patrem
1219 3218 1338 3246 suum
1363 3203 1523 3248 dicebat
1547 3205 1703 3258 Deum,
1732 3204 1943 3262 aequalem
1963 3220 2001 3249 se
2022 3205 2114 3249 Deo

154 3259 333 3325 facien&
360 3268 474 3313 haec
508 3279 577 3312 est
607 3282 716 3327 ergo
751 3268 1056 3328 evangelistae
1085 3270 1300 3321 narratio,
1328 3271 1454 3327 cujus
1482 3270 1795 3314 testimonium
1832 3285 1992 3314 verum
2034 3280 2115 3323 est,

156 3335 277 3395 quod
297 3333 518 3411 Christus!
542 3334 709 3379 Filium
734 3335 823 3380 Dei
851 3350 900 3379 se
928 3335 1105 3379 dicebat
1142 3346 1185 3379 et
1217 3336 1319 3379 Deo
1358 3336 1612 3395 aequalem,
1643 3347 1699 3380 et
1719 3348 1969 3412 ‘propterea
2009 3351 2115 3383 eum

150 3400 311 3460 Judaei
341 3402 746 3462 persequebantur;
773 3415 858 3448 nec
885 3402 1073 3446 dubium
1101 3412 1168 3447 est
1195 3401 1331 3445 alicui
1358 3401 1622 3446 Christiano
1655 3403 1762 3461 quin
1789 3413 1833 3447 et
1858 3403 1969 3447 illud
1992 3403 2114 3462 quod

157 3456 366 3513 Christus
392 3467 447 3511 de
479 3482 527 3512 se
554 3468 664 3512 dixit
690 3482 849 3512 verum
881 3469 952 3522 sit,
990 3483 1130 3527 quum
1159 3478 1203 3512 et
1229 3468 1482 3527 Apostolus
1515 3469 1634 3513 dicat
1669 3469 1883 3529 (Philipp.
1910 3468 1989 3527 ΙΙ.)
2024 3469 2115 3514 hoc

155 3548 250 3579 non
280 3533 418 3580 fuisse
443 3534 650 3594 rapinam
677 3534 799 3594 quod
830 3535 1072 3596 aequalem
1098 3550 1147 3579 se
1174 3549 1271 3579 esse
1299 3535 1421 3580 Patri
1447 3536 1686 3580 arbitratus
1708 3546 1798 3580 est:
1827 3546 1895 3581 est
1915 3550 2025 3595 ergo
2047 3535 2114 3580 Fi·

157 3598 468 3662 liusaequalis
493 3601 630 3647 Patri.
655 3601 764 3648 Non
789 3612 859 3647 est
881 3602 1018 3662 igitur
1051 3612 1270 3647 creatura.
