2332 3854
224 215 332 270 492
854 212 1009 251 maan
1047 211 1124 250 111.
1165 210 1287 250 cAP.
1330 209 1557 251 cxxxm.

225 333 367 379 gnum
394 330 573 379 tempus
610 319 856 379 requirunt,
883 317 1000 361 sicut
1025 324 1128 360 sunt
1153 315 1354 360 studium
1395 314 1661 374 sapientiae,
1691 323 1739 358 et
1766 313 1989 367 doctrina,
2020 322 2068 359 et
2094 313 2187 359 alia

223 387 487 444 hujusmodi
513 385 760 445 spiritualia
787 383 1022 428 exercitia:
1051 393 1096 426 et
1128 383 1192 427 sic
1220 391 1460 440 paupertas
1485 381 1743 426 voluntaria
1767 381 1914 440 magis
1945 380 2187 439 impediret

223 453 550 513 perfectionem
582 455 716 504 vitae,
744 463 883 509 quam
906 450 994 493 ad'
983 463 1131 508 ipsam
1152 449 1428 508 disponeret.

315 522 364 565 Si
400 521 499 579 quis
533 529 685 563 autem
713 519 848 570 dicat,
875 517 998 575 quod
1025 516 1155 560 labor
1179 515 1404 559 manualis
1439 515 1723 560 necessarius
1750 524 1817 558 est
1843 514 1899 558 ad
1928 487 2186 559 tollendum

224 589 386 641 otium,
413 587 504 630 hoc
531 600 624 629 non
651 583 818 628 sufficit
845 584 899 627 ad
927 583 1229 642 propositum.
1257 582 1422 628 Melius
1449 585 1571 627 enim
1606 592 1725 626 esset
1749 580 1912 625 tollere
1937 581 2085 625 otium
2104 593 2189 641 per

224 655 549 712 occupationes
576 653 623 695 in
649 651 887 694 virtutibus
905 649 1155 694 moralibus
1177 649 1338 708 quibus
1357 649 1616 693 deserviunt
1632 648 1850 707 organice
1866 647 2064 701 divitiae,
2078 656 2188 706 puta

221 722 269 764 in
302 719 605 777 eleemosynis
632 717 866 771 faciendis,
893 726 937 761 et
969 716 1068 761 aliis
1100 716 1379 774 hujusmodi,
1407 730 1544 775 quam
1571 729 1650 774 per
1675 712 2188 760 laborem²manualem.

312 787 579 838 Praeterea:
603 799 774 828 vanum
793 794 910 828 esset
934 784 1040 827 dare
1068 783 1312 827 consilium
1339 784 1394 827 de
1411 792 1674 842 paupertate
1702 782 1758 825 ad
1775 781 1866 825 hoc
1893 780 2047 825 solum
2064 780 2188 839 quod

222 854 435 898 homines
461 866 682 910 pauperes
707 850 816 894 fac-ti
838 851 1113 894 abstinerent
1145 850 1199 894 ab
1227 850 1338 903 otio,
1369 850 1512 893 vitam
1545 862 1676 893 suam
1709 848 1940 892 laboribus
1970 845 2188 891 manuali-

221 921 304 964 bus
337 929 630 977 occupantes,
666 918 755 962 nisi
793 917 849 960 ad
885 917 976 964 hoc
1012 917 1194 961 daretur
1219 917 1341 975 quod
1367 915 1666 960 nobilioribus
1698 915 1922 959 exercitiis
1951 922 2183 967 vacarent,

223 1001 360 1046 quam
383 985 471 1030 illis
498 999 615 1044 quae
637 995 742 1029 sunt
767 984 1021 1028 secundum
1047 984 1188 1027 vitam
1216 983 1459 1027 hominum
1483 996 1797 1027 communem.

313 1053 360 1097 Si
387 1066 498 1096 vero
526 1051 687 1111 aliquis
714 1051 850 1105 dicat,
876 1053 999 1110 quod
1026 1050 1310 1095 necessarius
1333 1060 1400 1095 est
1425 1049 1555 1094 labor
1580 1049 1806 1094 manualis
1829 1047 2056 1093 ad'carnis
2084 1059 2189 1092 con-

223 1119 524 1179 cupiscentias
551 1119 820 1172 domandas,
855 1118 948 1162 hoc
974 1130 1068 1162 non
1092 1127 1160 1162 est
1186 1118 1241 1161 ad
1264 1117 1575 1177 propositum:
1602 1118 1862 1176 quaerimus
1884 1115 2010 1161 enim
2035 1125 2188 1159 utrum

222 1188 279 1231 sit
309 1187 620 1231 necessarium
647 1186 769 1245 quod
795 1185 971 1229 victum
997 1199 1077 1244 per
1102 1185 1368 1229 manualem
1395 1184 1601 1238 laborem
1621 1183 1931 1228 voluntariam
1954 1189 2189 1242 pauperta-

221 1266 314 1299 tem
341 1263 565 1299 sectantes
592 1253 843 1311 acquirant.

312 1323 575 1366 Praeterea:
599 1319 815 1380 possibile
833 1329 901 1364 est
918 1318 1072 1364 multis
1100 1319 1198 1364 aliis
1225 1319 1375 1364 modis
1403 1318 1796 1378 concupiscentias
1819 1317 1966 1365 carnis
1981 1317 2188 1370 dmnare,

221 1389 396 1434 scilicet
421 1403 500 1448 per
520 1389 703 1447 jejunia,
720 1387 916 1446 vigilias,
937 1397 981 1431 et
1005 1387 1094 1431 alia
1109 1386 1388 1445 hujusmodi.
1413 1386 1592 1430 Labore
1610 1386 1746 1430 etiam
1769 1384 1971 1429 manuali
1990 1383 2046 1428 ad
2063 1383 2188 1427 hunc

222 1457 360 1500 finem
393 1458 455 1500 uti
489 1466 675 1515 possent
711 1457 849 1499 etiam
884 1454 1060 1509 divites,
1098 1454 1175 1513 qui
1211 1468 1306 1498 non
1342 1454 1513 1498 habent
1547 1467 1734 1498 necesse
1766 1452 1974 1496 laborare
2003 1458 2188 1510 propter

220 1524 394 1567 victum
421 1523 748 1582 quaerendum.

311 1591 543 1634 Invenitur
570 1600 723 1634 autem
751 1599 796 1634 et
823 1590 937 1634 alius
963 1589 1128 1633 modus
1154 1588 1352 1642 vivendi,
1378 1598 1427 1633 ut
1459 1587 1635 1632 scilicet
1665 1585 1973 1631 voluntariam
2000 1597 2190 1644 pauper·

221 1668 362 1702 tatem
389 1667 616 1702 sectantes
641 1658 798 1701 vivant
823 1657 878 1701 de
903 1657 975 1700 his
1001 1670 1118 1715 quae
1147 1656 1199 1699 ab
1235 1669 1290 1699 eo
1325 1655 1424 1699 aliis
1456 1654 1723 1707 inferuntur,
1756 1654 1835 1713 qui
1861 1652 1916 1697 ad
1941 1653 2062 1696 hanc
2094 1663 2190 1710 per

220 1725 469 1770 sectionem
506 1724 791 1769 voluntariae
832 1723 1110 1783 paupertatis
1143 1721 1363 1782 proficere
1399 1721 1574 1775 volunt,
1609 1721 1786 1765 divitias
1828 1719 2087 1767 retinentes,
2117 1716 2213 1762 ssEt‘

221 1793 344 1836 hunc
379 1793 569 1836 modum
595 1792 772 1836 videtur
798 1792 1027 1835 Dominus
1051 1804 1156 1833 cum
1183 1790 1276 1834 suis
1300 1789 1533 1848 discipulis
1560 1789 1846 1832 observasse:
1873 1787 2043 1846 legitur.
2063 1784 2188 1829 enim

222 1859 355 1918 (Luc.
382 1859 506 1902 VlII.
538 1859 597 1919 3.)
625 1858 748 1917 quod
775 1857 991 1902 mulieres
1024 1857 1251 1916 quaedam
1283 1856 1586 1915 sequebantur
1614 1854 1867 1908 Christum,
1900 1862 1947 1898 et
1976 1852 2188 1897 mihistra-

223 1928 324 1971 bant
347 1926 414 1970 illi
435 1926 480 1970 de
498 1926 778 1985 facultatibus
802 1927 897 1969 suis.

310 1994 399 2038 Sed
425 1993 508 2038 iste
536 1994 675 2037 etiam
701 1993 866 2037 modus
891 1991 1075 2035 vivendi
1099 2005 1195 2035 non
1211 1991 1390 2035 videtur
1409 1989 1700 2034 conveniens.
1722 1988 1831 2034 Non
1852 1987 1976 2032 enim
1994 1956 2179 2031 videtur

221 2059 490 2105 rationabile
518 2061 639 2136 quod
668 2059 828 2119 aliquis
862 2059 1059 2102 dimittat
1085 2072 1180 2112 sua,
1208 2067 1253 2102 et
1278 2058 1402 2101 vivat
1426 2057 1482 2100 de
1512 2056 1676 2101 alieno.
2105 2079 2107 2082 ·

310 2129 574 2171 Praeterea:
603 2126 932 2178 inconveniens
959 2125 1136 2169 videtur
1161 2124 1284 2184 quod
1313 2124 1473 2183 aliquis
1502 2124 1555 2167 ab
1584 2123 1739 2182 aliquo
1772 2121 1980 2180 accipiat,
1996 2129 2049 2165 et
2072 2089 2189 2164 nibil

221 2198 262 2241 ei
288 2195 530 2254 rependat;
563 2195 609 2238 in
637 2194 787 2238 dando
822 2194 944 2237 enim
979 2202 1023 2236 et
1058 2192 1322 2251 recipiendo
1350 2190 1597 2249 aequalitas
1623 2191 1820 2248 justitiae
1856 2197 2072 2234 servatur.
2098 2186 2184 2231 Po-

220 2273 309 2307 test
336 2272 489 2306 autem
522 2261 747 2315 sustineri,
775 2260 897 2319 quod
930 2259 996 2304 illi
1030 2259 1085 2303 de
1118 2259 1190 2303 his
1227 2271 1343 2317 quae
1378 2258 1431 2301 ab
1472 2257 1571 2300 aliis
1602 2256 1869 2310 inferuntur,
1905 2255 2075 2308 vivant,
2103 2253 2186 2312 qui

221 2331 285 2374 eis
313 2329 512 2374 serviunt
538 2329 584 2371 in
612 2327 765 2386 aliquo
793 2326 971 2370 officio:
1006 2336 1190 2385 propter
1223 2325 1345 2384 quod
1379 2334 1423 2370 et
1454 2324 1649 2367 ministri
1682 2322 1850 2376 altaris,
1881 2332 1929 2366 et
1957 2321 2187 2381 praedica-

219 2407 356 2450 tores,
384 2395 460 2455 qui
487 2395 760 2448 doctrinam,
779 2403 824 2438 et
850 2393 939 2437 alia
955 2393 1107 2436 divina
1125 2391 1296 2451 populo
1321 2391 1442 2445 dant,
1460 2405 1555 2435 non
1579 2389 1954 2434 inconvenienter
1973 2387 2185 2432 videntur

224 2464 276 2508 ab
306 2464 369 2508 eis
396 2462 775 2507 sustentationem
806 2461 926 2504 vitae
959 2459 1186 2518 accipere:
1221 2460 1390 2517 Dignus
1420 2464 1475 2502 est
1505 2459 1615 2502 enim
1648 2458 1864 2516 operarius
1894 2456 1986 2500 cibo
2015 2460 2118 2508 mo,
2139 2463 2187 2499 ut

220 2530 449 2574 Dominus
463 2529 572 2573 dicit
589 2528 771 2586 (Matth.
783 2528 839 2571 X.
859 2527 969 2584 1o.;)
984 2526 1302 2604 propterquod
1317 2525 1568 2585 Apostolus
1581 2525 1690 2568 dicit
1702 2524 1756 2582 (Ι.
1773 2523 1981 2568 Corinth.
1999 2522 2079 2567 lx.
2096 2521 2185 2578 14.)

222 2597 344 2656 quod
371 2598 584 2640 Dominus
606 2595 819 2639 ordinavit
846 2595 908 2638 his
929 2595 1002 2652 qui
1028 2594 1306 2651 Evangelium
1328 2593 1587 2646 denuntiant,
1611 2598 1656 2636 ut
1682 2591 1728 2635 de
1754 2590 1983 2649 Evangelio
2004 2590 2184 2641 vivant,-

222 2665 338 2708 sicut
365 2673 409 2708 et
435 2662 562 2720 (ibid.
595 2662 682 2719 13.)
706 2663 778 2720 qui
800 2662 928 2705 altari
954 2660 1201 2713 deserviunt,
1227 2675 1321 2704 cum
1347 2660 1476 2704 altari
1492 2660 1854 2735 comparticipant.
1871 2656 1945 2701 Illi
1966 2668 2077 2715 ergo
2099 2655 2180 2715 qui

222 2733 267 2775 in
293 2730 420 2774 nullo
449 2728 603 2773 officio
630 2728 802 2787 populo
834 2728 1105 2782 ministrant,
1137 2727 1466 2772 inconveniens
1495 2727 1689 2780 videtur,
1715 2726 1751 2769 si
1780 2740 1806 2769 a
1831 2723 2003 2785 populo
2026 2736 2186 2768 neces-

221 2798 339 2842 saria
363 2797 483 2841 vitae
517 2796 756 2854 accipiant.

307 2865 449 2909 Item:
482 2865 565 2908 iste
592 2862 757 2907 m'odus
781 2862 968 2906 vivendi
993 2861 1171 2905 videtur
1188 2875 1285 2905 esse
1305 2860 1402 2904 aliis
1421 2860 1685 2905 damnosus.
1710 2859 1829 2904 Sunt
1850 2857 1972 2903 enim
1996 2856 2183 2917 quidam

222 2945 336 2990 quos
365 2945 419 2975 ex
443 2931 714 2974 necessitate
749 2938 931 2988 oportet
964 2928 1158 2972 aliorum
1200 2927 1431 2972 beneficiis
1468 2927 1722 2980 sustentari,
1749 2926 1827 2985 qui
1866 2934 2050 2985 propter
2079 2927 2187 2983 pau·

219 3007 440 3057 pertatem
464 3007 508 3041 et
523 2996 833 3040 infirmitatem
853 2996 936 3039 sibi
957 3009 1052 3039 non
1074 3004 1265 3054 possunt
1287 2993 1515 3047 sufficere3
1541 3006 1738 3053 quorum
1759 2991 1980 3041 beneficia
2002 2999 2183 3050 oportet

221 3065 343 3123 quod
393 3064 669 3118 minuantur,
703 3065 740 3107 si
772 3062 840 3107 illi
870 3063 948 3121 qui
980 3062 1235 3106 voluntarie
1267 3070 1578 3120 paupertatem
1614 3069 1852 3104 assumunt
1880 3072 1935 3103 ex
1966 3057 2036 3102 his
2063 3070 2180 3117 quae

220 3131 275 3175 ab
305 3131 401 3174 aliis
443 3131 605 3175 dantur
642 3130 835 3174 debeant
870 3129 1125 3184 sustentari,
1163 3141 1269 3172 cum
1311 3128 1524 3172 homines
1559 3141 1653 3171 non
1695 3125 1935 3180 sufficiant,
1972 3138 2061 3170 nec
2091 3124 2183 3169 sint

220 3198 420 3256 prompti
447 3197 501 3241 ad
520 3196 879 3242 subveniendum
899 3210 1095 3255 magnae
1113 3195 1391 3239 multitudini
1417 3206 1691 3254 pauperum:
1715 3193 1835 3238 unde
1862 3202 1908 3237 et
1931 3190 2183 3251 Apostolus

222 3264 275 3321 (I.
307 3263 514 3309 Timoth.
541 3263 618 3307 IV.
643 3264 687 3306 in
714 3263 850 3321 Vulg.
874 3262 930 3306 V.
961 3262 1047 3318 16.)
1075 3262 1275 3315 mandat,
1299 3258 1420 3319 quod
1444 3261 1482 3305 si
1500 3261 1662 3320 aliquis
1682 3260 1821 3305 habet
1836 3259 2026 3304 viduam
2049 3256 2104 3302 ad
2128 3270 2176 3302 se

220 3331 536 3409 pertinentem,
564 3344 668 3375 eam
695 3339 928 3383 sustentet,
956 3340 1005 3373 ut
1030 3329 1235 3373 Ecclesia
1260 3327 1456 3372 sufficiat
1480 3328 1553 3372 his
1578 3341 1695 3387 quae
1727 3340 1836 3372 vere
1865 3326 2031 3370 viduae
2062 3332 2182 3378 suat.

219 3397 298 3441 Est
333 3398 468 3456 igitur
500 3397 842 3451 inconveniens,
873 3406 923 3441 ut
963 3396 1178 3440 homines
1204 3404 1519 3455 paupertatem
1555 3394 1790 3453 eligentes,
1827 3393 1957 3438 hune
1987 3391 2181 3436 modum

220 3464 402 3508 vivendi
437 3474 682 3509 assumant.

310 3531 497 3575 Adhuc:
527 3531 582 3575 ad
616 3530 942 3590 perfectionem
975 3529 1152 3574 virtutis
1177 3527 1378 3574 maxime
1405 3528 1646 3588 requiritur
1677 3523 1819 3571 animi
1850 3526 2056 3579 libertam
2089 3524 2177 3570 hac

223 3597 345 3641 enim
372 3597 561 3651 sublata,
589 3598 643 3642 de
670 3597 792 3642 facili
817 3597 1031 3641 homines
1062 3596 1220 3640 alienis
1254 3595 1451 3654 peccatis
1485 3594 1844 3648 communicant,
1869 3591 1944 3640 vel
1969 3604 2181 3652 api-esse
