2332 3854
848 179 1005 219 LlBER
1043 178 1098 218 11.
1141 179 1260 218 CAP.
1303 177 1390 217 LX.
1987 176 2088 231 203

133 291 201 338 est
225 280 482 327 intellectus
506 279 746 339 possibilis,
776 280 973 339 Oportet
998 280 1134 339 igitur
1160 280 1283 340 quod
1309 292 1450 339 puero
1477 279 1570 337 jam
1593 277 1649 322 sit
1671 278 1944 336 conjunctus
1966 277 2097 322 intel-

51 355 59 388 i‘
86 392 97 400 ,
131 349 276 395 lectus
303 347 530 408 possibilis
553 356 795 405 antequam
825 358 928 392 actu
955 347 1194 407 intelligat.
1220 346 1328 391 Non
1355 356 1423 391 est
1447 346 1584 405 igitur
1611 344 1895 388 continuatio
1923 344 2096 389 intelle·

53 429 60 475 ᾗ
133 424 231 461 ems
256 412 481 475 possibilis
508 427 614 457 cum
639 413 828 456 homine
856 428 934 472 per
960 413 1159 458 formam
1192 412 1471 465 intellectam
1498 412 1543 456 in
1570 421 1698 465 actu3
1731 410 1810 455 sed
1842 410 1938 469 ipse
1964 410 2095 455 intel-

59 526 65 541 ,ι
130 481 275 527 lectus
300 479 526 541 possibilis
553 480 669 523 inest
693 479 872 523 homini
900 494 924 522 a
952 480 1175 539 principio
1203 481 1318 525 sicut
1345 479 1514 538 aliquid
1542 479 1652 536 ejus.

159 588 162 590 ,
191 568 194 572 ’
221 547 340 592 Huic
363 556 516 591 autem
541 545 707 590 rationi
732 547 977 604 respondet
999 547 1226 591 Averroes
1249 546 1520 606 praedictus.
1542 545 1667 590 Dicit
1693 546 1815 588 enim
1838 544 1961 603 quod
1985 558 2096 602 puer

49 601 60 664 J
132 613 294 660 dicitur
318 613 521 673 potentia
545 612 800 671 intelligere
818 612 987 670 duplici
1005 614 1203 658 ratione:
1228 629 1320 659 uno
1339 614 1496 668 modo,
1513 615 1619 673 quia
1642 612 1961 671 phantasmata
1979 627 2096 671 quae

50 681 66 739 J
131 690 235 728 sunt
258 680 304 724 in
331 682 430 739 ipso
456 689 561 724 sunt
585 678 924 738 intelligibilia
913 693 957 722 m
986 680 1214 738 potentia;
1242 680 1333 725 alio
1360 681 1517 734 mod0,
1540 680 1646 740 quia
1668 678 1928 724 intellectus
1954 679 2097 738 possi-

131 745 233 791 bilis
258 756 325 791 est
349 755 512 805 potens
538 745 794 790 continuari
813 759 917 790 cum
944 745 1061 805 ipso,
1085 756 1130 790 et
1149 761 1244 791 non
1266 747 1372 805 quia
1391 745 1652 792 intellectus
1673 745 1731 792 sit
1750 747 1845 805 jam
1868 745 2019 791 unitus
2038 745 2094 790 ei.

222 812 573 859 ostendendum
599 821 668 856 est
692 820 845 856 autem
871 811 994 871 quod
1021 822 1208 871 uterque
1235 814 1400 858 modus
1427 814 1484 858 sit
1508 812 1799 858 insufficiens.

218 878 324 924 Alia
346 879 467 923 enim
494 878 696 937 potentia
715 888 782 922 est
805 892 893 937 qua
921 892 1062 937 agens
1083 889 1232 938 potest
1249 893 1399 938 agere,
1418 890 1462 925 et
1479 878 1567 924 alia
1587 880 1790 938 potentia
1807 894 1897 940 qua
1919 879 2095 939 patiens

43 965 62 991 e
130 954 282 1007 potest
305 946 422 1005 pati;
445 954 490 989 et
511 958 566 989 ex
587 944 799 1005 opposito
823 944 1093 990 dividuntur.
1117 945 1183 989 Ex
1206 959 1262 990 eo
1284 946 1421 1004 igitur
1440 947 1561 1005 quod
1582 946 1798 991 convenit
1819 946 1953 991 alicui
1972 945 2096 1006 quod

50 1015 58 1047 ’Σ
129 1014 274 1073 possit
297 1025 448 1071 agere,
479 1025 572 1056 non
601 1013 823 1070 competit
847 1012 889 1056 ei
915 1012 1035 1070 quod
1069 1013 1214 1071 possit
1245 1013 1352 1070 pati.
1384 1012 1527 1057 Posse
1561 1023 1713 1057 autem
1746 1011 2001 1072 intelligere
2028 1021 2096 1058 est

86 1117 91 1125 .
130 1093 263 1140 posse
284 1079 391 1139 pati,
413 1093 554 1139 quum
577 1077 828 1138 intelligere
852 1078 1084 1138 quoddam
1106 1079 1199 1139 pati
1221 1080 1291 1134 sit,
1314 1079 1566 1124 secundum
1585 1079 1921 1139 Philosophum
1939 1078 2095 1137 (tertio

47 1169 59 1185 ι
128 1146 203 1193 De
236 1146 402 1204 anima,
427 1156 459 1190 t.
487 1160 525 1190 c.
555 1146 631 1203 2.).
665 1145 770 1190 Non
802 1145 938 1204 igitur
965 1146 1127 1190 dicitur
1162 1160 1275 1205 puer
1312 1155 1474 1206 potens
1510 1146 1764 1205 intelligere
1798 1161 1851 1191 ex
1883 1160 1939 1191 eo
1972 1146 2095 1206 quod

131 1214 451 1275 phantasmata
482 1214 527 1257 in
561 1227 617 1258 eo
643 1222 835 1271 possunt
868 1227 967 1257 esse
997 1212 1228 1258 intellecta
1259 1213 1308 1257 in
1340 1224 1459 1268 actu,
1486 1228 1627 1273 quum
1658 1214 1749 1259 hoc
1782 1214 2006 1274 pertineat
2038 1212 2094 1258 ad

135 1294 269 1341 posse
295 1294 454 1340 agere;
480 1280 800 1339 phantasmata
827 1281 949 1324 enim
972 1289 1159 1324 movent
1185 1279 1466 1325 intellectum
1495 1280 1775 1339 possibilem.

220 1347 408 1391 Adhuc:
435 1346 640 1406 potentia
668 1360 950 1405 consequens
975 1347 1175 1405 speciem
1201 1347 1392 1406 alicujus
1413 1361 1507 1391 non
1531 1348 1752 1406 competit
1777 1347 1819 1391 ei
1839 1347 2093 1392 secundum

44 1458 63 1475 2
129 1413 191 1470 id,
217 1413 338 1474 quod
363 1413 565 1473 speciem
591 1426 685 1457 non
710 1413 912 1471 largitur.
940 1413 1080 1458 Posse
1108 1423 1260 1458 autem
1286 1412 1540 1472 intelligere
1574 1414 1867 1473 consequitur
1893 1414 2095 1473 speciem

48 1493 60 1519 ἱ
131 1481 408 1534 humanam3
440 1490 509 1525 est
540 1480 662 1524 enim
697 1479 951 1538 intelligere
989 1480 1193 1539 operatio
1230 1480 1433 1524 hominis
1466 1480 1514 1524 in
1550 1490 1770 1539 quantum
1804 1480 2095 1540 hujusmodi;

48 1551 56 1568 ·’
130 1547 450 1608 phantasmata
475 1557 630 1591 autem
661 1561 755 1591 non
789 1546 898 1590 dant
927 1547 1127 1605 speciem
1160 1547 1426 1601 humanam,
1460 1547 1538 1591 sed
1572 1547 1720 1606 magis
1753 1557 2094 1607 consequuntur

19 1623 21 1627 “
72 1630 79 1638 ³
130 1614 445 1674 operationem
470 1614 687 1658 hominis.
712 1613 820 1658 Non
847 1628 957 1672 ergo
984 1614 1160 1658 ratione
1186 1614 1558 1674 phantasmatum
1591 1624 1741 1672 potest
1767 1614 1856 1658 dici
1881 1628 1992 1674 puer
2017 1628 2095 1674 po-

58 1678 63 1713 ἑ
132 1681 274 1728 tentia
305 1680 578 1740 intenigens.

208 1747 439 1793 Similiter
465 1758 618 1793 autem
642 1762 791 1807 neque
818 1748 907 1792 dici
933 1758 1081 1808 potest
1107 1762 1218 1808 puer
1243 1762 1378 1807 posse
1409 1747 1677 1807 intelligere,
1703 1747 1809 1807 quia
1835 1747 2094 1792 intellectus

55 1848 61 1853 ,
129 1815 356 1877 possibilis
382 1825 531 1876 potest
556 1815 811 1860 continuari
837 1830 943 1859 cum
965 1816 1079 1875 ipso.
1111 1816 1186 1860 Sic
1214 1817 1336 1860 enim
1363 1814 1526 1874 aliquis
1549 1815 1712 1860 dicitur
1733 1815 1935 1874 potentia
1959 1829 2095 1873 agere

47 1884 60 1917 12
127 1882 204 1928 vel
228 1882 335 1943 pati,
360 1896 440 1941 per
465 1883 718 1943 potentiam
745 1882 942 1926 activam
967 1882 1040 1926 vel
1066 1882 1310 1942 passivam,
1336 1882 1454 1927 sicut
1479 1881 1642 1926 dicitur
1668 1881 1795 1926 albus
1823 1895 1903 1940 per
1928 1881 2094 1926 albedi-

128 1963 251 1995 nem.
275 1950 384 2007 Non
406 1959 559 2005 autern
583 1949 744 2009 aliquis
765 1949 928 1993 dicitur
949 1947 1092 2003 albus,
1111 1958 1356 2008 antequam
1382 1948 1544 1993 albedo
1562 1948 1619 1992 sit
1635 1948 1678 1992 ei
1695 1949 1952 2007 conjuncta.
1971 1948 2095 2007 Ergo

129 2030 277 2075 neque
301 2016 465 2061 dicitur
491 2015 652 2076 aliquis
674 2025 835 2075 potens
859 2029 994 2075 agere
1013 2015 1085 2060 vel
1107 2015 1215 2075 pati,
1240 2026 1486 2075 antequam
1508 2015 1711 2075 potentia
1734 2015 1882 2059 activa
1902 2014 1977 2059 vel
1998 2029 2096 2074 pas-

8 2103 11 2127 ;
129 2084 226 2129 siva
250 2083 294 2129 ei
319 2083 455 2139 adsit;
481 2097 577 2128 non
603 2098 713 2143 ergo
741 2083 797 2127 de
823 2079 965 2142 puero
992 2092 1146 2141 posset
1172 2083 1262 2126 dici
1288 2083 1410 2141 quod
1438 2092 1505 2126 est
1531 2093 1692 2141 potens
1725 2081 1994 2140 intelligere,
2021 2096 2096 2126 an-

128 2161 316 2210 tequam
339 2149 597 2195 intellectus
622 2150 863 2209 possibilis,
890 2150 967 2209 qui
994 2160 1061 2194 est
1086 2150 1288 2208 potentia
1314 2148 1612 2208 intelligendi,
1636 2149 1694 2193 sit
1719 2149 1762 2193 ei
1789 2150 2094 2193 continuatus.

217 2217 483 2262 Praeterea:
511 2216 640 2261 aliter
667 2217 828 2260 dicitur
850 2216 1012 2276 aliquis
1033 2226 1196 2276 potens
1223 2216 1415 2275 operari,
1434 2226 1679 2275 antequam
1695 2215 1863 2260 habeat
1883 2225 2095 2259 naturam

124 2299 220 2346 qna
245 2294 472 2344 operetur,
500 2293 545 2328 et
570 2282 698 2327 aliter
723 2293 967 2342 postquam
989 2284 1084 2342 jam
1106 2283 1243 2327 habet
1264 2292 1489 2337 naturam,
1508 2283 1587 2327 sed
1613 2281 1858 2342 impeditur
1879 2296 1959 2342 per
1981 2282 2096 2327 acci-

127 2351 238 2396 dens
265 2351 319 2395 ab
346 2350 604 2410 operando3
633 2350 747 2394 sicut
774 2349 902 2394 aliter
929 2350 1092 2394 dicitur
1119 2363 1283 2408 corpus
1310 2359 1472 2407 potens
1498 2348 1604 2393 ferri
1631 2363 1825 2403 sursum,
1850 2358 2094 2408 antequam

127 2416 328 2471 sitleve,
356 2427 402 2462 et
426 2416 555 2462 aliter
586 2426 828 2476 postquam
863 2417 958 2475 jam
995 2426 1061 2461 est
1098 2426 1367 2475 generatum
1405 2415 1520 2471 leve,
1552 2415 1631 2460 sed
1667 2415 1912 2475 impeditur
1936 2415 1983 2459 in
2010 2429 2094 2459 suo

129 2494 274 2537 motu.
300 2484 419 2529 Puer
445 2494 597 2528 autem
624 2494 693 2528 est
717 2485 764 2528 in
790 2483 994 2543 potentia
1019 2483 1294 2542 intelligens,
1312 2498 1415 2534 ‚non
1442 2483 1571 2542 quasi
1593 2483 1800 2526 nondum
1822 2483 1996 2526 habens
2018 2497 2093 2527 na-

43 2553 58 2579 ³0
126 2560 278 2597 turam
302 2550 599 2609 intelligendi,
631 2550 710 2604 sed
741 2550 916 2595 habens
947 2550 1330 2610 impedimentum
1362 2559 1411 2594 ut
1442 2564 1536 2594 non
1568 2549 1817 2608 intelligat;
1849 2549 2096 2608 impeditur

0 2652 73 2677 ,15
129 2618 251 2674 enim
277 2618 331 2662 ab
357 2618 656 2677 intelligendo
678 2619 864 2677 propte!
885 2617 1184 2662 multimodos
1207 2628 1359 2662 motus
1381 2617 1427 2661 in
1451 2617 1549 2676 ipso
1569 2617 1848 2671 exsistentes,
1867 2626 1916 2660 ut
1933 2616 2094 2661 dicitur

129 2684 177 2733 in
201 2686 397 2745 septimo
424 2684 606 2744 Physic.
634 2686 686 2744 (t.
714 2699 753 2728 c.
781 2684 888 2741 20.).
914 2685 1021 2728 Non
1047 2684 1183 2743 igitur
1215 2693 1399 2743 propter
1424 2683 1515 2727 hoc
1543 2683 1706 2727 dicitur
1737 2692 1899 2742 potens
1934 2683 2096 2728 intelli-

0 2766 2 2777 ¹
44 2746 71 2799 ῑζί
128 2765 249 2811 gere,
275 2751 382 2811 quia
406 2751 662 2796 intellectus
689 2751 931 2810 possibilis,
958 2751 1035 2810 qui
1068 2761 1135 2796 est
1166 2750 1451 2810 intelligendi
1483 2750 1772 2809 principium,
1799 2760 1950 2809 potest
1984 2764 2093 2795 con-

126 2818 292 2863 tinuari
316 2818 422 2872 sibi3
450 2819 527 2863 sed
555 2818 659 2877 quia
684 2820 780 2877 jam
803 2827 870 2862 est
897 2818 1199 2871 continuatus,
1234 2827 1278 2862 et
1306 2817 1553 2877 impeditur
1582 2818 1634 2860 ab
1665 2817 1845 2861 actione
1884 2818 2092 2877 propria3

0 2881 2 2900 ³
128 2884 261 2939 unde,
282 2885 611 2944 impedimento
639 2894 832 2938 remoto,
852 2885 1003 2928 statim
1030 2883 1255 2943 intelligit.

161 2983 168 2988 -
215 2950 356 2996 Item:
378 2950 557 2995 habitus
576 2961 643 2996 est
664 2965 754 3010 quo
773 2951 873 3010 quis
890 2961 1114 3009 operatur,
1132 2966 1274 3010 quum
1290 2950 1498 2996 voluerit.
1519 2950 1743 3009 Oportet·
1733 2951 1870 3009 1gitur
1887 2951 2091 3010 ejusdem

0 3020 1 3025 ’
131 3030 228 3063 esse
253 3017 460 3062 habitum
487 3028 532 3063 et
557 3019 874 3077 operationem
901 3032 1016 3077 quae
1044 3027 1111 3062 est
1137 3018 1387 3062 secundum
1421 3018 1640 3062 habitum.
1678 3018 1768 3061 Sed
1802 3018 2092 3063 considerare

53 3091 66 3128 ‘2
127 3071 440 3142 intelligendo,
466 3085 588 3144 quod
615 3095 683 3129 est
709 3095 834 3129 actus
861 3084 994 3143 hujus
1021 3085 1201 3129 habitus
1229 3085 1306 3144 qui
1341 3094 1407 3129 est
1439 3084 1671 3138 scientiae,
1697 3098 1791 3128 non
1813 3094 1962 3143 potest
1993 3099 2092 3130 esse

127 3149 383 3195 intellectus
416 3150 599 3210 passivi,
636 3151 715 3195 sed
752 3161 819 3196 est
848 3151 988 3210 ipsius
1020 3151 1277 3196 intellectus
1310 3150 1563 3210 possibilis;
1600 3151 1654 3194 ad
1691 3151 1781 3195 hoc
1815 3153 1936 3194 enim
1968 3152 2091 3210 quod

130 3216 278 3277 aliqua
304 3217 506 3276 potentia
530 3217 768 3277 intelligat,
795 3228 976 3276 oportet
1002 3218 1123 3277 quod
1150 3233 1244 3262 non
1266 3218 1324 3262 sit
1349 3228 1475 3262 actus
1504 3218 1708 3276 corporis
1736 3217 1939 3275 alicujus.
1968 3217 2089 3276 Ergo

129 3292 174 3328 et
196 3283 377 3328 habitus
403 3283 617 3328 scientiae
644 3298 738 3328 non
764 3295 831 3328 est
857 3284 903 3328 in
929 3284 1161 3330 intellectu
1189 3285 1384 3344 passivo,
1412 3284 1489 3329 sed
1522 3285 1570 3328 in
1601 3283 1833 3328 intellectu
1866 3284 2087 3342 possibili.

130 3349 330 3408 Scientia
355 3359 508 3394 autem
533 3349 579 3395 in
604 3350 737 3395 nobis
763 3360 832 3395 est
856 3351 1109 3396 secundum
1134 3366 1274 3410 quam
1297 3351 1491 3395 dicimur
1515 3351 1726 3395 scientes.
1749 3350 1871 3409 Ergo
1895 3361 1938 3395 et
1962 3350 2092 3396 intel-

129 3414 278 3462 lectus
298 3416 524 3475 possibilis
550 3426 617 3461 est
646 3417 694 3461 in
718 3417 851 3462 nobis
876 3431 971 3462 non
997 3420 1248 3463 secundum
1275 3431 1373 3462 esse
1403 3431 1429 3462 a
1453 3418 1585 3462 nobis
1611 3428 1860 3476 separatus.

217 3482 408 3529 Adhuc:
434 3483 623 3528 scientia
649 3493 716 3528 est
742 3483 1007 3529 assimilatio
1034 3485 1216 3529 scientis
1244 3485 1298 3528 ad
1325 3498 1423 3528 rem
1445 3484 1622 3528 scitam.
1648 3483 1733 3528 Rei
1756 3494 1908 3529 autem
1931 3484 2089 3540 scitae,

132 3546 179 3592 in
202 3559 423 3609 quantum
447 3559 516 3595 est
540 3549 668 3604 scita,
689 3564 783 3595 non
809 3551 1084 3597 assimilatur
1109 3553 1274 3606 sciens,
1299 3551 1386 3596 nisi
1418 3551 1669 3596 secundum
1702 3551 1877 3610 species
1910 3552 2088 3597 univer-
