2332 3854
852 245 1005 286 unna
1044 245 1100 285 11.
1141 246 1262 286 CAP.
1300 243 1450 285 xc1X.
2019 227 2121 301 283

897 501 1151 557 CAPUT
1190 501 1398 559 XCIX.
1465 586 1477 595 ἢ

300 642 460 689 QUOD
489 643 861 682 SUBSTANTIAE
896 645 1207 684 SEPARATAE
1235 643 1569 684 MATERIALIA
1598 642 1994 684 COGNOSCUNT.

775 753 832 812 (Ι.
853 761 969 813 part.
997 761 1147 813 quaest.
1170 755 1310 799 LVII.
1333 761 1415 799 art.
1442 755 1514 812 1.).

256 868 344 913 Per
368 869 619 928 praedictas
645 870 780 929 igitur
805 870 976 916 formas
1002 871 1322 930 intelligibiles,
1349 871 1597 917 substantia
1619 879 1826 930 separata
1851 883 1947 914 non
1972 868 2126 915 solum

169 936 409 995 cognoscit
434 935 545 980 alias
571 937 839 982 substantias
867 949 1112 997 separatas,
1139 940 1218 983 sed
1245 940 1383 983 etiarn
1411 938 1584 997 species
1616 952 1768 982 rerum
1801 936 2124 996 corporalium.

258 1001 416 1055 Quum
450 1004 569 1047 enirn
604 1003 859 1048 intellectus
893 1019 1048 1049 earum
1082 1006 1139 1049 sit
1163 1004 1388 1064 perfectus
1420 1004 1611 1049 naturali
1643 1003 1937 1064 perfectione,
1969 1014 2126 1063 utpote

165 1078 288 1114 totus
318 1069 365 1113 in
397 1080 501 1114 actu
533 1071 765 1125 exsistens,
798 1082 979 1131 oportet
1005 1072 1127 1130 quod
1159 1086 1293 1116 suurn
1321 1073 1567 1130 objectum,
1601 1071 1775 1116 scilicet
1807 1085 1886 1116 ens
1918 1071 2128 1130 intelligi-

165 1134 271 1190 bile,
287 1136 600 1182 universaliter
612 1138 982 1198 comprehendat.
998 1139 1206 1183 Sub'ente
1226 1149 1377 1183 autem
1395 1138 1668 1198 intelligibili
1681 1137 2127 1197 comprehenduntur

165 1203 304 1247 etiam
328 1204 503 1263 species
535 1218 687 1248 rerum
720 1205 1044 1265 corporalium.
1072 1205 1159 1250 Eas
1186 1205 1322 1264 igitur
1361 1205 1611 1250 substantia
1638 1215 1845 1263 separata
1871 1206 2123 1264 cognoscit.

254 1269 442 1314 Adhuc:
462 1285 603 1330 quum
629 1272 803 1330 species
829 1286 980 1316 rerum
1014 1272 1346 1331 distinguantur
1377 1272 1494 1316 sicut
1525 1273 1699 1331 species
1731 1285 2045 1326 numerorum,
2077 1280 2127 1316 ut

163 1349 301 1396 supra
326 1337 387 1394 (c.
410 1339 503 1396 95.)
529 1337 735 1383 habiturn
763 1348 845 1392 est,
872 1348 1052 1398 oportet
1078 1339 1201 1398 quod
1227 1339 1273 1383 in
1300 1340 1452 1397 specie
1484 1338 1708 1398 superiori
1739 1335 2028 1383 continuetur
2051 1338 2127 1383 ali-

165 1402 358 1462 qualiter
375 1404 498 1463 quod
524 1414 591 1449 est
615 1405 662 1449 in
687 1404 904 1459 inferiori,
923 1406 1040 1450 sicut
1059 1406 1204 1463 major
1221 1420 1437 1450 numerus
1465 1406 1668 1450 continet
1693 1405 1935 1450 minorem.
1965 1404 2125 1457 Quum

162 1469 302 1529 igitur
322 1471 598 1516 substantiae
616 1482 850 1531 separatae
872 1473 960 1517 sint
978 1486 1113 1531 supra
1130 1472 1402 1517 substantias
1425 1472 1703 1531 corporales,
1726 1480 1906 1531 oportet
1926 1472 2048 1531 quod
2071 1486 2126 1517 ea

164 1550 281 1596 quae
313 1547 417 1582 sunt
450 1538 499 1582 in
533 1539 792 1583 substantiis
833 1539 1146 1598 corporalibus
1178 1553 1258 1598 per
1289 1539 1481 1582 modum
1513 1538 1797 1583 materialem
1830 1539 1919 1583 sint
1949 1539 1996 1582 in
2027 1538 2128 1583 sub-

163 1603 339 1649 stantiis
371 1606 589 1663 separatis
615 1620 695 1664 per
720 1606 911 1650 modum
941 1605 1301 1665 intelligibilem3
1333 1605 1456 1664 quod
1490 1607 1612 1650 enirn
1632 1614 1707 1650 'est
1730 1605 1778 1649 in
1804 1604 1958 1664 aliquo
1985 1615 2054 1650 est
2077 1605 2125 1649 in

166 1683 224 1715 eo
249 1683 329 1727 per
353 1671 545 1716 modum
572 1673 666 1730 ejus
691 1672 738 1716 in
761 1686 852 1731 quo
879 1682 959 1717 est.

253 1744 393 1790 Item:
419 1746 457 1790 si
488 1745 763 1790 substantiae
797 1756 1030 1805 separatae
1064 1756 1253 1790 movent
1285 1759 1481 1805 corpora
1513 1745 1746 1801 coelestia,
1779 1755 1829 1791 ut
1860 1745 2126 1807 philosophi

163 1821 340 1871 ponunt
373 1811 576 1870 (decimo
612 1813 814 1857 secundo
849 1813 1103 1872 Metaphys.
1131 1822 1160 1858 t.
1191 1827 1229 1856 c.
1267 1810 1334 1871 36.
1362 1822 1407 1856 et
1431 1815 1540 1872 49.),
1583 1813 1798 1872 quidquid
1830 1814 2040 1873 provenit
2070 1827 2124 1857 ex

163 1888 292 1922 motu
320 1892 565 1938 corporum
592 1879 862 1924 coelestium
888 1880 1141 1924 attribuitur
1161 1880 1271 1939 ipsis
1297 1880 1564 1939 corporibus
1587 1880 1703 1924 sicut
1718 1880 2043 1934 instrumentis,
2065 1894 2123 1925 eo

162 1944 287 2004 quod
318 1955 507 1991 movent
538 1956 679 2000 mota,
710 1946 970 1991 substantiis
997 1956 1151 1991 autem
1183 1946 1401 2006 separatis
1433 1947 1720 1991 moventibus
1752 1947 1870 1992 sicut
1900 1947 2124 2008 principa-

162 2009 280 2056 libus
300 2012 565 2071 agentibus.
603 2013 762 2072 Agunt
797 2023 950 2058 autem
983 2023 1026 2058 et
1058 2023 1247 2058 movent
1270 2028 1351 2072 per
1382 2013 1680 2058 intellectum.
1710 2014 1826 2059 Sunt
1857 2015 1993 2073 igitur
2015 2028 2121 2058 cau-

163 2088 316 2123 santes
342 2093 396 2124 ea
427 2094 542 2139 quae
567 2080 680 2124 fiunt
704 2094 783 2140 per
808 2091 988 2125 motum
1003 2095 1248 2141 corporum
1267 2080 1551 2135 coelestium,
1569 2076 1696 2126 'sicut
1721 2081 1878 2127 artifex
1905 2092 2118 2141 operatur

161 2158 243 2203 per
266 2158 348 2190 sua
372 2146 684 2191 instrumenta.
705 2147 900 2192 Formae
922 2148 1059 2207 igitur
1081 2162 1242 2192 eorum
1265 2162 1381 2208 quae
1408 2156 1683 2207 generantur
1705 2159 1749 2193 et
1766 2160 2122 2208 corrumpuntur

162 2222 267 2257 sunt
307 2212 647 2272 intelligibiliter
677 2214 724 2258 in
756 2215 1016 2259 substantiis
1049 2215 1288 2275 separatis;
1325 2215 1444 2260 unde
1478 2225 1523 2260 et
1555 2215 1754 2270 Boetius,
1786 2216 1833 2260 in
1863 2217 2013 2275 primo
2049 2217 2122 2261 De

162 2277 325 2324 Trinit.
353 2280 414 2337 (c.
445 2279 519 2338 3.),
545 2280 655 2326 dicit
671 2282 793 2340 quod
814 2297 838 2323 (ε
856 2296 910 2326 ex
926 2281 1086 2326 formis
1114 2296 1229 2341 quae
1248 2291 1352 2326 sunt
1373 2283 1469 2326 sine
1487 2283 1678 2326 materia
1700 2282 2123 2343 veneruntformae

159 2358 278 2406 quae
302 2355 406 2391 sunt
430 2347 484 2391 in-
504 2348 692 2392 materia
719 2365 760 2391 ».
789 2348 1093 2407 Cognoscunt
1118 2349 1253 2408 igitur
1278 2349 1553 2394 substantiae
1586 2359 1821 2409 separatae
1847 2364 1941 2394 non
1968 2350 2121 2395 solum

159 2413 431 2458 substantias
457 2424 701 2474 separatas,
727 2415 806 2459 sed
833 2416 971 2460 etiam
998 2416 1173 2475 species
1199 2431 1352 2461 rerum
1374 2416 1705 2471 materialium3
1738 2432 1862 2472 nam,
1888 2418 1928 2462 si
1953 2432 2124 2478 cogno-

152 2489 289 2526 'scunt
313 2481 486 2539 species
513 2481 842 2539 generabilium
860 2492 904 2527 et
921 2482 1283 2542 corruptibilium
1301 2497 1544 2542 corporum
1566 2494 1804 2543 tamquam
1829 2486 2121 2545 propriorum

158 2546 417 2602 effectuum,
443 2548 589 2593 multo
622 2550 768 2608 magis
800 2550 975 2609 species
1008 2564 1254 2609 corporum
1288 2550 1558 2595 coelestium
1584 2552 1713 2610 quasi
1744 2553 2033 2612 propriorum
2058 2553 2122 2598 in-

159 2623 528 2659 strumentorum.
558 2615 680 2668 Quia
711 2629 822 2660 vero
853 2615 1112 2662 intellectus
1144 2618 1420 2662 substantiae
1453 2628 1687 2677 separatae
1722 2629 1790 2664 est
1820 2619 1867 2663 in
1901 2630 2019 2674 actu,
2045 2620 2121 2664 ha-

156 2680 269 2726 bens
287 2695 449 2726 omnes
470 2682 787 2727 similitudines
815 2683 870 2727 ad
894 2698 1005 2742 quas
1028 2693 1096 2728 est
1120 2684 1166 2728 in
1185 2684 1401 2742 potentia,
1422 2684 1562 2728 habet
1584 2694 1736 2729 autem
1757 2687 1972 2730 virtutem
1997 2701 2121 2731 com-

158 2748 466 2807 prehendendi
496 2763 656 2794 omnes
685 2750 859 2809 species
886 2760 930 2794 et
955 2750 1229 2795 differentias
1256 2753 1385 2805 entis,
1411 2765 1599 2796 necesse
1626 2762 1692 2796 est
1724 2754 1845 2811 quod
1872 2754 2119 2798 substantia

158 2825 364 2874 separata
396 2815 623 2874 quaelibet
655 2827 908 2875 cognoscat
940 2831 1102 2862 omnes
1128 2831 1199 2861 res
1224 2816 1452 2862 naturales
1480 2828 1523 2862 et
1548 2828 1695 2862 totum
1730 2819 1918 2864 ordinen
1946 2834 2118 2864 earum.

250 2880 409 2934 Quum
436 2892 586 2926 autem
610 2881 866 2927 intellectus
892 2884 937 2927 in
965 2894 1066 2928 actu
1099 2883 1316 2943 perfectio
1351 2885 1408 2928 sit
1432 2884 1717 2929 intellectum
1749 2885 1796 2930 in
1824 2897 1941 2941 actu,
1967 2897 2119 2947 potest

160 2946 296 2992 alicui
326 2948 470 2993 videri
495 2949 616 3008 quod
643 2950 891 2994 substantia
917 2961 1121 3009 separata
1138 2965 1232 2995 non
1250 2951 1475 3010 intelligat
1500 2966 1573 2996 res
1600 2952 1882 3008 materiales3
1907 2954 2120 2999 inconve-

158 3015 290 3059 niens
322 3015 445 3059 enirn
476 3015 653 3060 videtur
684 3017 805 3075 quod
839 3031 909 3061 res
943 3017 1190 3061 materialis
1222 3017 1278 3062 sit
1309 3017 1527 3077 perfectio
1559 3019 1835 3064 substantiae
1868 3030 2117 3080 separatae.

160 3080 265 3136 Sed,
291 3081 328 3125 si
354 3091 475 3126 recte
502 3083 824 3138 consideretur,
851 3098 922 3128 res
949 3083 1177 3128 intellecta
1201 3094 1267 3129 est
1292 3084 1509 3143 perfectio
1532 3085 1839 3145 intelligentis,
1865 3088 2116 3132 secundum

159 3161 289 3192 suam
315 3147 659 3194 similitudinem
684 3164 822 3209 quam
845 3150 982 3195 habet
1007 3152 1053 3194 in
1080 3150 1336 3206 intellectu3
1362 3165 1458 3196 non
1485 3152 1607 3196 enirn
1633 3152 1762 3211 lapis,
1789 3153 1866 3212 qui
1898 3164 1965 3199 est
1991 3165 2117 3199 extra

160 3213 377 3268 animam,
408 3224 476 3259 est
500 3214 717 3273 perfectio
748 3217 1005 3262 intellectus
1032 3218 1258 3276 possibilis
1283 3219 1439 3263 nostri.
1465 3217 1727 3263 Similitudo
1755 3230 1908 3264 autem
1933 3221 2001 3265 rei
2026 3234 2119 3266 ma-

157 3279 327 3324 terialis
351 3281 397 3324 in
423 3280 654 3326 intellectu
680 3283 954 3328 substantiae
981 3295 1215 3344 separatae
1244 3295 1311 3329 est
1338 3285 1710 3340 immaterialiter,
1738 3286 1989 3331 secundum
2021 3301 2116 3332 mo-

158 3346 268 3391 durn
303 3347 580 3393 substantiae
614 3360 862 3409 separatae,
894 3365 988 3395 non
1021 3352 1273 3396 secundum
1311 3353 1502 3396 modum
1539 3353 1815 3398 substantiae
1853 3353 2114 3400 materialis.

159 3411 293 3457 Unde
318 3427 414 3458 non
446 3424 513 3459 est
543 3414 870 3462 inconveniens
902 3418 939 3461 si
969 3418 1084 3462 haec
1118 3417 1368 3463 similitudo
1400 3419 1576 3464 dicatur
1607 3434 1708 3465 esse
1739 3418 1959 3480 perfectio
1989 3421 2117 3467 intel-

157 3477 301 3525 lectus
323 3480 597 3526 substantiae
623 3492 857 3542 separatae
882 3483 999 3529 sicut
1024 3485 1207 3544 propria
1232 3483 1381 3530 forma
1406 3487 1517 3545 ejus.

242 3608 266 3623 Q
