2332 3854
294 168 394 238 158
947 181 1102 220 LIBER
1142 182 1198 219 11.
1241 181 1359 219 CAP.
1401 179 1585 218 xxxw.

286 285 423 329 etiam
450 284 622 329 factum
661 285 731 340 sit,
758 293 939 343 oportet
963 284 1102 327 etiarn
1130 292 1176 327 et
1198 282 1289 327 hoc
1329 296 1383 327 ex
1411 280 1501 328 alio
1528 280 1638 332 fieri.
1661 281 1769 329 Non
1799 292 1949 342 potest
1975 293 2127 330 autern
2151 284 2244 339 hoc

284 353 332 396 in
362 352 588 396 infinitum
622 351 884 411 procedere,
917 350 1022 409 quia
1053 349 1117 393 sic
1150 348 1276 392 nulla
1308 349 1541 407 generatio
1574 349 1892 408 compleretur,
1927 364 2033 395 cum
2062 365 2159 405 non
2188 352 2248 402 sit

284 419 499 479 possibile
524 419 699 463 infinita
725 418 940 470 transire;
963 425 1142 475 oportet
1167 416 1304 474 igitur
1330 416 1542 460 devenire
1560 416 1616 460 ad
1633 416 1817 475 aliquod
1834 418 2107 476 principium
2122 418 2245 478 quod

284 501 379 531 non
404 487 461 530 sit
486 486 672 530 factum.
699 485 853 530 Omne
882 492 1035 527 autem
1061 497 1141 527 ens
1162 482 1285 541 quod
1306 496 1399 526 non
1418 497 1597 542 semper
1612 481 1710 537 fuit,
1730 494 1911 541 oportet
1932 498 2032 534 esse
2047 483 2246 540 factum;

285 568 395 612 ergo
423 563 604 612 oportet
627 552 739 596 illud
767 566 820 595 ex
847 565 938 609 quo
966 550 1122 594 omnia
1148 550 1299 608 primo
1325 548 1452 603 fiunt,
1478 563 1583 598 esse,
1604 551 1958 609 sempiternum:
1982 551 2074 596 hoc
2093 561 2245 604 autem

283 634 377 665 non
395 630 463 664 est
478 621 619 673 Deus,
642 620 747 678 quia
767 619 863 676 ipse
872 631 968 661 non
981 626 1131 675 potest
1143 630 1241 661 esse
1254 616 1443 661 materia
1462 615 1650 675 alicujus
1673 617 1752 672 rei,
1770 627 1819 661 ut
1837 617 1885 661 in
1901 617 2052 677 primo
2070 619 2132 678 (c,
2155 618 2245 677 17.)

286 688 527 747 probatum
555 696 634 730 est.
661 685 950 743 Relinquitur
973 684 1112 742 igitur
1138 683 1261 743 quod
1288 682 1456 742 aliquid
1474 693 1597 728 extra
1621 684 1776 729 Deum
1795 684 1854 729 sit
1880 686 2251 741 aeternumffsci->

283 754 390 799 licet
416 754 562 812 prima
588 752 792 797 materia.
2190 783 2192 786 v

373 820 608 878 Amplius·
635 820 674 863 si
701 818 870 878 aliquid
895 831 991 862 non
1022 831 1070 862 se
1094 817 1234 862 habet
1259 817 1424 863 eodem
1464 817 1606 862 modo
1646 832 1770 864 nunc
1810 828 1855 864 et
1874 819 2033 878 prius,
2066 808 2248 880 oportet

282 889 393 932 illud
421 901 518 932 esse
545 885 800 945 aliqualiter
825 895 1076 929 mutatum:
1103 885 1195 929 hoc
1223 885 1347 930 enim
1374 894 1441 930 est
1465 885 1657 939 moveri,
1693 899 1788 930 non
1825 866 1992 936 eodem
2022 887 2170 939 modo
2196 901 2246 937 se

282 969 417 1008 nunc,
445 963 489 998 et
520 954 643 1012 prius
668 953 851 997 habere.
881 953 1037 998 Omne
1065 962 1218 997 autem
1245 952 1367 1011 quod
1394 952 1450 996 de
1475 966 1600 997 novo
1625 952 1785 1011 incipit
1810 967 1925 1007 esse,
1950 967 2047 1003 non
2079 954 2246 1006 eodem

283 1022 423 1066 modo
451 1035 498 1064 se
530 1021 668 1064 habet
692 1034 813 1063 nunc
847 1029 891 1064 et
922 1020 1067 1078 prius;
1094 1029 1273 1078 oportet
1298 1019 1435 1077 igitur
1460 1019 1551 1063 hoc
1584 1033 1664 1078 per
1695 1018 1897 1078 aliquem
1922 1031 2107 1066 motum·
2134 1021 2249 1066 acci·

282 1089 402 1142 dere,
429 1087 502 1132 vel
528 1087 855 1132 mutationem:
884 1087 1035 1130 omnis
1063 1097 1215 1130 autem
1242 1096 1409 1139 motus,
1434 1085 1510 1130 vel
1541 1088 1733 1130 mutatio
1766 1086 1814 1130 in
1850 1086 2003 1146 aliquo
2039 1088 2247 1147 subiecto

283 1166 373 1210 est;
401 1163 467 1199 est
493 1155 617 1198 enim
654 1164 781 1198 actus
824 1153 1023 1197 mobilis.
1057 1153 1180 1197 Cum
1217 1162 1373 1197 autern
1415 1161 1568 1196 motus
1602 1152 1660 1196 sit
1697 1153 1820 1211 prius
1854 1167 1910 1198 eo
1943 1155 2066 1213 quod
2091 1154 2248 1212 fitvper

282 1233 462 1266 motum
494 1236 600 1265 curn
633 1221 689 1265 ad
721 1221 811 1265 hoc
837 1221 1105 1264 terminetur
1127 1230 1294 1274 motus,
1317 1229 1498 1278 oportet
1519 1228 1622 1264 ante
1645 1219 1880 1278 quodlibet
1915 1220 2093 1271 factum
2125 1234 2250 1281 prae-

212 1329 221 1336 ,
281 1290 494 1335 exsistere
519 1288 703 1348 aliquod
725 1288 981 1346 subjectum
1002 1286 1187 1332 mobile.
1203 1287 1260 1331 Et
1277 1301 1384 1330 cum
1400 1286 1491 1331 hoc
1517 1300 1611 1331 non
1637 1288 1694 1331 sit
1714 1286 1930 1345 possibile
1951 1287 2001 1336 in
2020 1287 2248 1338 infinitum

281 1357 544 1416 procedere,
578 1365 760 1415 oportet
781 1355 995 1400 devenire
1023 1353 1289 1413 adaliquod
1315 1353 1515 1414 primurn
1542 1354 1812 1412 subjectum,
1837 1368 1932 1406 non
1959 1354 2015 1404 de
2039 1369 2163 1407 novo
2184 1356 2250 1406 in-

281 1425 468 1484 cipiens,
493 1424 573 1468 sed
605 1437 787 1481 semper
814 1423 1046 1467 exsistens.

370 1492 562 1536 Adhuc:
590 1505 729 1535 omne
756 1490 878 1549 quod
906 1490 961 1534 de
986 1503 1110 1534 novo
1144 1503 1242 1534 esse
1269 1489 1439 1548 incipit,
1467 1498 1711 1548 antequam
1739 1499 1871 1544 esset,
1896 1489 2113 1550 possibile
2153 1501 2250 1542 etat

280 1561 432 1619 ipsum
465 1573 588 1603 esse:
621 1559 659 1602 si
686 1558 809 1602 enim
841 1572 936 1602 non
967 1556 1252 1616 impossibile
1279 1566 1375 1600 erat
1399 1557 1551 1615 ipsum
1578 1570 1692 1610 esse,
1719 1567 1765 1602 et
1793 1570 1981 1605 necesse
2005 1571 2103 1610 non
2134 1573 2248 1614 esse,

281 1628 346 1671 sic
373 1640 552 1686 semper
576 1625 734 1670 fuisset
757 1639 852 1669 non
880 1638 975 1678 ens,
1003 1634 1046 1668 et
1071 1637 1307 1683 nunquam
1335 1638 1433 1668 esse
1473 1623 1730 1682 incepisset.
1774 1623 1874 1668 Sed.
1897 1624 2022 1683 quod
2053 1634 2250 1690 estpos-

281 1693 410 1738 sibile
433 1707 546 1747 esse,
570 1702 635 1737 est
657 1692 912 1750 subJectum
933 1690 1137 1750 potentia
1158 1705 1262 1745 ens;
1287 1700 1469 1749 oportet
1489 1690 1627 1748 igitur
1652 1700 1756 1734 ante
1783 1691 2020 1750 quodlibet
2044 1691 2101 1739 de
2122 1700 2248 1743 novo

280 1762 503 1821 incipiens
529 1760 851 1820 praeexsistere
878 1760 1133 1817 subJectum
1160 1760 1363 1817 potentia
1389 1773 1496 1812 ens;
1524 1768 1569 1803 et
1589 1773 1695 1802 cum
1717 1759 1876 1804 hocin
1898 1758 2126 1806 infinitum
2141 1775 2249 1820 pro-

282 1830 443 1874 cedere
469 1843 564 1873 non
588 1828 745 1888 possit,
773 1837 954 1885 oportet
980 1840 1148 1885 ponere
1182 1825 1366 1885 aliquod
1398 1826 1597 1885 primum
1624 1825 1882 1883 subjectum
1915 1826 2040 1886 quod
2065 1841 2161 1877 non
2186 1828 2251 1872 in-

283 1897 456 1956 ceperit
482 1909 580 1940 esse
608 1896 664 1939 de
696 1908 834 1938 novo.
2151 1920 2154 1922 v

371 1965 510 2008 Item:
537 1962 663 2006 nulla
689 1962 940 2006 substantia
979 1973 1252 2018 permanens
1290 1969 1358 2004 est
1398 1959 1508 2003 dum
1539 1959 1611 2014 fit;
1639 1959 1695 2003 ad
1726 1959 1817 2004 hoc
1855 1959 1985 2004 enim
2010 1959 2061 2005 fit
2085 1969 2138 2006 ut
2164 1961 2244 2007 sit:

280 2046 375 2075 non
401 2032 538 2090 igitur
564 2030 705 2084 fieret,
733 2030 770 2074 si
794 2032 889 2088 jam
916 2039 1057 2083 esset3
1085 2028 1165 2072 sed
1191 2028 1301 2071 dum
1342 2027 1404 2081 fit,
1448 2037 1630 2087 oportet
1670 2027 1855 2087 aliquod
1885 2041 1986 2074 esse
2027 2028 2151 2088 quod
2191 2029 2248 2075 sit

279 2099 490 2143 factionis
516 2098 795 2156 subJectum:
822 2111 917 2140 non
945 2096 1067 2140 enim
1099 2094 1254 2148 factio,
1282 2109 1388 2138 cum
1419 2095 1477 2139 sit
1517 2095 1742 2149 accidens,
1770 2095 1868 2140 sine
1908 2095 2114 2154 subjecto
2147 2110 2246 2145 esse

279 2175 443 2224 potest.
474 2166 629 2210 Omne
655 2165 791 2223 igitur
818 2163 941 2223 quod
966 2163 1016 2207 fit
1041 2163 1181 2207 habet
1206 2161 1391 2220 aliquod
1407 2162 1671 2219 subjectum
1695 2163 2047 2221 praeexsistens3
2073 2173 2247 2209 etcum
2326 2204 2332 2214 -.

279 2233 371 2276 hoc
397 2233 443 2276 in
469 2232 698 2276 infinitum
719 2232 784 2275 ire
806 2245 900 2274 non
923 2231 1080 2289 possit,
1103 2231 1304 2289 sequitur
1325 2229 1523 2287 primum
1547 2229 1802 2288 subjectum
1822 2244 1923 2277 non
1941 2243 2040 2275 esse
2059 2229 2259 2288 factum,¹
2330 2261 2332 2284 3

280 2301 361 2345 sed
387 2300 730 2359 sempiternum.
757 2299 828 2343 Ex
854 2312 946 2357 quo
979 2297 1166 2341 ulterius
1193 2297 1408 2355 sequitur,
1446 2295 1615 2355 aliquid
1647 2305 1825 2355 praeter
1860 2297 2015 2342 Deum
2047 2311 2147 2344 esse
2179 2311 2251 2346 ae·
2326 2310 2332 2317 ⁴

279 2378 476 2420 ternum,
505 2382 609 2411 cum
636 2366 732 2424 ipse
759 2366 1012 2423 subjectum
1039 2364 1249 2408 factionis
1280 2373 1357 2407 aut
1382 2373 1535 2407 motus
1569 2377 1667 2407 esse
1693 2377 1788 2407 non
1814 2365 1970 2422 possit.

370 2435 469 2478 Hae
492 2434 628 2492 igitur
654 2433 852 2477 rationes
879 2442 998 2486 sunt,
1026 2432 1186 2490 quibus
1214 2430 1354 2488 aliqui
1378 2440 1598 2488 tanquam
1614 2430 2080 2481 demonstrationibus
2094 2432 2250 2481 iniha'e·

281 2512 430 2546 rentes
458 2501 625 2555 dicunt,
652 2500 961 2544 necessarium
991 2512 1088 2542 esse
1115 2512 1186 2542 res
1221 2507 1393 2541 creatas
1435 2511 1615 2556 semper
1654 2497 1807 2551 fuisse,
1839 2498 1887 2542 in
1918 2511 2011 2557 quo
2043 2498 2151 2549 fidei
2175 2513 2250 2550 Qa—

281 2569 480 2612 tholicae
509 2568 839 2621 contradicunt,
867 2580 982 2625 quae
1015 2565 1158 2624 ponit,
1195 2563 1311 2608 nihil
1351 2574 1527 2623 praeter
1569 2566 1721 2609 Deum
1763 2579 1944 2625 semper
1974 2565 2127 2621 fuisse,
2168 2567 2248 2612 sed

283 2636 439 2680 omnia
472 2649 570 2680 esse
598 2635 800 2694 coepisse
828 2643 1005 2693 praeter
1030 2647 1173 2676 unum
1199 2632 1353 2676 Deum
1381 2641 1629 2677 aeternum.

995 2779 1250 2836 CAPUT
1293 2779 1528 2834 XXXV.

561 2917 876 2955 SOLUTIO¹
906 2916 1250 2955 RATIONUM
1305 2915 1503 2953 SUPRA
1557 2914 1960 2966 POSITARUM,

668 2992 739 3030 ET
765 2991 934 3030 PRIMO
965 2991 1113 3036 QUAE
1143 2989 1442 3028 SUMUNTUR
1467 2989 1537 3027 EX
1562 2988 1738 3027 PARTE
1759 2988 1872 3027 DEI.

314 3103 316 3105 ’
374 3097 572 3156 Oportet
602 3095 740 3154 igitur
765 3094 1006 3139 ostendere
1046 3093 1318 3152 praemissas
1345 3093 1544 3136 rationes
1571 3105 1664 3135 non
1692 3105 1746 3135 ex
1767 3090 2039 3137 necessitate
2066 3091 2250 3137 conclu·

286 3165 407 3218 dere,
434 3173 478 3207 et
509 3163 658 3222 primo
691 3161 792 3206 illas
818 3175 934 3220 quae
962 3177 1014 3205 ex
1042 3170 1168 3218 parte
1195 3160 1368 3217 agentis
1385 3168 1638 3203 sumuntur.
1658 3158 1764 3202 Non
1783 3157 1906 3202 enim
1922 3153 2106 3217 oportet
2124 3158 2248 3237 quod
2322 3171 2332 3207 ί

287 3247 365 3291 per
393 3246 454 3285 se,
480 3230 553 3275 vel
581 3245 660 3306 per
683 3229 892 3274 accidens
918 3228 1044 3272 Deus
1071 3235 1323 3279 moveatur,
1357 3226 1394 3270 si
1422 3224 1608 3269 effectus
1635 3226 1732 3283 ejus
1763 3225 1818 3269 de
1843 3238 1969 3271 novo
2005 3238 2104 3271 esse
2135 3226 2250 3271 inci·
2327 3227 2332 3230 ’

283 3300 424 3358 piunt,
459 3308 507 3342 ut
539 3298 685 3356 prima
717 3296 831 3341 ratio
858 3294 1156 3355 procedebat;
1182 3293 1360 3337 novitas
1388 3292 1510 3337 enim
1539 3291 1725 3337 effectus
1748 3291 1952 3339 indicare
1976 3301 2127 3352 potest
2142 3307 2249 3349 >mu-

283 3366 505 3410 tationem
533 3365 722 3424 agentis,
749 3364 795 3408 in
822 3372 1042 3422 quantum
1069 3361 1353 3405 demonstrat
1378 3360 1629 3404 novitatem
1657 3358 1877 3405 actiOnis:
1901 3373 1997 3405 non
2022 3359 2146 3417 enirn
2169 3374 2249 3420 Ρο-

283 3443 370 3477 test
397 3447 494 3477 esse
528 3431 650 3491 quod
676 3432 723 3475 in
749 3440 914 3489 agente
947 3429 1004 3475 sit
1028 3443 1149 3473 nova
1176 3427 1312 3481 actio,
1344 3427 1431 3472 nisi
1458 3426 1611 3486 aliquo
1639 3426 1782 3472 modo
1806 3435 2062 3482 moveatur,
2083 3425 2247 3474 saltem

286 3500 340 3544 de
375 3500 469 3543 otio
496 3500 543 3543 in
571 3510 738 3542 actum.
764 3498 956 3542 Novitas
985 3505 1138 3541 autem
1161 3495 1300 3539 divini
1326 3493 1513 3539 effectus
1545 3508 1640 3539 non
1677 3494 1961 3549 demonstrat
1993 3493 2247 3553 novitatem

286 3566 477 3611 actionis
504 3565 550 3610 in
575 3566 695 3619 Deo,
722 3579 828 3609 cum
856 3563 975 3609 actio
1003 3577 1083 3608 sua
1109 3562 1166 3608 sit
1192 3575 1272 3607 sua
1287 3560 1497 3616 essentia,
1516 3571 1564 3605 ut
1585 3574 1720 3620 supra
1737 3570 1976 3607 ostensum
1990 3570 2059 3607 est
2073 3559 2196 3620 (Lib.
2211 3558 2247 3605 1.
