2332 3854
275 223 380 278 322
942 223 1096 261 LIBER
1136 223 1214 261 111.
1256 222 1375 265 CAP,
1418 223 1566 267 xxm,

362 324 594 383 Amplius:
622 325 832 370 voluntas
858 325 1034 368 videtur
1057 338 1156 368 esse
1183 323 1316 373 altior
1342 323 1543 382 potentia
1565 338 1703 383 quam
1723 323 2004 380 intellectus;
2027 338 2234 381 aamvp.

272 391 421 436 luntas
454 402 609 437 movet
642 392 924 436 intellectum
958 391 1013 434 ad
1045 390 1214 445 finem3
1246 390 1504 435 intellectus
1539 391 1662 435 enim
1695 401 1799 435 actu
1833 391 2234 453 considerat-quae

272 459 430 503 habitu
456 469 592 510 tenet,
620 473 760 517 quum
788 457 947 516 aliquis
979 457 1188 501 voluerit.
1215 458 1354 502 Actio
1386 458 1524 517 igitur
1554 457 1801 502 voluntatis
1832 458 2008 502 videtur
2038 458 2235 507 nobilior

274 540 412 602 quam
439 526 558 569 actio
581 525 848 568 intellectus.
876 524 1024 581 Magis
1050 524 1198 600 igitur.
1211 524 1387 568 videtur
1412 525 1598 569 ultimus
1623 525 1739 578 finis,
1761 538 1877 584 quae
1903 535 1971 571 est
1989 525 2236 582 beatitudo,

273 593 519 636 consistere
550 592 596 634 in
619 601 721 634 actu
748 590 996 634 voluntatis
1023 605 1162 648 quam
1188 590 1234 634 in
1261 602 1365 635 actu
1386 591 1658 635 intellectus.

362 659 463 702 Hoc
498 668 650 701 autem
678 671 776 701 esse
803 656 1085 715 impossibile
1113 656 1353 702 manifeste
1380 659 2174 702 ostenditur..

365 725 523 776 Quum
542 725 664 767 enim
687 723 919 768 beatitudo
947 726 1003 768 sit
1028 724 1263 782 proprium
1286 724 1460 783 bonum
1486 724 1806 770 intellectualis
1831 734 2034 779 naturae,
2056 705 2237 786 oportet

273 793 395 851 quod
432 791 683 835 secundum
710 790 755 833 id
781 789 1079 835 intellectuali
1116 801 1305 835 naturae
1340 791 1583 835 conveniat
1614 779 1736 850 quod
1770 801 1839 836 est
1869 791 1954 837 sibi
1986 792 2237 851 propr-ium.

272 859 512 918 Appetitus
537 868 690 901 autem
711 872 805 901 non
833 867 899 901 est
924 858 1157 917 proprium
1182 857 1503 902 intellectualis
1528 868 1730 911 naturae,
1756 857 1837 903 sed
1863 858 2076 903 omnibus
2102 859 2236 904 rebus

272 928 402 978 inest,
428 925 533 968 licet
560 925 615 968 sit
638 924 943 968 diversimode
968 924 1014 968 in
1042 925 1253 979 diversis;
1273 939 1388 983 quae
1406 934 1561 968 tamen
1579 917 1812 969 diversitas
1838 925 2044 984 procedit
2065 939 2118 970 ex
2142 925 2233 970 hoc

273 992 395 1051 quod
421 1006 492 1036 res
519 991 824 1035 diversimode
852 1005 899 1043 se
926 991 1094 1035 habent
1121 991 1176 1035 ad
1204 992 1542 1050 cognitionem:
1571 1006 1686 1050 quae
1715 992 1839 1037 enim
1864 992 2055 1042 omnino
2082 994 2236 1051 cogni-

272 1060 395 1103 tione
423 1068 578 1102 carent
603 1058 772 1102 habent
799 1058 1047 1116 appetitum
1075 1055 1330 1101 naturalem
1363 1068 1567 1111 tantum3
1599 1073 1715 1117 quae
1746 1073 1857 1103 vero
1889 1058 2060 1103 habent
2083 1058 2236 1118 cogni·

271 1126 447 1170 tionem
484 1125 760 1178 sensitivam,
794 1137 839 1168 et
871 1126 1120 1182 appetitum
1163 1123 1423 1168 sensibilem
1456 1125 1638 1178 habent,
1670 1126 1750 1169 sub
1786 1139 1876 1183 quo
1916 1123 2153 1174 irascibilis
2193 1135 2237 1172 et

273 1191 639 1250 concupiscibilis
668 1192 976 1244 continentur3
1005 1205 1121 1249 quae
1147 1205 1256 1234 vero
1283 1191 1452 1235 habent
1479 1184 1793 1249 cognitionem
1820 1190 2161 1248 intellectivam,
2192 1201 2237 1236 et

272 1260 522 1318 appetitum
551 1258 804 1316 cognitioni
830 1258 1229 1316 proportionatum
1262 1258 1444 1311 habent,
1477 1258 1651 1302 scilicet
1681 1257 1980 1303 voluntatem,
2012 1256 2236 1303 Voluntas

271 1326 422 1384 igitur,
447 1325 700 1369 secundum
719 1325 841 1383 quod
869 1334 935 1368 est
961 1323 1200 1383 appetitus,
1227 1338 1321 1367 non
1348 1334 1415 1368 est
1437 1324 1671 1382 proprium
1696 1323 2014 1369 intellectualis
2035 1334 2237 1379 naturae,

271 1393 351 1437 sed
369 1392 520 1436 solum
538 1391 791 1436 secundum
811 1391 932 1450 quod
952 1392 1005 1434 ab
1024 1391 1258 1435 intellectu
1277 1391 1524 1449 dependet;
1542 1390 1969 1436 intellectusJautem
1987 1390 2237 1443 secundum

271 1475 318 1503 se
347 1459 553 1518 proprius
581 1469 648 1502 est
672 1457 970 1502 intellectuali
997 1467 1198 1502 naturae.
1228 1457 1468 1501 Beatitudo
1495 1458 1632 1516 igitur
1653 1458 1728 1501 vel
1753 1457 1946 1502 felicitas
1970 1457 2019 1504 in
2052 1467 2155 1502 actu
2175 1457 2239 1504 in·

271 1526 479 1570 tellectus
498 1526 703 1570 consistit
720 1525 1071 1568 substantialiter
1089 1535 1133 1569 et
1149 1523 1455 1583 principaliter
1474 1525 1621 1582 magis
1639 1538 1777 1583 quam
1795 1526 1839 1568 in
1857 1534 1960 1568 actu
1977 1523 2237 1569 voluntatis.

363 1594 552 1638 Adhuc.
570 1593 616 1636 in
635 1592 846 1636 omnibus
873 1592 1087 1651 potentiis
1120 1606 1235 1650 quae
1264 1601 1507 1635 moventur
1533 1605 1560 1634 a
1585 1591 1676 1635 suis
1700 1590 1905 1648 objectis,
1931 1590 2112 1649 objecta
2132 1600 2241 1635 sunt

273 1660 537 1723 naturaliter
563 1660 714 1718 priora
742 1659 914 1703 actibus
941 1658 1123 1702 illarum
1151 1658 1472 1716 potentiarum,
1499 1658 1616 1701 sicut
1647 1667 1801 1701 motor
1826 1656 2089 1702 naturaliter
2114 1656 2237 1717 prior

273 1719 342 1771 est
367 1742 506 1786 quam
534 1726 711 1770 moveri
736 1725 875 1783 ipsius
903 1725 1099 1769 mobilis.
1135 1723 1263 1768 Talis
1298 1734 1451 1768 autem
1484 1725 1685 1781 potentia
1711 1734 1779 1768 est
1803 1722 2039 1779 voluntas;
2066 1723 2236 1783 appeti-

256 1793 363 1837 bile
391 1794 513 1837 enim
537 1803 693 1836 movet
720 1793 982 1851 appetitum.
1013 1791 1261 1867 Objectum
1287 1791 1424 1850 igitur
1450 1790 1695 1835 voluntatis
1722 1801 1790 1835 est
1820 1791 1942 1850 prius
1974 1786 2238 1837 naturaliter

275 1876 413 1919 quam
433 1871 558 1904 actus
576 1861 685 1918 ejus.
713 1859 947 1903 Primum
937 1859 1073 1917 igitur
1092 1860 1187 1916 ejus
1205 1859 1434 1915 objectum
1454 1858 1683 1916 praecedit
1709 1871 1897 1901 omnem
1914 1867 2068 1902 actum
2085 1857 2237 1916 ipsius.

272 1928 380 1972 Non
399 1938 547 1985 potest
574 1941 684 1984 ergo
702 1936 828 1969 actus
845 1926 1092 1968 voluntatis
1109 1925 1308 1983 primum
1329 1924 1524 1967 volitum
1544 1938 1659 1970 esse.
1675 1924 1775 1968 Hoc
1796 1934 1949 1968 autem
1972 1934 2038 1968 est
2053 1923 2239 1968 ultimus

271 1994 387 2047 finis,
415 2008 530 2053 quae
561 2004 628 2037 est
657 1994 901 2037 beatitudo.
935 1991 1222 2050 Impossibile
1246 2002 1313 2036 est
1343 1992 1479 2050 igitur
1511 1992 1634 2051 quod
1660 1992 1892 2036 beatitudo
1919 1991 2014 2036 sive
2045 1991 2239 2037 felicitas

272 2062 329 2106 sit
354 2061 448 2120 ipse
477 2071 603 2104 actus
629 2060 891 2104 voluntatis.

361 2130 625 2172 Praeterea:
654 2127 699 2170 in
727 2127 939 2170 omnibus
956 2127 1168 2184 potentiis
1187 2140 1302 2185 quae
1319 2136 1510 2185 possunt
1532 2126 1736 2170 converti
1758 2126 1804 2170 in
1821 2134 1929 2171 suos
1955 2115 2097 2180 actus,
2116 2126 2240 2186 prius

279 2206 460 2254 oportet
483 2194 603 2253 quod
625 2205 751 2238 actus
765 2194 886 2238 illius
904 2194 1135 2248 potentiae
1161 2193 1356 2238 feratur
1345 2209 1392 2237 m
1411 2195 1643 2253 objectum
1661 2194 1846 2253 aliquod
1873 2204 1917 2238 et
1941 2193 2239 2253 postmodum

278 2262 449 2307 feratur
482 2262 528 2305 in
571 2276 704 2305 suum
740 2272 906 2305 actum.
946 2261 995 2304 Si
1031 2261 1153 2304 enim
1191 2260 1446 2304 intellectus
1482 2260 1694 2319 intelligit
1732 2275 1780 2305 se
1815 2260 2084 2320 intelligere,
2119 2261 2240 2320 prius

277 2339 460 2388 oportet
483 2342 652 2387 ponere
681 2329 800 2386 quod
828 2326 1052 2386 intelligat
1077 2342 1174 2371 rem
1202 2327 1416 2386 aliquam,
1445 2338 1490 2371 et
1515 2338 1853 2386 consequenter
1873 2327 1995 2387 quod
2018 2325 2242 2386 intelligat

277 2411 325 2440 se
343 2395 620 2454 intelligere;
647 2409 753 2438 nam
777 2395 924 2453 ipsum
948 2393 1202 2451 intelligere
1220 2394 1342 2452 quod
1365 2393 1620 2438 intellectus
1637 2394 1849 2453 intelligit
1863 2394 2053 2453 alicujus
2075 2393 2241 2453 obiecti

280 2472 370 2515 est;
398 2463 516 2506 unde
544 2471 724 2521 oportet
750 2462 872 2520 quod
898 2460 972 2505 vel
998 2461 1270 2518 procedatur
1301 2461 1348 2504 in
1380 2460 1622 2514 infinitum,
1655 2461 1743 2514 vel,
1781 2462 1819 2505 si
1844 2471 1913 2506 est
1939 2461 2151 2522 devenire
2184 2459 2240 2505 ad

275 2531 474 2588 primum
499 2528 797 2581 intellectum,
824 2529 914 2571 hoc
937 2542 1031 2572 non
1059 2528 1142 2571 erit
1168 2529 1315 2586 ipsum
1346 2527 1617 2586 intelligere,
1644 2528 1722 2571 sed
1755 2527 1907 2587 aliqua
1936 2536 2007 2572 res
2032 2526 2240 2587 intelligi·

275 2597 388 2641 bilis.
415 2595 634 2640 Similiter
660 2605 841 2654 oportet
859 2595 980 2654 quod
1001 2595 1199 2652 primum
1221 2593 1415 2638 volitum
1442 2594 1610 2638 non-sit
1630 2596 1779 2653 ipsum
1805 2593 1938 2649 velle,
1954 2594 2034 2639 sed
2051 2593 2236 2654 aliquod

275 2664 397 2708 aliud
422 2664 610 2707 bonum.
629 2662 836 2705 Primum
864 2672 1017 2705 autem
1039 2661 1233 2705 volitum
1254 2661 1572 2705 intellectualis
1594 2672 1781 2705 naturae
1800 2671 1868 2706 est
1885 2661 1987 2721 :ipsa
2007 2661 2238 2706 beatitudo

274 2733 367 2775 sive
394 2729 610 2784 felicitas;
637 2743 745 2773 nam
774 2739 957 2788 propter
983 2729 1074 2772 hoc
1107 2727 1321 2772 volumus
1348 2742 1663 2787 quaecumque
1696 2727 1922 2773 volumus.
1949 2726 2238 2788 Impossibile

274 2806 341 2842 est
365 2797 503 2856 igitur
527 2796 795 2840 felicitatem
824 2795 1123 2840 essentialiter
1147 2795 1194 2839 in
1217 2805 1321 2839 actu
1347 2794 1594 2839 voluntatis
1623 2795 1885 2840 consistere.

364 2864 598 2923 Amplius:
627 2863 1001 2922 unumquodque,
1029 2862 1281 2906 secundum
1299 2876 1353 2906 ea
1375 2876 1491 2921 quae
1512 2863 1792 2907 constituunt
1811 2862 2112 2908 substantiam
2128 2863 2239 2921 ejus,

275 2932 412 2977 habet
437 2941 625 2975 naturae
651 2944 760 2975 suae
791 2930 1055 2983 veritatem3
1085 2928 1233 2973 differt
1258 2930 1382 2973 enim
1409 2943 1541 2973 verus
1573 2929 1717 2974 homo
1741 2943 1768 2973 a
1792 2929 1916 2988 picto
1938 2943 2026 2988 per*
2042 2943 2098 2974 ea
2118 2942 2239 2988 ‘quae

276 2999 576 3052 substantiam
608 2997 811 3042 hominis
845 2997 1138 3041 constituunt.
1171 2995 1292 3040 Vera
1325 3006 1479 3040 autem
1512 2996 1745 3040 beatitudo
1770 3010 1866 3041 non
1890 2994 2039 3040 differt
2070 2994 2240 3040 afalsa

276 3066 529 3111 secundum
557 3075 710 3109 actum
737 3063 1006 3117 voluntatis;
1033 3077 1142 3106 nam
1169 3062 1335 3107 eodem
1362 3063 1503 3106 modo
1527 3077 1575 3107 se
1601 3063 1740 3107 habet
1759 3061 1972 3117 voluntas
2002 3061 2049 3107 in
2072 3061 2241 3111 deside-

276 3133 419 3177 rando
446 3133 519 3176 vel
547 3131 744 3176 amando
773 3130 845 3174 vel
870 3130 1156 3182 delectando,
1184 3129 1401 3188 quidquid
1424 3129 1480 3173 sit
1505 3129 1616 3173 illud
1645 3129 1767 3188 quod
1793 3129 1879 3174 sibi
1902 3128 2172 3188 proponitur
2193 3138 2242 3174 ut

279 3214 510 3244 summum
527 3200 716 3252 bonum,
734 3198 828 3246 sive
846 3211 967 3251 vere,
986 3197 1079 3240 sive
1102 3195 1242 3250 falso;
1266 3206 1416 3240 utrum
1435 3207 1587 3240 autem
1609 3210 1715 3241 vere
1730 3196 1790 3240 sit
1813 3209 2048 3241 summum
2065 3195 2241 3240 bonum

276 3267 398 3326 quod
427 3278 473 3310 ut
499 3265 588 3310 tale
617 3265 885 3340 proponitur
911 3263 984 3307 vel
1009 3262 1142 3316 falso,
1168 3262 1258 3305 hoc
1292 3261 1440 3306 differt
1466 3277 1519 3306 ex
1546 3273 1670 3338 parte
1701 3261 1976 3308 intellectus.
2002 3261 2241 3309 Beatitudo

275 3335 412 3393 igitur
438 3334 532 3377 sive
558 3332 748 3377 felicitas
775 3332 820 3375 in
848 3330 1081 3374 intellectu
1115 3328 1426 3382 essentialiter,
1445 3330 1590 3387 magis
1611 3342 1749 3389 quam
1774 3328 1821 3373 in
1848 3339 1952 3373 actu
1976 3327 2239 3383 voluntati&

283 3401 502 3445 COHSlStlt.

370 3469 510 3511 Item:
546 3467 583 3511 si
616 3466 777 3525 aliquis
806 3475 931 3509 actus
967 3463 1213 3508 voluntatis
1251 3473 1369 3508 esset
1399 3462 1498 3521 ipsa
1530 3430 1739 3517 felicitas,
1764 3462 1840 3508 hic
1867 3436 1995 3509 actus
2014 3472 2153 3509 esset·
2165 3473 2243 3510 aut

281 3534 548 3588 desiderare,
583 3543 658 3577 aut
685 3546 855 3586 amare,
874 3541 951 3576 aut
967 3530 1193 3575 delectari
1226 3529 1513 3590 Impossibile
1546 3540 1613 3577 est
1645 3540 1800 3575 autem
1827 3529 1961 3590 quod
1985 3528 2242 3577 desiderare

281 3602 338 3649 sit
365 3601 547 3647 ultimus
576 3600 699 3658 finis;
728 3610 794 3648 est
827 3598 950 3646 enim
984 3597 1258 3647 desiderium
1285 3597 1537 3645 secundum
1571 3597 1694 3659 quod
1719 3595 2133 3644 voluntas-tendit
2121 3610 2170 3644 m
2194 3596 2240 3645 id
