2332 3854
792 266 947 306 mmm
987 265 1043 304 11.
1085 264 1205 305 CAP.
1246 264 1395 303 xxlx.
1972 264 2071 320 149

69 407 74 416 .
104 394 107 395 ⁷
204 362 437 414 Invenitur
462 378 617 413 autem
643 377 687 413 et
713 366 827 413 alius
852 368 1138 414 necessitatis
1164 366 1329 413 modus
1360 366 1407 411 in
1438 379 1604 414 rerum
1621 374 1796 420 natura,
1823 367 2075 411 secundum

46 432 244 499 ,[,φιοά
269 435 439 495 aliquid
467 435 628 480 dicitur
658 435 970 480 necessarium
1007 434 1235 480 absolute:
1268 447 1385 511 quae
1417 433 1601 493 quidem
1633 433 1880 478 necessitas
1913 433 2076 509 depen-

99 502 198 549 -det
217 516 272 547 ex
299 501 446 547 causis
471 501 695 562 prioribus
719 501 767 545 in
793 516 892 546 esse
919 502 1036 547 sicut
1061 516 1116 547 ex
1141 501 1371 562 principiis
1397 499 1710 546 essentialibus
1736 509 1780 544 et
1812 500 1960 544 causis
1987 498 2076 544 effi-

41 582 73 599 ²
96 569 352 623 *cientibus
378 569 472 614 sive
498 568 798 613 moventibus.
829 568 919 613 Sed
945 568 1028 612 iste
1051 569 1215 613 modus
1240 567 1521 613 necessitatis
1546 566 1593 611 in
1619 566 1765 626 prima
1785 580 1938 611 rerum
1957 580 2077 611 crea·

114 636 240 686 tione
265 635 421 680 locum
446 635 614 680 habere
640 649 734 680 non
759 644 909 695 potest
930 645 1149 694 quantum
1169 635 1223 679 ad
1243 649 1402 679 causas
1428 633 1697 680 efficientes:
1723 633 1787 677 ibi
1810 634 1932 677 enim
1950 632 2075 677 solus

115 702 242 749 Deus
268 716 407 748 causa
439 697 638 747 efficiens
663 701 760 756 fuit,
788 702 914 760 cujus
941 711 1009 746 est
1034 701 1175 746 solius
1202 715 1371 755 creare,
1399 711 1448 746 ut
1473 715 1607 759 supra
1635 701 1695 758 (α.
1719 701 1812 758 21.)
1839 710 2074 745 ostensum

50 770 197 822 ζῇςεεῑ.
222 769 324 829 Ipse
357 778 509 814 autem
535 783 630 812 non
651 768 921 813 necessitate
946 778 1150 822 naturae,
1176 768 1253 812 sed
1281 768 1517 813 voluntate
1543 777 1758 827 operatur
1783 767 1998 821 creando,
2024 776 2073 811 ut

41 837 69 897 ξ]
114 849 252 896 supra
273 836 334 894 (c.
361 836 454 894 23.)
481 845 716 880 ostensum
743 844 823 879 est.
851 834 916 878 Ea
947 849 1056 879 vero
1084 849 1200 894 quae
1226 834 1460 879 voluntate
1494 834 1620 888 fiunt,
1646 834 1965 879 necessitatem
1998 834 2076 877 ha-

51 901 62 948 i
99 902 221 949 <bere
243 917 340 948 non
365 912 570 961 possunt,
591 902 680 947 nisi
705 917 759 947 ex
785 901 886 947 sola
912 901 1015 946 finis
1047 902 1376 961 suppositione,
1409 902 1662 947 secundum
1695 915 1834 961 quam
1867 900 2072 945 debitum

47 971 68 997 ⁵¹
94 979 185 1016 -est
206 968 286 1014 fini
309 978 359 1014 ut
398 983 452 1014 ea
491 969 582 1014 sint
615 983 696 1028 per
728 983 844 1028 quae
875 968 1134 1028 pervenitur
1166 968 1222 1012 ad
1254 967 1407 1012 finem.
1442 968 1532 1012 Sed
1565 978 1786 1027 quantum
1819 967 1874 1012 ad
1914 981 2074 1012 causas

41 1038 63 1094 ,ᾗ
111 1035 345 1091 formales,
370 1035 445 1082 vel
470 1035 743 1090 materiales,
764 1035 880 1080 nihil
905 1035 1115 1095 prohibet
1140 1035 1277 1079 etiam
1304 1035 1351 1079 in
1378 1035 1524 1094 prima
1556 1048 1709 1079 rerum
1741 1034 1974 1080 creatione
2002 1047 2076 1079 ne-

76 1103 373 1150 cessitatem
399 1102 656 1148 absolutam
677 1102 884 1147 inveniri.
912 1102 978 1146 Ex
999 1102 1090 1146 hoc
1116 1102 1240 1147 enim
1266 1102 1389 1161 quod
1416 1102 1566 1162 aliqua
1589 1116 1783 1160 corpora
1802 1116 1857 1147 ex
1879 1101 2078 1147 elemen-

44 1176 71 1215 ;ζ
101 1171 170 1216 63
193 1169 365 1227 fuerint
384 1169 656 1230 composita,
681 1169 991 1214 necessarium
1016 1168 1098 1214 fuit
1125 1183 1175 1214 ea
1205 1168 1355 1213 calida
1388 1179 1465 1214 aut
1489 1169 1652 1228 frigida
1679 1183 1799 1224 esse;
1832 1180 1877 1214 et
1903 1184 1957 1214 ex
1982 1169 2074 1215 hoc

104 1236 236 1299 §uod
262 1237 413 1297 aliqua
444 1237 705 1297 superficies
736 1236 958 1295 producta
999 1246 1067 1281 est
1098 1236 1388 1295 triangularis
1427 1236 1616 1295 figurae,
1642 1237 1951 1281 necessarium
1991 1235 2076 1281 fuit

44 1304 63 1367 J.
90 1303 236 1367 :quod
258 1313 350 1349 tres
375 1303 568 1364 angulos
597 1303 808 1363 aequales
836 1303 1012 1348 duobus
1038 1303 1173 1348 rectis
1195 1303 1395 1348 haberet.
1419 1303 1544 1348 Haec
1569 1314 1722 1348 autern
1744 1303 1991 1348 necessitas
2007 1311 2076 1348 est

87 1370 365 1417 *secundum
392 1371 598 1416 ordinem
626 1370 812 1416 effectus
840 1371 896 1415 ad
930 1385 1116 1415 causam
1143 1380 1344 1415 creatam
1371 1370 1672 1425 materialem,
1698 1370 1773 1415 vel
1803 1370 2073 1415 formalem:

55 1437 230 1483 ἐέθηάε
256 1437 508 1484 secundum
533 1438 653 1483 hanc
679 1438 806 1484 Deus
828 1438 1006 1483 debitor
1031 1438 1122 1483 dici
1146 1452 1241 1482 non
1267 1448 1431 1497 potest,
1460 1437 1538 1482 sed
1566 1439 1712 1497 magis
1737 1437 1785 1482 in
1819 1447 2073 1483 creaturam

62 1503 314 1568 {rdebitum
338 1505 621 1550 necessitatis
648 1505 782 1550 cadit,
807 1505 861 1550 In
887 1519 1041 1550 rerum
1075 1515 1228 1549 autem
1260 1506 1607 1563 propagatione,
1634 1505 1711 1549 ubi
1742 1506 1836 1562 jam
1869 1514 2074 1549 creatura

54 1534 310 1635 ,ζεῦαίαηε
333 1572 574 1626 invenitur,
600 1581 751 1631 potest
773 1586 873 1616 esse
899 1572 1146 1616 necessitas
1174 1571 1380 1616 absoluta
1409 1586 1434 1615 a
1467 1586 1605 1616 causa
1637 1571 1862 1616 efficiente
1895 1581 2073 1617 creata:

64 1638 227 1686 'sicut
250 1652 306 1684 ex
329 1650 460 1684 motu
486 1638 597 1685 solis
620 1638 836 1683 inferiora
862 1653 1058 1698 corpora
1083 1639 1345 1683 necessario
1371 1638 1685 1683 immutantur.

53 1665 114 1774 ³⁴32
192 1706 278 1751 Sic
302 1705 441 1766 igitur
466 1720 521 1752 ex
546 1706 788 1766 praedictis
816 1706 955 1750 debiti
981 1706 1232 1750 rationibus
1258 1705 1427 1764 justitia
1452 1705 1670 1750 naturalis
1702 1706 1748 1749 in
1779 1705 1950 1751 rebus
1938 1719 2074 1750 mve-

52 1772 243 1828 rmxtur,
275 1783 321 1819 et
345 1783 566 1833 quantum
593 1773 649 1818 ad
675 1787 828 1818 rerum
866 1773 1164 1827 creationem,
1198 1783 1242 1817 et
1274 1782 1496 1831 quantum
1519 1773 1574 1817 ad
1597 1788 1751 1817 rerum
1778 1774 2071 1832 propagatio·

61 1838 241 1890 {nem
277 1850 324 1885 et
346 1841 450 1886 ideo
476 1840 604 1886 Deus
637 1839 799 1885 dicitur
833 1841 950 1899 juste
982 1850 1028 1885 et
1058 1839 1389 1885 rationabiliter
1420 1839 1579 1885 omnia
1612 1840 1885 1895 condidisse,
1919 1850 1964 1885 et
1989 1854 2071 1900 gu-

68 1907 316 1953 mbemare.

73 1979 77 1983 ’
198 1973 275 2019 Sic
300 1973 438 2034 igitur
468 1987 549 2034 per
572 1974 806 2033 praedicta
837 1973 1089 2018 excluditur
1121 1973 1287 2033 duplex
1314 1988 1467 2018 error:
1501 1988 1662 2019 eorum
1695 1973 1872 2019 scilicet
1902 1974 1980 2034 qui
2011 1974 2072 2018 di-

75 2042 264 2089 vin-nam
285 2041 538 2101 potentiam
563 2041 809 2086 limitantes
836 2041 1063 2095 dicebant,
1088 2041 1242 2085 Deum
1264 2055 1357 2086 non
1379 2056 1513 2100 posse
1536 2041 1686 2086 facere
1702 2042 1790 2085 nisi
1810 2056 1926 2101 quae
1947 2041 2070 2096 facit,

10 2135 11 2138 =
65 2105 214 2169 quia
232 2107 302 2154 sic
334 2107 484 2164 facere
505 2108 652 2163 debet,
681 2118 726 2154 et
751 2122 912 2153 eorum
931 2109 1008 2167 qui
1025 2108 1195 2163 dicunt,
1213 2109 1335 2167 quod
1354 2109 1511 2153 omnia
1538 2119 1787 2168 sequuntur
1811 2108 2068 2167 simplicem

7 2152 12 2196 ζ
67 2190 78 2225 ί,
81 2175 392 2224 {voluntatem
419 2175 587 2235 absque
610 2174 760 2235 aliqua
778 2174 866 2220 alia
888 2177 1079 2229 ratione,
1096 2175 1168 2220 vel
1187 2176 1446 2235 quaerenda
1463 2179 1508 2221 in
1526 2177 1673 2231 rebus,
1691 2175 1765 2221 vel
1783 2176 2068 2235 assignanda.

70 2304 127 2391 Ϊϊῑ
844 2332 1098 2389 CAPUT
1140 2333 1322 2389 ΧΧΧ,

73 2392 181 2414 Λή,

187 2466 387 2508 ALITER
426 2469 483 2509 m
521 2468 689 2509 REBus
730 2469 959 2509 CREATIS
998 2469 1190 2508 Possrr
1229 2470 1357 2508 Essss
1395 2469 1725 2509 NEcEss1TAs
1755 2468 2065 2509 ABSOLUTA.

74 2549 84 2565 ’.,
96 2547 121 2564 ἡ·

7 2624 9 2634 ,1
90 2594 151 2626 ³
158 2576 326 2628 Licet
351 2587 505 2622 autem
530 2579 687 2623 omnia
714 2593 768 2624 ex
793 2579 884 2624 Dei
914 2578 1148 2624 voluntate
1182 2579 1469 2656 dependeant
1500 2581 1616 2624 sicut
1649 2594 1702 2624 ex
1735 2580 1881 2657 pri-ma
1915 2594 2066 2635 causa,

6 2666 7 2669 ¹
42 2634 52 2648 ’
103 2652 223 2692 nae
252 2645 302 2689 in
326 2644 560 2704 operando
592 2647 913 2691 necessitatem
947 2660 1042 2690 non
1077 2647 1229 2701 habet,
1261 2647 1349 2691 nisi
1385 2661 1438 2691 ex
1477 2647 1548 2690 sui
1588 2647 1811 2706 propositi
1850 2648 2066 2706 supposi-

80 2720 176 2770 ᾗ
238 2725 372 2768 ;non
403 2721 559 2757 tamen
585 2722 768 2772 propter
793 2713 884 2758 hoc
911 2712 1119 2758 absoluta
1144 2714 1390 2759 necessitas
1418 2729 1443 2757 a
1470 2714 1602 2758 rebus
1637 2714 1903 2768 excluditur,
1930 2724 1979 2758 ut
2009 2714 2067 2759 sit

168 2781 416 2827 ,cessarium
441 2793 527 2824 nos
548 2778 680 2824 fateri
705 2781 861 2825 omnia
889 2781 1201 2839 contingentia
1227 2795 1348 2825 esse:
1377 2781 1500 2840 quod
1527 2790 1659 2839 poset
1685 2781 1822 2824 alicui
1846 2781 1989 2826 videri
2012 2796 2065 2826 ex

74 2837 214 2901 hoc,
234 2846 357 2906 quod
384 2860 410 2890 a
437 2860 575 2891 causa
600 2861 682 2891 sua
706 2861 801 2891 non
819 2847 875 2891 de
900 2848 1170 2892 necessitate
1197 2847 1404 2892 absoluta
1430 2847 1661 2892 fluxerint:
1686 2862 1793 2891 cum
1819 2847 2028 2893 soleant
2018 2863 2064 2893 m

142 2926 240 2961 -·ι13
265 2925 363 2959 esse
389 2914 708 2989 contingentes
736 2913 939 2968 effectus,
967 2916 1042 2974 qui
1069 2929 1123 2958 ex
1149 2928 1286 2959 causa
1311 2929 1393 2959 sua
1418 2929 1512 2959 non
1536 2915 1591 2959 de
1618 2915 1887 2960 necessitate
1910 2929 2067 2974 proce·

180 2988 235 3029 t.·
264 2978 383 3025 Sunt
403 2980 527 3025 enim
553 2982 816 3058 quaedam
805 2996 851 3025 m
878 2981 1010 3026 rebus
1038 2981 1215 3036 creatis,
1242 2996 1358 3041 quae
1385 2981 1651 3041 simpliciter
1683 2991 1726 3026 et
1759 2982 1965 3028 absolute
1990 2997 2065 3028 ne-

88 3044 123 3100 t=
257 3056 326 3091 est
349 3061 462 3092 esse.
489 3046 594 3092 Illas
621 3049 745 3093 enim
771 3062 841 3092 res
874 3048 1140 3108 simpliciter
1166 3059 1210 3093 et
1237 3049 1443 3094 absolute
1476 3063 1664 3094 necesse
1692 3059 1760 3094 est
1782 3064 1880 3094 esse
1902 3050 1949 3093 in
1971 3050 2066 3128 qui·

99 3124 192 3186 3·oe
213 3126 309 3159 non
334 3123 402 3159 est
425 3114 699 3173 possibilitas
726 3115 782 3160 ad
809 3130 902 3160 non
930 3130 1050 3160 esse:
1084 3116 1310 3193 quaedam
1338 3127 1490 3161 autem
1517 3132 1587 3162 res
1620 3118 1684 3162 sic
1711 3130 1816 3161 sunt
1844 3132 1870 3162 a
1896 3118 2028 3163 Deo'
2016 3132 2064 3162 in

166 3179 494 3240 productae,
515 3191 565 3226 ut
588 3182 635 3226 in
662 3196 818 3227 earum
852 3193 1011 3228 natura
1043 3183 1101 3227 sit
1131 3184 1334 3242 potentia
1361 3184 1417 3228 ad
1444 3199 1538 3228 non
1565 3198 1688 3239 esse;
1721 3185 1843 3243 quod
1876 3186 2062 3243 quidem

147 3245 331 3306 mtingit
351 3260 407 3291 ex
423 3246 530 3302 hoc,
556 3248 679 3307 quod
705 3250 894 3294 materia
920 3251 967 3293 in
994 3249 1058 3295 eis
1085 3260 1152 3294 est
1173 3251 1219 3293 in
1241 3252 1442 3310 potentia
1465 3251 1521 3295 ad
1549 3251 1685 3295 aliam
1711 3251 1922 3296 formam.
1951 3251 2062 3296 Illae

88 3304 128 3374 ζ
109 3319 241 3363 tm·
270 3326 342 3359 res
373 3313 419 3358 in
452 3314 613 3373 quibus
643 3314 718 3360 vel
757 3330 852 3360 non
884 3327 952 3361 est
990 3317 1196 3371 materia,
1241 3318 1314 3361 vel
1347 3318 1386 3362 si
1417 3327 1497 3372 est,
1523 3332 1617 3362 non
1649 3328 1716 3363 est
1747 3318 1972 3377 possibilis
2005 3319 2062 3363 ad

102 3376 116 3390 “’
210 3378 484 3435 formam,
515 3396 610 3428 non
645 3382 816 3428 habent
845 3384 1099 3443 potentiam
1132 3385 1188 3428 ad
1214 3399 1308 3429 non
1342 3398 1460 3429 esse:
1503 3398 1579 3429 eas
1617 3385 1752 3443 igitur
1784 3385 1998 3431 absolute
2017 3396 2062 3431 et

126 3401 368 3505 f'upliciter
383 3461 570 3493 necesse
586 3458 653 3494 est
669 3463 782 3494 esse.

131 3510 250 3561 &si
273 3523 427 3560 autem
447 3513 623 3560 dicatur
648 3515 771 3575 quod
792 3530 847 3562 ea
868 3532 985 3577 quae
1007 3529 1110 3564 sunt
1132 3532 1187 3563 ex
1209 3517 1370 3572 nihilo,
1394 3528 1613 3578 quantum
1630 3530 1698 3565 est
1718 3519 1774 3565 de
1795 3533 1858 3577 se,
1880 3519 1927 3565 in
1948 3521 2062 3566 nihi-

172 3577 442 3636 tendunt3
467 3590 513 3627 et
537 3581 603 3626 sic
627 3581 676 3626 in
698 3583 911 3630 omnibus
937 3585 1153 3630 creaturis
1184 3585 1304 3630 inest
1333 3586 1537 3644 potentia
1563 3586 1620 3632 ad
1643 3601 1738 3632 non
1765 3601 1888 3634 esse:
1915 3588 2061 3634 mani-

255 3654 365 3692 ·est
386 3645 479 3693 hoc
504 3661 600 3694 non
625 3649 768 3709 sequi.
793 3649 1020 3715 Dicuntur
1041 3651 1164 3696 enim
1190 3665 1262 3697 res
1289 3662 1469 3698 creatae
1494 3666 1520 3698 a
1545 3653 1648 3699 Deo
1675 3667 1731 3699 eo
1758 3654 1938 3700 modo·
1927 3669 1973 3700 1n
1998 3655 2062 3699 ni·

38 3644 40 3646 -
97 3598 145 3649 εἷ
