2332 3854
736 213 890 253 tumn
930 213 1000 252 1v.
1043 212 1164 252 cap,
1204 211 1432 253 xxxvm.
1953 199 2054 268 623

97 316 178 363 sed
204 316 252 361 in
277 328 486 374 persona,
518 324 567 359 ut
591 312 767 359 scilicet
791 315 848 360 sit
879 328 968 358 una
993 327 1191 372 persona
1210 312 1352 358 Verbi
1376 312 1535 358 Dei'et
1555 312 1676 357 illius
1703 313 1918 358 hominis.
1953 314 2060 370 Sed,

96 381 203 444 quia
229 382 374 427 homo
398 380 476 426 ille
503 381 727 440 quaedam
759 380 991 425 individua
1023 381 1272 425 substantia
1304 390 1385 434 est,
1411 379 1534 439 quod
1561 389 1629 424 est
1651 393 1749 424 esse
1774 380 2061 439 hypostasim

96 458 143 495 et
165 449 468 508 suppositum,
500 447 657 492 dicunt
686 448 873 506 quidem
904 447 950 491 in
985 447 1171 493 Christo
1198 460 1299 492 esse
1325 446 1464 492 aliam
1498 446 1786 506 hypostasim
1819 446 1941 491 illius
1978 448 2057 492 ho-

98 514 234 561 minis
261 524 308 559 et
332 514 470 558 Verbi
491 514 593 568 Dei,
619 513 698 558 sed
724 528 865 557 unam
886 528 1131 572 personam
1157 514 1412 572 utriusque;
1437 515 1613 559 ratione
1640 515 1767 572 cujus
1790 514 1973 559 unitatis
1998 515 2061 559 di-

97 591 205 629 cunt
230 579 434 625 Verbum
465 580 554 624 Dei
585 580 640 624 de
671 580 859 624 homine
893 580 972 624 illo
1005 580 1268 638 praedicari,
1295 591 1338 624 et
1370 580 1610 625 hominem
1641 580 1773 625 illum
1810 580 1866 625 de
1897 580 2052 625 Verbo

98 647 203 700 Dei,
229 655 277 690 ut
301 647 359 691 sit
383 660 560 691 sensus:
588 645 791 691 Verbum
817 646 906 690 Dei
932 656 1000 690 est
1025 647 1184 700 homo,
1211 646 1255 691 id
1281 657 1349 691 est
1373 660 1570 705 persona
1594 647 1733 693 Verbi
1757 647 1846 691 Dei
1872 657 1939 692 est
1960 661 2057 706 per-

97 726 213 758 sona
238 712 452 767 hominis,
479 722 524 758 et
544 726 569 756 e
592 726 830 757 converso.
859 712 915 756 Et
945 713 1031 756 hac
1066 713 1240 757 ratione
1266 713 1483 772 quidquid
1512 714 1566 757 de
1593 712 1747 758 Verbo
1779 713 1869 758 Dei
1889 714 2061 773 praedi—

100 789 226 825 catur
248 779 404 824 dicunt
428 779 484 824 de
509 779 699 824 homine
721 778 801 823 illo
829 792 962 837 posse
990 779 1255 837 praedicari,
1273 788 1317 823 et
1338 793 1363 823 e
1381 793 1629 824 converso:
1649 794 1756 825 cum
1782 780 1980 839 quadam
2000 789 2064 824 ta-

101 859 208 891 men
232 845 541 907 replicatione,
559 855 621 899 ut,
637 859 778 904 quum
796 840 982 889 dicitur:
1009 846 1135 889 Deus
1153 856 1219 890 est
1237 860 1410 904 passus,
1436 846 1493 890 sit
1514 861 1695 891 sensus:
1721 847 1877 891 Homo
1900 847 1978 906 qui
1994 856 2064 892 est

101 913 242 967 Deus,
273 922 457 971 propter
483 912 703 956 unitatem
735 925 972 970 personae,
1014 922 1082 956 est
1113 926 1287 971 passus,
1321 922 1386 956 et:
1422 913 1578 957 Homo
1611 914 1783 958 creavit
1823 913 1992 968 stellas,
2015 914 2063 958 id

47 1017 52 1024 .
102 988 171 1028 est
194 977 272 1023 ille
299 979 377 1038 qui
402 989 471 1023 est
495 979 655 1023 homo.

192 1044 284 1091 Sed
308 1045 423 1089 haec
456 1045 623 1103 positio
651 1045 706 1089 de
737 1045 1006 1089 necessitate
1032 1045 1078 1088 in
1107 1059 1311 1089 errorem
1337 1045 1538 1090 Nestorii
1571 1045 1794 1091 dilabitur.

194 1111 245 1157 Si
271 1111 394 1156 enim
421 1110 672 1156 differentia
705 1124 927 1170 personae
955 1122 1000 1156 et
1025 1111 1284 1170 hypostasis
1312 1114 1582 1166 attendatur,
1612 1113 1841 1158 invenitur
1865 1127 2064 1172 persona

102 1192 202 1224 esse
233 1191 329 1223 non
350 1177 550 1223 alienum
578 1178 631 1221 ab
658 1178 906 1237 hypostasi,
933 1178 1011 1222 sed
1038 1178 1264 1236 quaedam
1290 1193 1393 1237 pars
1421 1181 1543 1237 ejus;
1566 1179 1681 1224 nihil
1703 1180 1826 1224 enim
1849 1180 1970 1224 aliud
1997 1189 2065 1224 est

100 1258 297 1303 persona
329 1258 469 1303 quam
494 1245 751 1303 hypostasis
777 1244 879 1289 talis
910 1254 1111 1299 naturae,
1138 1245 1314 1289 scilicet
1340 1245 1589 1299 rationalis,
1616 1247 1739 1305 quod
1765 1254 1888 1306 patet
1909 1260 1964 1291 ex
1985 1246 2066 1291 dif-

100 1310 306 1362 finitione
331 1311 480 1356 Boetii
501 1312 691 1356 dicentis
714 1311 811 1368 (lib.
838 1312 909 1356 De
937 1312 1108 1355 duabus
1123 1322 1214 1355 nat.
1244 1322 1288 1356 et
1310 1326 1399 1356 una
1416 1326 1531 1371 pers.
1550 1313 1761 1370 Christi.)
1779 1313 1900 1372 quod
1928 1329 1951 1354 «
1971 1327 2069 1371 per-

102 1388 216 1425 sona
242 1388 311 1423 est
334 1377 569 1423 rationalis
595 1388 783 1422 naturae
814 1377 1046 1421 individua
1072 1378 1323 1422 substantia
1348 1396 1389 1422 ».
1428 1379 1494 1422 Ex
1527 1393 1619 1437 quo
1646 1389 1771 1438 patet
1795 1379 1934 1438 quod,
1958 1379 2067 1425 licet

100 1459 196 1490 non
222 1445 374 1489 omnis
399 1444 657 1503 hypostasis
683 1445 739 1488 sit
759 1458 969 1503 persona,
993 1445 1144 1489 omnis
1166 1455 1321 1488 tamen
1343 1445 1602 1504 hypostasis
1625 1446 1855 1490 humanae
1876 1455 2065 1491 naturae

101 1526 300 1572 persona
326 1522 406 1556 est.
436 1511 486 1556 Si
516 1511 652 1570 igitur
684 1525 739 1555 ex
765 1511 864 1556 sola
896 1511 1066 1555 unione
1093 1512 1274 1556 animae
1307 1522 1351 1556 et
1392 1513 1598 1571 corporis
1641 1515 1886 1556 constituta
1919 1523 1987 1557 est
2017 1513 2065 1557 in

103 1578 291 1623 Christo
323 1578 549 1637 quaedam
583 1578 831 1622 substantia
862 1577 1158 1636 particulam,
1192 1592 1308 1637 quae
1350 1588 1418 1622 est
1456 1578 1731 1637 hypostasis,
1772 1579 1948 1624 scilicet
1986 1578 2063 1623 ille

101 1646 264 1700 homo,
295 1645 497 1704 sequitur
523 1644 645 1703 quod
672 1658 725 1688 ex
751 1643 914 1688 eadem
947 1644 1115 1688 unione
1142 1645 1200 1688 sit
1226 1644 1472 1688 constituta
1504 1659 1713 1703 persona.
1748 1645 1823 1689 Sic
1850 1646 1988 1704 igitur
2018 1645 2066 1690 in

106 1712 294 1757 Christo
320 1722 453 1757 erunt
477 1712 594 1755 duae
626 1725 861 1770 personae,
889 1725 979 1754 una
1003 1710 1124 1754 illius
1158 1711 1359 1755 hominis
1386 1711 1442 1755 de
1467 1725 1591 1755 novo
1624 1712 1884 1766 constituta,
1907 1722 1952 1757 et
1977 1711 2068 1756 alia

107 1789 291 1824 aeterna
314 1778 455 1823 Verbi
484 1779 594 1833 Dei;
620 1778 743 1837 quod
771 1787 839 1822 est
864 1778 1165 1822 Nestorianae
1191 1778 1450 1835 impietatis.

191 1846 334 1890 Item:
360 1845 444 1890 etsi
463 1845 723 1903 hypostasis
749 1843 869 1888 illius
895 1844 1096 1888 hominis
1123 1858 1217 1888 non
1243 1855 1398 1902 posset
1423 1844 1512 1888 dici
1534 1859 1744 1903 persona,
1765 1854 1922 1889 tamen
1942 1845 2067 1889 idem

106 1922 176 1958 est
199 1911 459 1971 hypostasis
483 1911 625 1956 Verbi
656 1911 745 1955 Dei
771 1911 894 1970 quod
919 1924 1129 1969 persona.
1159 1911 1205 1954 Si
1232 1911 1368 1969 igitur
1394 1911 1653 1970 hypostasis
1686 1911 1827 1956 Verbi
1851 1912 1941 1956 Dei
1971 1926 2066 1956 non

105 1990 174 2024 est
203 1978 324 2027 illius
350 1978 566 2032 hominis,
606 1991 755 2036 neque
781 1977 920 2022 etiam
960 1991 1156 2036 persona
1195 1977 1335 2022 Verbi
1366 1978 1456 2022 Dei
1488 1979 1572 2022 erit
1603 1993 1799 2036 persona
1831 1978 1952 2023 illius
1985 1979 2067 2023 ho·

106 2046 264 2098 minis3
291 2055 335 2089 et
359 2044 425 2089 sic
449 2043 617 2089 falsum
649 2046 733 2089 erit
757 2043 880 2102 quod
906 2043 1076 2098 dicunt,
1109 2043 1231 2103 quod
1262 2058 1458 2103 persona
1482 2044 1604 2089 illius
1630 2045 1832 2090 hominis
1866 2055 1934 2090 est
1964 2060 2064 2104 per-

106 2126 221 2159 sona
246 2111 388 2156 Verbi
409 2112 511 2156 Dei.

129 2217 132 2220 .
194 2178 384 2224 Adhuc:
412 2177 519 2222 dato
545 2177 670 2236 quod
701 2191 895 2236 persona
921 2187 1042 2222 esset
1072 2176 1193 2222 aliud
1227 2178 1280 2221 ab
1319 2178 1554 2237 hypostasi
1579 2178 1730 2235 {Verbi
1755 2179 1844 2224 Dei
1879 2178 1956 2224 vel
1989 2179 2084 2223 ho·-

106 2246 257 2299 minis,
287 2260 381 2290 non
407 2253 563 2304 posset
588 2243 676 2288 alia
702 2243 956 2288 differentia
980 2244 1188 2298 inveniri,
1214 2244 1303 2288 nisi
1328 2245 1451 2304 quod
1477 2259 1674 2303 persona
1695 2260 1830 2304 supra
1855 2246 2070 2305 hyposta-

104 2313 190 2358 sim
218 2311 341 2356 addit
363 2311 689 2371 proprietatem
720 2310 946 2369 aliquam:
978 2310 1094 2354 nihil
1120 2311 1243 2356 enim
1271 2310 1326 2354 ad
1354 2326 1498 2370 genus
1530 2313 1807 2356 substantiae
1840 2313 2069 2370 pertinens

105 2379 272 2424 addere
297 2388 460 2437 potest,
487 2392 630 2437 quum
670 2377 928 2436 hypostasis
961 2378 1018 2421 sit
1050 2377 1464 2436 completissimum
1495 2379 1543 2422 in
1577 2393 1745 2438 genere
1777 2379 2068 2433 substantiae,

106 2446 229 2506 quod
255 2445 416 2490 dicitur
442 2445 690 2489 substantia
723 2444 882 2502 prima.
911 2443 961 2488 Si
991 2444 1128 2502 igitur
1156 2444 1264 2488 unio
1291 2443 1412 2489 facta
1439 2455 1506 2489 est
1531 2446 1783 2490 secundum
1809 2460 2069 2504 personam,

105 2522 152 2557 et
179 2526 275 2557 non
307 2512 559 2556 secundum
584 2510 884 2570 hypostasim,
910 2511 1112 2569 sequitur
1143 2511 1267 2569 quod
1293 2525 1387 2555 non
1414 2512 1470 2555 sit
1500 2511 1622 2556 facta
1649 2513 1756 2556 unio
1789 2514 1874 2557 nisi
1901 2526 2061 2557 secun-

108 2579 218 2623 dum
260 2578 462 2637 aliquam
501 2578 826 2636 proprietatem
860 2576 1216 2631 accidentalem;
1260 2577 1382 2636 quod
1422 2578 1588 2622 iterum
1620 2579 1736 2623 redit
1775 2579 1823 2623 in
1865 2592 2069 2623 errorem

108 2645 326 2691 Nestorii.
1660 2699 1662 2701 ‚

195 2710 431 2770 Amplius:
459 2709 660 2769 Cyrillus
693 2709 815 2762 dicit,
851 2709 898 2752 in
932 2708 1124 2767 epistola
1147 2709 1203 2753 ad
1228 2709 1509 2764 Nestorium,
1536 2725 1652 2769 quae
1679 2721 1747 2756 est
1767 2712 1815 2755 in
1839 2711 2071 2771 Ephesina

106 2779 286 2839 synodo
313 2778 585 2839 approbata:
622 2794 645 2819 «
674 2777 722 2821 Si
748 2776 847 2835 quis
873 2790 969 2820 non
1006 2776 1246 2820 confitetur
1280 2777 1405 2820 carni
1436 2777 1689 2821 secundum
1729 2778 2068 2823 subsistentiam

107 2847 284 2891 unitum
310 2860 364 2890 ex
398 2845 502 2889 Deo
535 2845 668 2888 Patre
710 2843 928 2896 Verbum,
970 2856 1203 2901 unumque
1246 2856 1344 2886 esse
1387 2842 1624 2887 Christum
1658 2858 1763 2888 cum
1805 2858 1886 2889 sua
1918 2858 2070 2900 carne,

108 2912 324 2958 eumdem
348 2911 578 2956 videlicet·
593 2911 747 2955 Deum
770 2908 907 2953 simul
933 2919 977 2953 et
998 2909 1253 2962 hominem,
1282 2909 1529 2954 anathema
1551 2910 1607 2954 sit
1629 2927 1651 2952 »
1670 2927 1681 2965 ;
1708 2920 1751 2955 et
1772 2910 1866 2956 fere
1888 2912 2070 2972 ubique,

106 2979 154 3024 in
178 2978 474 3039 synodalibus
507 2977 699 3036 scriptis,
735 2976 826 3020 hoc
867 2975 1011 3020 errori
1041 2975 1242 3021 Nestorii
1284 2975 1538 3035 deputatur,
1571 2977 1648 3036 qui
1679 2979 1831 3036 posuit
1872 2979 1983 3023 duas
2022 2979 2070 3024 in

110 3044 298 3091 Christo
329 3045 614 3104 hypostases.

201 3111 467 3156 Praeterea:
494 3111 812 3155 Damascenus
837 3109 885 3153 in
910 3109 1044 3154 tertio
1071 3110 1131 3167 (c.
1165 3109 1253 3165 12.)
1286 3107 1417 3153 dicit:
1447 3124 1472 3151 c<
1498 3109 1565 3154 Ex
1591 3109 1764 3156 duabus
1785 3112 1959 3157 naturis
1975 3125 2074 3170 per-

107 3177 237 3223 fectis
262 3178 456 3223 dicimus
489 3190 587 3221 esse
611 3175 782 3220 factam
810 3178 1042 3230 unionem,
1068 3189 1162 3219 non
1189 3175 1441 3219 secundum
1467 3189 1716 3236 prosopon,
1748 3176 1793 3221 id
1820 3187 1888 3222 est
1921 3192 2074 3237 perso-

107 3258 233 3298 nam,
264 3254 315 3289 ut
344 3245 432 3288 Dei
463 3243 676 3288 inimicus
702 3242 813 3287 dicit
837 3242 1092 3295 Nestorius,
1134 3242 1215 3286 sed
1255 3242 1507 3286 secundum
1550 3243 1834 3302 hypostasim
1862 3260 1902 3289 ».
1937 3245 2071 3290 Unde

109 3320 238 3371 patet
259 3323 467 3370 expresse
492 3309 615 3369 quod
641 3309 756 3354 haec
782 3308 867 3353 fuit
890 3309 1057 3393 positio
1087 3308 1303 3362 Nestorii,
1335 3308 1544 3353 confiteri
1575 3324 1713 3354 unam
1746 3324 1992 3369 personam
2027 3319 2075 3356 et

110 3378 224 3422 duas
258 3377 543 3436 hypostases.

198 3444 338 3488 Item:
364 3443 622 3503 hypostasis
648 3452 694 3487 et
717 3442 1004 3501 suppositum
1030 3451 1215 3500 oporte-t
1232 3442 1354 3486 idem
1381 3456 1502 3497 esse;
1541 3456 1652 3487 nam
1692 3443 1747 3487 de
1787 3443 1933 3502 prima
1957 3445 2070 3490 sub·-

112 3510 291 3565 stantia,
323 3523 442 3570 quae
467 3519 535 3554 est
558 3509 834 3569 hypostasis,
866 3509 1022 3553 omnia
1048 3508 1137 3553 alia
1168 3508 1499 3568 praedicantur,
1524 3509 1701 3555 scilicet
1732 3520 1776 3555 et
1801 3510 2074 3556 universalia

109 3577 163 3625 in
187 3589 355 3639 genere
379 3576 657 3630 substantiae
690 3585 734 3622 et
766 3574 1034 3630 accidentia,
1066 3575 1318 3620 secundum
1351 3575 1686 3636 Philosophum
1711 3577 1757 3622 in
1789 3577 2069 3624 Praedicam.
