2332 3854
816 209 971 249 Lmen
1011 210 1087 248 111.
1131 209 1250 249 CAP.
1293 207 1421 249 cvn.
1985 208 2088 264 453

136 312 326 358 omnino
353 326 509 372 expers
541 311 666 367 boni,
701 311 815 356 nihil
856 313 1045 358 haberet
1079 313 1126 357 in
1166 327 1214 358 se
1253 310 1510 372 appetibile.
1540 311 1799 370 Unicquue
1837 321 1991 356 autern
2027 323 2094 357 est

133 378 374 439 appetibile
399 393 533 424 suum
559 392 672 423 esse.
707 378 904 437 Oportet
937 380 1072 439 igitur
1099 379 1220 440 quod
1258 380 1295 424 si
1328 378 1495 438 aliquid
1523 379 1777 423 secundum
1804 392 1936 422 suam
1965 389 2093 423 natu-

133 458 233 490 ram
265 445 440 490 dicatur
462 444 651 499 malum,
677 445 799 504 quod
821 446 910 490 hoc
938 460 1030 489 non
1058 448 1114 491 sit
1140 446 1268 505 quasi
1295 445 1559 504 simpliciter
1586 444 1776 499 malum,
1797 444 1876 488 sed
1900 447 2005 503 quia
2026 456 2093 490 est

133 510 308 556 malum
334 512 455 566 huic,
479 510 553 556 vel
579 522 798 571 quantum
838 512 893 556 ad
926 512 1042 566 h0c;
1070 513 1184 556 sicut
1211 526 1440 557 venenum
1471 526 1566 556 non
1604 525 1671 556 est
1698 510 1966 570 simpliciter
1999 526 2093 555 ma-

131 577 244 633 lum,
270 579 348 623 sed
374 578 479 623 huic
507 578 579 623 cui
604 588 671 623 est
695 578 938 624 nocivum:
966 580 1083 623 unde
1104 579 1225 638 quod
1244 589 1311 622 est
1333 578 1408 622 alii
1425 592 1667 632 venenum,
1694 587 1762 622 est
1788 577 1917 621 alteri
1946 578 2088 621 cibus.

131 643 234 688 Hoc
275 653 428 688 autern
470 644 691 703 contingit
734 658 787 688 ex
825 658 880 688 eo
919 646 1040 703 quod
1082 646 1255 689 bonum
1282 644 1567 703 particulare,
1601 644 1724 703 quod
1763 654 1830 688 est
1856 644 2091 703 proprium

130 709 278 767 hujus,
315 720 382 754 est
417 711 695 754 contrarium
736 711 859 755 bono
887 711 1161 770 particulari,
1194 713 1316 770 quod
1359 722 1426 755 est
1463 712 1697 770 proprium
1734 710 1941 765 alterius3
1975 711 2092 755 sicut

131 775 271 830 calor,
297 777 373 835 qui
404 787 472 821 est
496 777 669 820 bonum
695 777 827 835 ignis,
854 787 921 822 est
949 779 1201 822 contrarius
1227 777 1384 836 frigori
1413 779 1533 836 quod
1562 788 1631 822 est
1654 778 1830 821 bonurn
1858 791 2019 836 aquae,
2047 787 2092 822 et

130 841 316 887 destruit
341 843 503 902 ipsum.
536 842 651 887 Illud
684 844 820 902 igitur
852 844 975 903 quod
1007 844 1258 888 secundum
1290 859 1420 888 suam
1448 854 1658 888 naturam
1686 843 1918 888 ordinatur
1942 844 1988 887 in
2014 844 2091 888 bo·

127 923 241 952 num
260 923 354 953 non
379 910 663 967 particulare,
691 910 768 954 sed
795 910 1074 968 simpliciter,
1108 910 1483 968 impossibile'est
1516 910 1637 969 quod
1663 923 1812 969 neque
1838 909 2090 954 secundum

47 1016 52 1022 .
127 975 249 1019 hunc
282 976 472 1020 modurn
505 978 648 1035 possit
678 977 942 1021 naturaliter
974 978 1062 1021 dici
1093 977 1283 1020 malurn.
1319 977 1434 1020 Tale
1469 988 1623 1021 autem
1665 987 1732 1021 est
1773 977 1924 1020 omnis
1961 976 2092 1021 intel-

127 1041 292 1086 lectus:
324 1057 432 1086 nam
460 1045 556 1101 ejus
581 1044 754 1087 bonum
781 1054 847 1088 est
872 1044 918 1087 in
946 1045 1129 1103 propria
1156 1045 1439 1103 operatione,
1464 1058 1579 1102 quae
1613 1054 1679 1088 est
1705 1043 2028 1087 universalium
2046 1053 2090 1088 et

128 1122 288 1153 eorum
312 1123 428 1168 quae
453 1119 557 1153 sunt
582 1106 859 1168 simpliciter.
887 1110 992 1154 Non
1011 1121 1079 1154 est
1103 1111 1240 1169 igitur
1262 1110 1475 1169 possibile
1498 1110 1620 1169 quod
1644 1110 1804 1169 aliquis
1830 1109 2089 1155 intellectus

127 1175 185 1220 sit
208 1175 624 1220 secundum'suam
665 1186 874 1221 naturam
901 1176 1063 1231 malus,
1095 1182 1191 1220 no'n
1218 1176 1368 1220 solum
1403 1177 1682 1235 simpliciter,
1709 1176 1788 1221 sed
1814 1190 1898 1221 nec
1926 1191 2088 1221 secun-

129 1242 237 1286 dum
265 1243 386 1302 quid.

215 1309 352 1354 Item:
369 1310 416 1354 in
434 1323 710 1370 unoquoque
736 1311 931 1355 habente
957 1310 1240 1355 intellectum
1263 1309 1459 1354 naturali
1481 1309 1638 1354 ordine
1657 1309 1912 1354 intellectus
1929 1320 2088 1355 movet

128 1376 398 1436 appetitum:
426 1377 659 1436 proprium
687 1377 808 1421 enim
835 1378 1066 1437 obJectum
1099 1377 1344 1421 voluntatis
1378 1387 1444 1420 est
1474 1377 1649 1420 bonum
1680 1374 1985 1431 intellectum;
2012 1378 2089 1421 bo·

124 1457 237 1487 num
268 1452 421 1488 autem
447 1442 694 1488 voluntatis
731 1454 799 1488 est
828 1444 874 1487 in
912 1458 967 1487 eo
995 1443 1117 1502 quod
1143 1444 1344 1502 sequitur
1376 1442 1685 1497 intellectum;
1712 1443 1828 1487 sicut
1870 1443 1917 1486 in
1954 1443 2087 1488 nobis

125 1509 300 1553 bonum
325 1519 393 1553 est
414 1509 535 1568 quod
561 1520 629 1554 est
659 1510 912 1554 secundum
939 1513 1194 1563 rationem3
1228 1509 1349 1568 quod
1384 1520 1535 1553 autem
1561 1519 1628 1553 est
1654 1519 1830 1566 praeter
1855 1509 1963 1564 hoc,
1990 1524 2089 1554 ma-

126 1575 223 1620 lum
250 1586 330 1620 est.
356 1575 563 1619 Naturali
594 1577 731 1634 igitur
757 1577 915 1620 ordine
948 1577 1195 1620 substantia
1232 1575 1549 1620 intellectualis
1574 1575 1671 1619 vult
1694 1576 1883 1619 bonum.
1911 1575 2088 1635 Impos-

126 1642 255 1687 sibile
281 1643 502 1701 estjgitur
527 1643 650 1702 quod
676 1643 780 1686 illae
808 1643 1083 1687 substantiae
1109 1641 1452 1696 intellectuales,
1471 1656 1661 1700 quarum
1681 1642 1849 1686 auxilio
1877 1643 2086 1701 magicae

127 1720 245 1754 artes
270 1719 469 1764 utuntur,
498 1710 590 1754 sint
620 1710 885 1754 naturaliter
911 1709 1073 1754 malae.

214 1776 486 1821 Praeterea:
509 1789 612 1820 curn
640 1776 851 1820 voluntas
877 1777 1042 1820 'tendat
1075 1778 1118 1820 in
1150 1777 1324 1820 bonum
1368 1775 1650 1820 intellectum
1682 1775 1945 1820 naturaliter
1970 1776 2086 1820 sicut

124 1842 175 1886 in
200 1843 433 1902 proprium
466 1843 712 1901 objectum,
738 1853 783 1887 et
807 1843 962 1897 finem,-
994 1835 1274 1902 impossibile
1318 1853 1385 1887 est
1430 1843 1551 1902 quod
1585 1843 1734 1905 aliqffiia
1766 1842 2085 1887 intellectualis

127 1910 375 1954 substantia
396 1905 567 1954 malam
594 1911 845 1955 secundum
871 1921 1080 1955 naturam
1106 1910 1273 1954 habeat
1289 1909 1587 1963 voluntatem,
1610 1911 1694 1954 nisi
1717 1910 1971 1954 intellectus
1990 1911 2085 1968 ejus

124 1977 389 2021 naturaliter
421 1987 537 2021 erret
569 1977 689 2021 circa
725 1978 943 2035 judicium
975 1978 1098 2024 boni.
1130 1977 1294 2021 Nullus
1328 1987 1480 2021 autern
1514 1977 1769 2021 intellectus
1802 1977 1903 2021 talis
1936 1986 2086 2035 potest

126 2057 255 2088 esse:
282 2042 398 2099 falsa
417 2044 545 2088 enim
581 2044 748 2103 judicia
783 2044 835 2089 in
872 2044 1213 2103 operationibus
1246 2043 1502 2088 intellectus
1535 2054 1637 2088 sunt
1668 2044 1786 2088 sicut
1811 2055 2014 2088 monstra
2036 2044 2084 2088 in

124 2110 255 2154 rebus
283 2110 575 2164 naturalibus,
603 2125 718 2170 quae
744 2125 839 2156 non
871 2121 974 2155 sunt
1005 2112 1256 2156 secundum
1289 2121 1514 2164 naturam,
1541 2111 1619 2155 sed
1647 2121 1823 2169 praeter
1848 2120 2084 2165 naturam,

123 2191 234 2221 nam
258 2177 430 2221 bonurn
458 2176 727 2231 intellectus,
755 2188 799 2222 et
825 2178 920 2236 ejus
951 2177 1051 2222 finis
1078 2177 1310 2231 naturalis,
1338 2188 1406 2222 est
1432 2178 1635 2236 cognitio
1662 2177 1876 2221 veritatis.
1909 2178 2083 2236 Impos-

123 2243 252 2289 sibile
283 2254 351 2288 est
389 2244 526 2302 igitur
555 2244 678 2303 quod
712 2244 873 2304 aliquis
905 2243 1161 2289 intellectus
1204 2245 1260 2288 sit
1300 2245 1378 2303 qui
1407 2244 1671 2288 naturaliter
1703 2244 1749 2287 in
1780 2244 1950 2301 judicio
1983 2244 2079 2288 veri

123 2310 384 2369 decipiatur.
410 2310 570 2369 Neque
587 2311 723 2369 igitur
751 2311 964 2371 possibile
993 2321 1059 2356 est
1081 2311 1202 2370 quod
1222 2311 1278 2355 sit
1305 2311 1456 2370 aliqua
1482 2310 1731 2355 substantia
1763 2309 2082 2356 intellectualis

121 2376 295 2422 habens
319 2377 584 2422 naturaliter
609 2376 781 2421 malam
807 2377 1107 2422 voluntatem.

209 2443 399 2489 Adhuc:
425 2443 550 2488 nulla
582 2445 784 2503 potentia
811 2445 1127 2503 cognoscitiva
1160 2443 1312 2488 deficit
1345 2459 1370 2487 a
1403 2443 1668 2502 cognitione
1696 2444 1765 2488 sui
1792 2444 1973 2502 objecti,
1990 2444 2079 2489 nisi

122 2519 308 2570 propter
333 2510 533 2570 aliquem
559 2510 803 2566 defectum,
816 2522 892 2555 aut
909 2511 1250 2570 corruptionem
1278 2525 1430 2565 suam3
1449 2525 1554 2554 curn
1572 2511 1822 2555 secundum
1849 2511 2081 2570 propriam

119 2577 345 2622 rationem
382 2577 437 2621 ad
474 2577 785 2636 cognitionem
817 2577 921 2622 talis
947 2578 1112 2636 objecti
1146 2578 1407 2621 ordinetur:
1443 2578 1560 2621 sicut
1589 2577 1712 2621 visus
1744 2592 1838 2621 non
1871 2577 2022 2622 deficit
2055 2593 2080 2622 a

123 2643 383 2702 cognitione
418 2643 600 2698 coloris,
620 2644 708 2687 nisi
733 2644 883 2703 aliqua
911 2645 1201 2703 corruptione
1226 2645 1344 2687 circa
1362 2644 1511 2702 ipsum
1539 2644 1792 2688 exsistente.
1814 2644 1980 2689 Omnis
2010 2659 2082 2688 au-

122 2720 217 2754 tem
244 2708 444 2754 defectus
471 2721 515 2754 et
537 2710 767 2768 corruptio
794 2722 862 2754 est
893 2722 1069 2769 praeter
1100 2721 1324 2763 naturam,
1352 2713 1457 2768 quia
1489 2719 1649 2753 natura
1682 2710 1876 2754 intendit
1901 2724 1998 2754 esse
2025 2711 2082 2754 ad

123 2773 449 2835 perfectionem
478 2779 554 2821 rei.
588 2776 873 2835 Impossibile
901 2787 968 2820 est
998 2777 1133 2835 igitur
1164 2777 1285 2835 quod
1324 2777 1379 2820 sit
1412 2775 1561 2834 aliqua
1593 2777 1734 2820 virtus
1767 2777 2080 2835 cognoscitiva

123 2856 239 2902 quae
264 2843 527 2888 naturaliter
553 2843 734 2888 deficiat
759 2858 784 2887 a
816 2854 940 2888 recto
963 2844 1133 2902 judicio
1164 2843 1234 2887 sui
1267 2843 1446 2901 objecti.
1478 2843 1718 2901 Proprium
1748 2854 1900 2888 autem
1934 2844 2081 2901 objec-

122 2921 221 2956 tum
247 2909 503 2956 intellectus
530 2920 597 2955 est
620 2924 794 2955 verum.
827 2910 1114 2970 Impossibile
1143 2920 1209 2954 est
1240 2909 1376 2968 igitur
1408 2909 1529 2968 quod
1557 2910 1613 2953 sit
1639 2909 1799 2968 aliquis
1824 2909 2079 2955 intellectus

122 2976 385 3023 naturaliter
421 2977 540 3021 circa
582 2977 894 3035 cognitionem
927 2977 1022 3020 veri
1048 2977 1276 3021 oberrans.
1319 2976 1480 3035 Neque
1515 2976 1651 3034 igitur
1685 2975 1895 3020 voluntas
1928 2976 2079 3036 aliqua

122 3043 385 3089 naturaliter
415 3052 563 3103 potest
590 3058 614 3087 a
634 3043 758 3087 bono
785 3043 990 3087 deficere.

212 3111 314 3155 Hoc
352 3110 489 3154 etiam
523 3111 788 3154 auctoritate
815 3124 969 3155 sacrae
993 3110 1249 3170 Scripturae
1274 3109 1591 3164 confirmatur;
1610 3110 1772 3155 dicitur
1794 3110 1916 3154 enim
1930 3111 1984 3169 (Ι.
2000 3110 2078 3156 Ti-

122 3176 268 3235 moth.
295 3175 373 3221 IV.
398 3174 491 3233 4.):
523 3177 671 3221 Omnis
696 3183 890 3222 creatura
917 3178 1052 3222 bona:
1080 3177 1198 3221 unde
1240 3177 1382 3236 (Gen.
1420 3177 1455 3221 I.
1486 3175 1603 3235 31.):
1630 3177 1742 3222 Vidit
1773 3178 1889 3222 Deus
1930 3184 2078 3223 cuncta

121 3257 225 3303 quae
236 3243 414 3302 fecerat,
442 3249 478 3287 et
502 3249 621 3287 erant
640 3242 761 3288 valde
795 3244 919 3288 bona.

209 3310 297 3354 Per
332 3310 422 3354 hoc
466 3318 618 3354 autem
650 3309 900 3355 excluditur
932 3325 1057 3356 error
1098 3311 1477 3356 Manichaeorum
1517 3313 1786 3388 ponentium
1812 3310 2078 3372 hujusmodi

121 3377 392 3421 substantias
418 3375 762 3431 intellectuales,
789 3391 900 3440 quas
932 3378 1180 3422 daemones
1210 3388 1429 3423 consueto
1452 3379 1640 3423 nomine
1667 3379 1861 3424 dicimus
1888 3379 1963 3424 vel
1989 3380 2077 3423 dia-

119 3443 268 3500 bolos,
305 3457 404 3488 esse
440 3442 706 3488 naturaliter
739 3435 897 3488 malas.
940 3443 1205 3489 Excluditur
1238 3445 1374 3489 etiam
1422 3445 1578 3503 opinio
1619 3460 1755 3522 quam
1797 3446 2076 3506 Porphyrius

121 3520 272 3555 narrat
310 3513 356 3555 in
390 3510 583 3570 epistola
614 3510 668 3554 ad
696 3511 1001 3566 Anebontem,
1031 3512 1198 3565 dicens,
1235 3511 1458 3570 quosdam
1496 3512 1673 3571 opinari
1710 3527 1807 3557 esse
1844 3513 2075 3572 quoddam

121 3577 325 3637 spiritum
352 3591 510 3637 genus,
537 3578 609 3621 cui
636 3578 847 3622 exaudire
879 3591 1040 3637 magos
1074 3579 1129 3622 sit
1154 3578 1402 3637 proprium,
1429 3589 1589 3623 natura
1610 3578 1760 3634 fallax,
1784 3579 2075 3636 omniforme,
