2332 3854
297 208 397 262 118
996 222 1150 260 LIBER
1189 222 1223 259 1.
1267 217 1387 260 CAP.
1423 220 1515 259 cn.

289 339 431 369 nuum
470 333 512 368 et
547 333 742 383 tempus.
780 322 947 367 Divina
987 323 1123 382 igitur
1154 322 1386 367 beatitudo
1418 322 1465 366 in
1508 321 1736 367 infinitum
1769 322 1946 368 excedit
1983 322 2251 378 humanam,

288 393 403 436 sicut
428 391 605 435 duratio
639 390 916 435 aeternitatis
944 391 1120 434 excedit
1150 403 1271 434 nunc
1298 389 1516 448 temporis
1542 388 1701 435 fluens.

378 458 565 503 Adhuc:
591 457 796 516 fatigatio
825 467 869 501 et
895 456 1221 514 occupationes
1246 456 1414 511 variae,
1460 456 1621 516 quibus
1660 470 1847 502 necesse
1880 466 1948 501 est
1973 455 2253 516 contempla·

288 525 464 570 tionem
495 534 701 569 nostram
726 524 773 567 in
798 524 885 566 hac
912 525 1005 567 vita
1026 522 1291 582 interpolari
1317 524 1385 582 (in
1411 537 1500 582 qua
1527 524 1734 569 consistit
1768 523 2011 583 praecipue
2049 523 2254 567 humana

288 591 497 646 felicitas,
520 592 558 636 si
579 606 668 650 qua
694 601 761 634 est
786 590 1035 648 praesentis
1061 589 1219 647 vitae),
1247 599 1291 635 et
1317 604 1492 635 errores
1510 600 1555 635 et
1570 591 1873 635 dubitationes
1900 600 1946 635 et
1967 603 2102 635 mus
2126 589 2255 644 varii,

291 660 452 718 quibus
485 659 689 716 subjacet
713 670 926 716 praesens
954 657 1060 711 vita,
1087 657 1333 701 ostendunt
1358 657 1548 702 omnino
1586 656 1995 717 incomparabilem
2036 670 2136 702 esse
2176 656 2257 700 hu-

291 740 478 770 manam
510 725 788 777 felicitatem,
816 723 1057 782 praecipue
1079 723 1213 782 hujus
1241 725 1377 778 vitae,
1403 724 1582 768 divinae
1607 724 1888 769 beatitudini.

380 791 613 850 Amplius:
642 789 858 849 perfectio
892 790 1074 835 divinae
1098 790 1389 834 beatitudinis
1416 791 1695 835 considerari
1735 799 1887 850 potest
1921 804 1975 834 ex
2006 790 2098 834 hoc
2130 788 2255 849 quod

293 873 455 903 omnes
481 858 782 902 beatitudines
811 857 1131 915 complectitur
1156 858 1409 902 secundum
1431 857 1811 917 perfectissimum
1833 857 2051 911 modum3
2073 857 2129 901 de
2151 869 2258 900 con·

291 925 555 983 templativa
582 924 766 983 quidem
791 923 1021 978 felicitate,
1042 925 1181 970 habet
1206 924 1584 984 perfectissimam
1609 925 1679 970 sui
1705 934 1750 970 et
1775 924 1969 969 aliorum
1989 926 2257 983 perpetuam

293 992 730 1045 considerationem3
758 990 814 1034 de
847 991 995 1035 activa
1019 1005 1129 1036 vero
1163 992 1270 1046 vita,
1302 1004 1396 1036 non
1423 993 1556 1036 unius
1580 992 1783 1036 hominis
1809 1000 1887 1036 aut
1906 991 2179 1036 domusvaut
2200 988 2259 1034 ci·

292 1059 442 1102 vitatis
471 1067 546 1101 aut
571 1058 713 1116 regni,
742 1058 819 1102 sed
844 1059 983 1102 totius
1015 1059 1215 1103 universi
1257 1059 1649 1117 gubernationem.
1692 1058 1823 1103 Falsa
1850 1056 1972 1103 enim
1995 1057 2259 1102 felicitasset

291 1137 469 1170 terrena
492 1139 595 1169 >non
631 1125 768 1169 habet
798 1125 884 1169 nisi
926 1125 1174 1184 quamdam
1216 1126 1427 1169 umbram
1467 1125 1588 1170 illius
1628 1125 1855 1171 felicitatis
1880 1124 2256 1185 perfectissimae.

296 1193 516 1237 Consistit
538 1192 661 1236 enim
686 1192 732 1235 in
756 1192 969 1251 quinque,
997 1192 1252 1236 secundum
1278 1193 1506 1249 Boetium‚
1532 1193 1708 1237 scilicet
1732 1193 1778 1236 in
1803 1192 2053 1251 voluptate,
2071 1190 2257 1245 divitiis,

292 1269 530 1319 potestate,
558 1259 774 1318 dignitate
807 1268 851 1303 et
872 1258 1009 1303 fama.
1039 1259 1187 1303 Habet
1215 1259 1354 1304 etiam
1382 1260 1508 1304 Deus
1535 1259 1964 1304 excellentissimam
1996 1257 2260 1303 delectatio-

293 1341 400 1371 nem
423 1327 478 1370 de
500 1341 562 1380 se,
585 1338 629 1371 et
657 1326 909 1370 universale
951 1326 1169 1386 gaudium
1197 1326 1251 1371 de
1279 1326 1491 1370 omnibus
1531 1327 1678 1380 bonis,
1720 1326 1890 1386 absque
1922 1324 2148 1370 contrarii
2188 1325 2261 1369 ad-

293 1395 526 1439 mixtione
545 1394 635 1438 Pro
653 1394 817 1438 divitiis
833 1408 957 1449 vero,
974 1394 1113 1438 habet
1129 1375 1449 1439 omnimodam
1471 1393 1820 1438 sufficientiam
1807 1408 1855 1437 111
1872 1394 2024 1453 seipso
2045 1385 2259 1438 omnium

292 1462 536 1515 bonorum,
568 1471 617 1505 ut
641 1475 776 1520 supra
807 1462 868 1520 (c.
894 1461 989 1519 41.)
1021 1470 1256 1505 ostensum
1289 1470 1368 1505 est.
1395 1461 1486 1505 Pro
1513 1471 1751 1520 potestate,
1774 1461 1912 1505 habet
1932 1459 2261 1505 infinitamvir·

292 1539 451 1573 tutem.
478 1529 568 1572 Pro
593 1528 825 1587 dignitate,
846 1528 984 1572 habet
1006 1528 1215 1572 omnium
1237 1529 1411 1573 entium
1433 1529 1680 1587 primatum
1704 1538 1748 1573 et
1769 1528 1989 1606 regimen.
2010 1527 2102 1573 Pro
2122 1525 2260 1580 fama,

296 1596 647 1640 admirationem
675 1596 825 1640 omnis
850 1595 1108 1640 intellectus
1139 1596 1290 1654 ipsum
1323 1605 1569 1655 utcumque
1602 1595 1937 1655 cognoscentis.

384 1663 475 1722 Ipsi
500 1663 650 1722 igitur,
678 1663 753 1721 qui
780 1662 1069 1722 singulariter
1092 1662 1249 1707 beatus
1276 1672 1357 1717 est,
1384 1662 1536 1708 honor
1561 1663 1619 1707 sit
1638 1673 1685 1707 et
1709 1662 1905 1722 gloria,
1893 1675 1944 1708 m
1963 1651 2148 1708 saecula
2167 1673 2260 1706 sae-

297 1729 520 1775 culorum.
548 1730 713 1774 Amen.
