2332 3854
792 181 946 220 Ltssssn
984 180 1061 219 111.
1104 181 1224 220 cap,
1267 179 1375 219 cm.
1952 180 2052 234 521

132 334 152 343 Μ
193 285 428 345 Amplius:
456 282 812 342 unumquodque
835 283 1068 327 ordinatur
1088 282 1135 327 in
1157 281 1296 327 finem
1322 282 1406 327 sibi
1433 280 1783 326 convenientem
1805 282 2058 325 secundum

103 352 328 399 rationem
359 365 468 396 suae
494 349 691 403 formae;
722 350 1005 394 diversarum
1030 352 1152 393 enim
1194 349 1450 408 specierum
1492 347 1656 392 diversi
1682 357 1786 391 sunt
1812 347 1938 392 fines.
1969 347 2059 405 Sed

103 417 204 462 finis
230 418 275 462 in
303 432 439 477 quem
454 414 605 461 *homo
632 416 836 474 dirigitur
858 430 937 475 per
958 416 1175 460 auxilium
1197 416 1377 460 divinae
1405 415 1575 474 gratiae
1603 423 1669 458 est
1695 429 1829 473 supra
1852 425 2061 457 naturam

103 483 370 529 humanam.
403 483 524 542 Ergo
557 493 738 542 oportet
769 483 891 541 quod
924 482 1102 525 homini
1142 482 1468 541 superaddatur
1511 481 1660 540 aliqua
1708 480 2062 540 supernaturalis

101 548 251 609 forma
278 561 323 595 et
348 549 580 608 perfecti0,
607 563 685 607 per
711 563 848 607 quam
883 549 1207 593 convenienter
1237 548 1470 592 ordinetur
1496 550 1542 592 in
1569 547 1708 591 finem
1740 547 2037 607 praedictum.

193 614 332 661 Item:
360 627 540 675 oportet
566 616 687 675 quod
721 616 866 659 homo
894 615 949 659 ad
978 615 1190 658 ultimum
1226 615 1364 659 finem
1408 629 1486 674 per
1527 613 1744 673 proprias>
1772 613 2063 672 operationes

102 683 350 743 perveniat.
370 682 741 742 Unumquodque
760 692 912 726 autem
931 692 1144 739 operatur
1161 682 1411 725 secundum
1430 682 1659 740 propriam
1681 679 1894 725 formam.
1916 679 2065 737 Opor-

102 759 167 795 tet
192 749 340 808 igitur,
363 749 418 794 ad
444 749 537 792 hoc
562 748 684 808 quod
710 748 855 792 homo
878 748 1148 807 perducatur
1170 748 1215 791 in
1239 747 1451 792 ultimum
1472 747 1610 791 finem
1633 761 1712 806 per
1734 746 1937 806 proprias
1960 759 2065 805 ope-

101 816 317 869 rationes,
342 815 463 874 quod
490 815 816 874 superaddatur
842 817 882 859 ei
907 813 1055 873 aliqua
1078 813 1240 868 forma,
1265 829 1317 859 ex
1335 829 1424 874 qua
1443 816 1537 873 ejus
1555 815 1845 873 operationes
1863 813 2063 872 aliquam

103 880 355 929 efficaciam
383 882 609 939 accipiant
634 882 919 941 promerendi
948 881 1159 924 ultimum
1194 881 1347 926 finem.

192 948 455 993 Praeterea:
490 948 642 992 divina
668 942 958 1007 providentia*
978 949 1189 992 omnibus
1216 949 1423 1007 providet
1453 947 1706 993 secundum
1737 947 1927 992 modum
1954 960 2064 991 suae

52 1008 56 1014 ’
100 1024 307 1068 naturae,
332 1025 381 1058 ut
411 1029 464 1059 ex
497 1015 764 1074 supradictis
789 1014 853 1072 (c.
881 1015 971 1072 73.)
1000 1024 1134 1072 patet.
1168 1014 1246 1059 Est
1272 1025 1424 1060 autem
1450 1015 1525 1059 hic
1559 1015 1723 1059 modus
1748 1014 1957 1073 proprius
1982 1013 2065 1057 ho·

103 1081 300 1130 minibus
322 1081 444 1140 quod
472 1081 527 1124 ad
553 1080 881 1140 perfectionem
906 1094 1090 1124 suarum
1114 1081 1435 1140 operationum
1458 1091 1639 1139 oportet
1660 1081 1724 1126 eis
1745 1081 1908 1134 inesse,
1931 1094 2066 1140 super

102 1146 333 1193 naturales
357 1148 597 1207 potentias,
624 1148 844 1207 quasdam
873 1147 1172 1206 perfectiones
1197 1158 1240 1192 et
1265 1149 1460 1203 habitus,
1488 1148 1647 1207 quibus
1681 1148 1809 1207 quasi
1850 1157 2067 1192 connatu-

104 1213 271 1272 raliter,
303 1224 351 1259 et
378 1213 583 1267 faciliter,
610 1224 655 1258 et
685 1214 1010 1259 delectabiliter
1035 1215 1207 1258 bonum
1242 1225 1286 1259 et
1319 1215 1434 1259 bene
1473 1225 1730 1273 operentur.
1763 1214 1906 1273 Igitur
1947 1214 2066 1258 auxi-

102 1279 218 1326 lium
250 1281 437 1340 gratiae,
470 1281 592 1340 quod
618 1281 764 1326 homo
793 1296 815 1325 a
850 1281 952 1325 Deo
981 1282 1271 1340 consequitur
1304 1283 1359 1326 ad
1395 1281 1751 1341 perveniendum
1777 1282 1825 1325 in
1849 1281 2059 1325 ultimum

103 1346 257 1401 finem,
284 1347 484 1407 aliquam
510 1347 709 1392 formam
743 1358 786 1392 et
808 1347 1136 1407 perfectionem
1162 1348 1343 1392 homini
1374 1348 1522 1392 inesse
1555 1349 1774 1407 designat.

116 1468 118 1470 .
193 1413 312 1459 Hinc
331 1425 400 1459 est
415 1415 537 1474 quod
556 1415 700 1473 gratia
716 1415 805 1459 Dei
830 1415 876 1458 in
904 1415 1136 1473 Scriptura
1163 1415 1290 1473 quasi
1307 1414 1382 1458 lux
1401 1415 1626 1474 quaedam
1651 1415 1936 1474 designatur3
1959 1413 2068 1458 dicit

104 1480 230 1525 enim
256 1481 507 1540 Apostolus
533 1481 722 1540 (Ephes.
747 1482 803 1526 V.
831 1481 919 1538 8.):
945 1483 1090 1527 Eratis
1114 1482 1340 1540 aliquando
1368 1483 1557 1526 tenebrae
1567 1496 1586 1539 ;
1613 1497 1724 1527 nunc
1761 1489 1898 1527 autem
1923 1482 1997 1526 lux
2022 1483 2066 1526 in

103 1548 309 1593 Domino.
334 1548 563 1593 Decenter
589 1559 742 1593 autem
763 1548 980 1608 perfectio
1003 1562 1083 1607 per
1105 1563 1241 1607 quam
1268 1549 1412 1592 homo
1456 1560 1754 1606 promovetur
1780 1550 1827 1593 in
1854 1548 2066 1593 ultimum

106 1613 261 1670 finem,
286 1629 403 1674 quae
427 1615 473 1659 in
495 1615 583 1660 Dei
606 1615 781 1660 visione
805 1616 1024 1670 consistit,
1047 1615 1209 1660 dicitur
1230 1615 1320 1669 lux,
1343 1630 1459 1674 quae
1485 1626 1552 1659 est
1573 1616 1845 1675 principium
1869 1615 2066 1659 videndi.

195 1681 284 1727 Per
305 1681 399 1726 hoc
425 1692 576 1727 autem
605 1682 855 1727 excluditur
882 1682 1037 1741 opinio
1064 1683 1369 1741 quorumdam
1391 1676 1641 1726 dicentium
1664 1682 1786 1741 quod
1813 1682 1956 1740 gratia
1979 1682 2067 1726 Dei

105 1747 221 1792 nihil
250 1748 297 1792 in
328 1748 518 1792 homine
541 1750 682 1808 ponit,
703 1749 820 1794 sicut
841 1749 955 1793 nihil
976 1749 1021 1793 in
1049 1749 1202 1807 aliquo
1229 1749 1411 1808 ponitur
1438 1763 1491 1792 ex
1517 1749 1607 1793 hoc
1635 1749 1757 1807 quod
1784 1749 1946 1793 dicitur
1972 1763 2069 1807 gra-

105 1815 218 1860 tiam
250 1815 372 1875 regis
400 1815 583 1871 habere,
616 1815 694 1860 sed
721 1816 871 1861 solum
898 1818 943 1860 in
971 1830 1078 1874 rege
1112 1815 1340 1874 diligente.
1368 1815 1499 1859 Patet
1531 1830 1641 1874 ergo
1668 1829 1749 1859 eos
1770 1814 1908 1860 fuisse
1941 1815 2069 1859 dece·

106 1891 210 1942 ptos
230 1896 297 1940 ex
320 1882 412 1927 hoc
439 1883 560 1941 quod
587 1897 680 1926 non
714 1883 1000 1927 attenderunt
1041 1882 1342 1927 differentiam
1373 1883 1491 1927 inter
1523 1882 1820 1927 dilectionem
1862 1882 2063 1926 divinam

107 1959 153 1994 et
181 1942 457 2003 humanam;
490 1949 642 1993 divina
668 1950 788 1994 enim
817 1949 1001 1994 dilectio
1028 1959 1096 1994 est
1117 1950 1348 1994 causativa
1375 1950 1484 1994 boni
1511 1950 1634 2010 quod
1661 1950 1706 1994 in
1730 1949 1884 2009 aliquo
1908 1948 2067 2008 diligit,

106 2029 201 2061 non
228 2029 407 2076 semper
434 2026 587 2061 autem
613 2014 830 2061 humana.
852 2040 857 2043 >

855 2172 1109 2229 CAPUT
1153 2172 1324 2228 CLII.

109 2306 268 2354 QUOD
291 2307 496 2347 GRATIA
517 2307 747 2347 GRATUM
781 2307 1007 2348 FAcnst
1040 2308 1253 2347 CAUSAT
1276 2309 1332 2348 IN
1353 2308 1514 2348 NOBIS
1544 2308 1930 2348 DILECTIONEM
1956 2308 2068 2347 Dm.

195 2417 262 2461 Ex
287 2417 548 2476 praemissis
575 2426 729 2462 autem
760 2417 1053 2462 manifestum
1085 2417 1147 2472 fit,
1180 2419 1317 2478 quod,
1340 2433 1420 2478 per
1447 2418 1665 2463 auxilium
1689 2418 1859 2478 gratiae
1887 2418 2065 2462 divinae

110 2494 290 2544 gratum
322 2482 543 2539 facientis,
574 2484 664 2528 hoc
691 2485 838 2529 homo
865 2484 1157 2543 consequitur
1183 2485 1305 2544 quod
1331 2485 1484 2529 Deum
1512 2485 1682 2544 diligat.

198 2550 357 2595 Gratia
382 2553 504 2595 enim
532 2562 713 2609 gratum
739 2550 910 2596 faciens
937 2561 1005 2596 est
1034 2552 1081 2595 in
1114 2552 1303 2596 homine
1346 2552 1526 2596 divinae
1568 2552 1825 2596 dilectionis
1867 2550 2067 2596 effectus.

109 2609 326 2676 Proprius
353 2626 504 2661 autem
539 2618 718 2662 divinae
759 2618 1016 2662 dilectionis
1058 2618 1243 2663 effectus
1284 2619 1330 2662 in
1370 2619 1559 2663 homine
1602 2633 1700 2664 esse
1731 2619 1908 2663 videtur
1948 2618 2070 2677 quod

109 2684 263 2737 Deum
288 2682 471 2742 diligat3
498 2683 589 2728 hoc
616 2684 739 2728 enim
767 2694 834 2728 est
858 2684 1129 2743 principium
1161 2685 1207 2729 in
1239 2685 1491 2730 intentione
1524 2685 1752 2743 diligentis
1779 2693 1876 2730 ut‘a
1902 2684 2070 2729 dilecto

109 2750 394 2804 redametur3
421 2750 477 2794 ad
502 2750 592 2794 hoc
620 2750 743 2794 enim
766 2751 1007 2810 praecipue
1040 2751 1239 2795 studium
1268 2751 1497 2809 diligentis
1530 2752 1674 2796 tendit
1701 2762 1748 2796 ut
1775 2752 1828 2796 ad
1856 2753 1924 2796 sui
1948 2765 2072 2796 amo-

110 2830 207 2862 rem
243 2815 460 2861 dilectum
501 2812 712 2871 attrahat,
749 2826 807 2871 et,
840 2818 927 2862 nisi
959 2817 1049 2861 hoc
1083 2817 1274 2872 accidat,
1307 2829 1489 2877 oportet
1529 2818 1824 2863 dilectionem
1865 2818 2067 2863 dissolvi.

110 2883 253 2942 Igitur
283 2896 337 2927 ex
362 2882 507 2941 g-ratia
541 2894 721 2942 gratum
764 2883 957 2928 faciente
999 2884 1089 2928 hoc
1130 2884 1176 2928 in
1208 2884 1398 2929 homine
1431 2886 1724 2945 consequitur
1754 2885 1877 2946 quod
1917 2886 2071 2930 Deum

109 2948 282 3008 diligat.
1850 2995 1860 3003 ,

199 3016 391 3061 Adhuc:
425 3031 586 3062 eorum
613 3031 807 3076 quorum
835 3028 902 3063 est
927 3033 1042 3062 unus
1068 3017 1183 3073 finis,
1207 3029 1391 3077 oportet
1413 3019 1614 3079 aliquam
1642 3020 1862 3065 unionem
1889 3035 2003 3075 esse,
2025 3019 2071 3064 in

111 3093 331 3142 quantum
363 3084 627 3128 ordinantur
660 3084 715 3127 ad
742 3083 904 3139 finem;
931 3085 1049 3128 unde
1077 3086 1193 3129 etin
1227 3086 1406 3130 civitate
1446 3087 1660 3131 homines
1702 3101 1781 3146 per
1822 3087 2072 3146 quamdam

112 3150 411 3194 concordiam
438 3150 706 3205 adunantur,
735 3161 781 3195 ut
806 3151 982 3210 possint
1013 3152 1231 3211 consequi
1252 3152 1526 3211 reipublicae
1552 3154 1740 3208 bonum,
1768 3164 1812 3198 et
1838 3153 2004 3198 milites
2025 3153 2071 3197 in

113 3217 211 3260 acie
227 3226 407 3274 oportet
423 3217 539 3261 uniri
556 3227 599 3262 et
616 3218 902 3263 concorditer
930 3233 1062 3277 agere
1086 3218 1140 3262 ad
1168 3219 1258 3263 hoc
1286 3220 1408 3278 quod
1435 3220 1692 3275 victoriam,
1718 3235 1834 3279 quae
1862 3230 1928 3264 est
1951 3234 2074 3264 com-

112 3282 263 3326 munis
289 3281 405 3336 finis,
437 3293 786 3342 consequantur.
813 3283 935 3329 Finis
969 3295 1119 3329 autem
1154 3285 1356 3340 ultimus,
1391 3286 1446 3330 ad
1488 3301 1625 3345 quern
1657 3287 1802 3331 homo
1844 3301 1922 3346 per
1954 3286 2075 3331 auxi-

112 3347 226 3392 lium
253 3348 432 3393 divinae
465 3349 636 3407 gratiae
666 3350 938 3409 perducitur,
966 3362 1034 3396 est
1063 3351 1179 3395 visio
1206 3353 1294 3396 Dei
1325 3367 1406 3411 per
1443 3354 1701 3407 essentiam,
1743 3367 1858 3412 quae
1891 3354 2073 3412 propria

114 3425 183 3460 est
204 3414 345 3474 ipsius
378 3415 486 3470 Dei;
513 3425 557 3460 et
588 3416 652 3461 s'ic
680 3416 771 3462 hoc
796 3416 930 3463 finale
956 3418 1128 3463 bonum
1158 3419 1525 3464 communicatur
1557 3419 1736 3464 homini
1763 3434 1787 3463 a
1819 3420 1937 3464 Deo.
1965 3418 2072 3464 Non

113 3490 263 3541 potest
286 3481 424 3540 igitur
447 3481 591 3526 homo
621 3482 676 3527 ad
707 3483 829 3528 hunc
862 3483 1000 3529 finem
1032 3485 1231 3543 perduci,
1258 3486 1346 3530 nisi
1371 3486 1550 3530 uniatur
1577 3486 1678 3531 Deo
1712 3499 1791 3544 per
1830 3484 2074 3530 conformi·

114 3557 253 3593 tatem
279 3548 540 3603 voluntatis,
568 3549 642 3608 qui
675 3560 743 3595 est
774 3551 979 3612 proprius
1006 3551 1191 3598 effectus
1228 3552 1508 3607 dilectionis3
1541 3568 1648 3598 nam
1687 3553 1942 3598 amicorum
1974 3567 2074 3613 pro-
