2332 3854
800 197 955 239 LIBER
993 197 1071 238 111.
1113 197 1233 238 CAP.
1266 194 1378 236 XXI·
1985 196 2085 253 311

130 299 218 347 Per
247 314 379 347 suam
411 310 563 347 autem
594 300 909 361 operationem
942 316 1032 346 una
1057 315 1129 347 res
1155 300 1204 346 fit
1230 313 1365 345 causa
1394 298 1588 344 alterius
1616 298 1738 358 Ergo
1763 299 1811 344 in
1833 299 1923 344 hoc
1951 300 2089 345 etiam

130 381 201 413 res
222 368 460 413 intendunt
484 367 684 412 divinam
711 368 1055 414 similitudinem
1082 378 1130 413 ut
1151 368 1241 413 sint
1262 367 1362 412 aliis
1388 379 1565 411 causae.

217 435 406 479 Adhuc:
430 449 500 480 res
526 434 765 479 intendunt
786 435 832 478 in
854 435 1053 479 divinam
1081 434 1440 488 similitudinem,
1462 433 1508 477 in
1525 442 1746 492 quantum
1773 433 1899 478 Deus
1926 443 1993 479 est
2014 435 2090 479 bo-

131 514 230 556 nus,
255 511 305 546 ut
327 515 462 561 supra
487 501 659 546 dictum
685 510 751 546 est
778 503 839 559 (c.
867 502 975 558 20.).
999 501 1065 545 Ex
1091 502 1291 546 bonitate
1320 510 1473 545 autem
1498 500 1585 544 Dei
1613 510 1680 544 est
1705 500 1827 559 quod
1856 499 1953 544 aliis
1986 514 2084 545 esse

131 566 339 628 largitur;
365 568 721 628 unumquodque
748 568 871 613 enim
890 568 983 627 agit
1004 568 1050 612 in
1069 578 1288 627 quantum
1307 578 1375 613 est
1392 577 1494 612 actu
1521 566 1785 626 perfectum.
1813 567 2086 612 Desiderant

130 634 265 693 igitur
290 635 558 695 generaliter
583 650 652 680 res
674 633 721 679 in
746 635 836 679 hoc
863 635 966 679 Deo
994 634 1233 678 assimilari
1259 645 1308 679 ut
1334 634 1421 679 sint
1446 633 1641 678 aliorum
1669 644 1847 678 causae.

216 701 447 761 Amplius:
475 702 589 747 ordo
612 702 667 746 ad
699 702 872 746 bonum
906 702 1010 745 boni
1039 702 1212 746 ratione
1246 702 1397 755 habet,
1425 710 1473 745 ut
1495 715 1548 745 ex
1576 701 1706 745 dictis
1731 699 1882 759 (ibid.)
1910 710 1977 745 est
1994 715 2087 745 ma-

129 768 354 813 nifestum.
383 769 753 828 Unumquodque
780 779 932 814 autem
955 783 1035 827 per
1051 769 1141 812 hoc
1169 769 1289 827 quod
1309 779 1376 813 est
1403 782 1538 812 causa
1567 767 1749 813 alterius
1775 769 2009 812 ordinatur
2030 768 2085 812 ad

127 834 327 889 bonum;
353 836 527 879 bonum
545 846 696 880 autem
714 835 866 880 solum
892 849 971 894 per
1003 850 1050 880 se
1074 835 1367 893 cognoscitur
1395 845 1439 879 et
1465 844 1698 889 causatur3
1732 833 1906 879 malum
1934 844 2086 879 autem

127 914 208 960 per
237 902 447 947 accidens
472 912 663 956 tantum,
690 912 739 946 ut
770 913 1005 947 ostensum
1032 913 1099 947 est
1125 903 1186 959 (c.
1219 903 1320 960 14).
1343 902 1452 947 Esse
1478 902 1616 962 igitur
1641 902 1836 947 aliorum
1863 915 2000 947 causa
2018 911 2086 946 est

128 966 313 1012 bonum.
342 969 604 1013 Secundum
632 980 784 1014 autem
811 970 1045 1029 quodlibet
1069 970 1242 1013 bonum
1277 970 1332 1013 ad
1359 969 1481 1029 quod
1514 969 1671 1024 tendit,
1700 969 1867 1028 aliquid
1893 969 2086 1015 intendit

48 1077 55 1085 ,
125 1033 328 1080 divinam
344 1035 702 1091 similitudinem,
730 1051 870 1096 quum
897 1036 1129 1096 quodlibet
1153 1037 1327 1080 bonum
1355 1046 1558 1081 creatum
1579 1036 1637 1080 sit
1659 1050 1712 1081 ex
1738 1035 2084 1095 participatione

125 1101 303 1147 divinae
328 1103 556 1148 bonitatis.
580 1104 823 1148 Intendunt
847 1104 984 1163 igitur
999 1118 1070 1148 res
1093 1103 1290 1147 divinam
1312 1102 1657 1148 similitudinem
1676 1103 1723 1146 in
1740 1103 1830 1147 hoc
1858 1101 1980 1161 quod
1998 1102 2087 1147 sint

126 1167 321 1214 aliorum
349 1184 526 1214 causae.

102 1252 104 1254 ·
176 1264 178 1266 -
212 1235 353 1291 Item;
375 1237 579 1295 ejusdem
606 1237 794 1282 rationis
821 1247 887 1282 est
914 1238 1036 1297 quod
1059 1236 1245 1297 effectus
1267 1236 1422 1281 tendat
1448 1237 1495 1280 in
1521 1236 1866 1281 similitudinem
1893 1237 2083 1295 agentis,

125 1306 172 1348 et
190 1302 312 1362 quod
338 1317 478 1362 agens
496 1304 716 1349 assimilet
740 1304 825 1348 sibi
852 1303 1078 1349 effectum.
1099 1303 1268 1348 Tendit
1292 1304 1429 1363 igitur
1452 1302 1638 1348 effectus
1660 1303 1705 1347 in
1728 1302 1866 1347 finem
1884 1303 1930 1346 in
1948 1316 2085 1362 quem

123 1369 329 1429 dirigitur
354 1370 407 1414 ab
435 1381 612 1429 agente.
642 1373 798 1430 Agens
820 1381 973 1415 autem
999 1371 1193 1415 intendit
1214 1370 1299 1414 sibi
1326 1370 1577 1414 assimilare
1603 1370 1791 1428 patiens,
1814 1382 1908 1414 non
1931 1368 2082 1413 solum

123 1446 344 1496 quantum
371 1438 427 1481 ad
454 1452 551 1482 esse
576 1438 731 1497 ipsius,
758 1439 836 1483 sed
865 1439 1001 1482 etiam
1029 1447 1250 1497 quantum
1273 1437 1329 1481 ad
1357 1437 1692 1492 causalitatem3
1725 1438 1842 1481 sicut
1873 1437 1996 1482 enim
2029 1437 2083 1481 ab

123 1513 287 1562 agente
314 1503 605 1549 conferuntur
627 1505 809 1550 effectui
829 1505 1023 1549 naturali
1039 1505 1261 1564 principia
1287 1518 1366 1563 per
1393 1518 1508 1563 quae
1535 1505 1748 1558 subsistit,
1773 1504 1846 1548 ita'
1862 1503 2084 1563 principia

123 1583 203 1628 per
227 1585 343 1629 quae
368 1570 562 1615 aliorum
588 1572 645 1616 sit
671 1586 830 1627 causa;
858 1572 972 1616 sicut
999 1572 1122 1616 enim
1149 1570 1334 1625 animal,
1358 1571 1467 1614 dum
1495 1581 1750 1629 generatur,
1775 1571 1941 1630 accipit
1962 1585 1988 1615 a
2011 1584 2086 1629 ge-

122 1646 309 1682 nerante
334 1639 547 1682 virtutem
572 1639 849 1692 nutritivam,
876 1641 938 1683 ita
964 1638 1102 1682 etiam
1128 1638 1343 1682 virtutem
1371 1638 1695 1696 generativam.
1721 1637 1922 1682 Effectus
1947 1638 2084 1696 igitur

121 1704 265 1749 tendit
277 1705 325 1748 in
344 1704 687 1749 similitudinem
716 1707 905 1764 agentis,
932 1715 980 1749 ut
1006 1715 1243 1748 ostensum
1270 1714 1350 1759 est,
1377 1718 1471 1748 non
1498 1703 1651 1748 solum
1674 1713 1895 1763 quantum
1914 1704 1969 1747 ad
1989 1717 2084 1763 spe-

0 1767 69 1839 Ὗῑῗ.
124 1771 243 1816 ciem
268 1771 422 1830 ipsius,
454 1771 533 1815 sed
566 1772 703 1816 etiam
730 1781 950 1830 quantum
975 1771 1030 1815 ad
1057 1771 1147 1815 hoc
1181 1771 1303 1829 quod
1331 1771 1387 1815 sit
1413 1770 1607 1815 aliorum
1641 1785 1790 1815 causa.
1827 1771 1902 1815 Sic
1930 1780 2082 1814 autem

122 1838 315 1884 tendunt
343 1852 416 1884 res
441 1839 488 1882 in
514 1838 858 1883 similitudinem
884 1838 973 1882 Dei
998 1839 1116 1882 sicut
1142 1837 1328 1882 effectus
1355 1837 1400 1881 in
1429 1837 1774 1882 similitudinem
1803 1838 1991 1897 agentis.
2015 1838 2085 1881 In-

121 1905 312 1950 tendunt
335 1905 472 1964 igitur
495 1919 573 1960 res
585 1905 849 1949 naturaliter
871 1905 1111 1949 assimilari
1134 1905 1237 1948 Deo
1254 1905 1299 1948 in
1316 1904 1407 1948 hoc
1425 1905 1548 1963 quod
1567 1914 1671 1949 sunt
1693 1919 1855 1949 causae
1874 1904 2084 1949 aliorum.

212 1972 474 2017 Praeterea:
506 1982 614 2016 tunc
642 1973 841 2016 maxime
874 1971 1125 2030 perfectum
1153 1981 1220 2015 est
1245 1971 1606 2030 unumquodque
1640 1973 1822 2030 quando
1849 1982 1999 2031 potest
2025 1971 2084 2015 al-

123 2049 274 2084 terum
292 2040 377 2084 sibi
401 2039 550 2084 simile
573 2039 742 2094 facere3
765 2038 877 2083 illud
895 2039 1015 2083 enim
1034 2037 1231 2097 perfecte
1250 2038 1372 2082 lucet
1388 2038 1509 2097 quod
1538 2038 1625 2082 alia
1642 2038 1899 2083 illuminare
1920 2048 2083 2098 potest.

124 2106 496 2166 Unumquodque
522 2117 675 2151 autem
700 2106 890 2151 tendens
916 2107 963 2150 in
991 2118 1120 2150 suam
1143 2104 1471 2165 perfectionem
1493 2105 1636 2149 tendit
1661 2105 1706 2148 in
1735 2106 1936 2149 divinam
1963 2105 2083 2150 simi-

124 2172 375 2218 litudinem.
392 2173 480 2218 Per
501 2173 750 2232 hocigitur
770 2173 1129 2232 unumquodque
1146 2173 1289 2216 tendit
1304 2172 1350 2216 in
1368 2173 1570 2216 divinam
1597 2172 1940 2217 similitudinem
1959 2172 2082 2232 quod

121 2239 313 2285 intendit
346 2240 539 2284 aliorum
565 2254 703 2284 causa
729 2254 842 2285 esse.
872 2240 996 2293 Quia
1021 2253 1130 2283 vero
1155 2253 1306 2294 causa,
1332 2239 1379 2283 in
1406 2248 1626 2298 quantum
1652 2239 1930 2298 hujusmodi,
1957 2254 2086 2299 supe-

121 2305 216 2351 rior
240 2317 308 2351 est
332 2317 532 2361 causato,
559 2306 852 2351 manifestum
878 2317 946 2351 est
970 2307 1092 2366 quod
1120 2306 1303 2350 tendere
1330 2306 1375 2350 in
1403 2306 1604 2350 divinam
1626 2306 1984 2363 similitudinem,
2004 2320 2085 2365 per

75 2398 80 2403 ·
122 2365 245 2419 hunc
270 2373 463 2418 modum
489 2384 537 2418 ut
562 2375 619 2418 sit
644 2374 840 2418 aliorum
867 2388 1018 2429 causa,
1045 2383 1112 2417 est
1137 2373 1342 2432 superior
1364 2372 1582 2432 perfectio
1608 2373 1654 2417 in
1682 2374 1872 2418 entibus.

155 2464 157 2467 .
210 2440 350 2485 Item:
376 2441 499 2500 prius
525 2451 592 2486 est
619 2440 976 2500 unumquodque
1003 2440 1050 2483 in
1076 2454 1125 2484 se
1151 2439 1402 2499 perfectum
1430 2448 1567 2499 quam
1591 2440 1733 2499 possit
1760 2440 1954 2485 alterum
1981 2454 2084 2485 cau-

122 2521 238 2563 sare,
263 2518 313 2553 ut
337 2508 508 2553 dictum
535 2518 615 2553 est.
642 2509 769 2552 Haec
795 2508 933 2567 igitur
948 2506 1166 2567 perfectio
1193 2507 1356 2551 ultimo
1377 2507 1543 2551 accidit
1566 2507 1633 2551 rei
1658 2517 1706 2551 ut
1733 2507 1927 2552 aliorum
1946 2516 2083 2552 causa

14 2573 22 2621 ζ
44 2570 46 2572 ’
122 2575 319 2621 exsistat.
352 2575 512 2628 Quum
536 2576 673 2634 igitur
693 2590 774 2634 per
798 2574 944 2619 multa
967 2574 1125 2619 tendat
1144 2588 1214 2618 res
1244 2584 1396 2618 creata
1420 2574 1466 2618 in
1493 2574 1693 2618 divinam
1723 2574 2082 2629 similitudinem,

122 2642 214 2688 hoc
244 2642 456 2687 ultimum
488 2643 531 2687 ei
561 2652 700 2687 restat
730 2651 778 2686 ut
811 2641 1013 2686 divinam
1043 2640 1387 2685 similitudinem
1420 2651 1606 2700 quaerat
1637 2655 1716 2700 per
1747 2641 1839 2686 hoc
1866 2642 1989 2701 quod
2027 2642 2084 2685 sit

122 2708 318 2753 aliorum
349 2723 500 2753 causa.
533 2708 667 2753 Unde
698 2708 950 2767 Dionysius
977 2707 1084 2751 dicit
1111 2707 1209 2766 (ΙΙΙ.
1245 2721 1341 2766 cap.
1371 2707 1573 2751 Coelest.
1600 2707 1752 2764 hier.),
1779 2708 1901 2766 quod
1938 2724 1962 2749 «
1988 2722 2085 2752 om-

122 2775 252 2819 nium
275 2774 469 2820 divinius
492 2785 559 2819 est
582 2775 672 2819 Dei
699 2784 1049 2834 cooperatorem
1069 2773 1168 2818 fieri
1194 2789 1245 2828 »3
1273 2773 1526 2818 secundum
1553 2774 1675 2833 quod
1698 2773 1949 2834 Apostolus
1976 2774 2084 2819 dicit

124 2841 181 2899 (1.
206 2840 318 2886 Cor.
344 2841 427 2908 111.
451 2841 540 2901 9.):
569 2842 651 2887 Dei
682 2841 894 2900 adjutores
917 2855 1069 2886 sumus.

867 2987 1121 3045 CAPUT
1155 2987 1339 3043 XXII.

273 3124 556 3172 QUOMODO
586 3124 681 3163 RES
714 3123 1088 3163 DIVERSIMODE
1117 3124 1173 3164 IN
1207 3121 1520 3163 SUOS'FINES
1550 3121 1928 3162 ORDINANTUR.

211 3242 277 3287 Ex
311 3242 571 3301 praemissis
607 3252 760 3287 autem
801 3241 1093 3287 manifestum
1130 3255 1227 3286 esse
1266 3250 1415 3300 potest
1451 3241 1574 3300 quod
1611 3240 1824 3284 ultimum
1851 3253 1932 3298 per
1957 3238 2079 3298 quod

123 3323 422 3368 unaquaeque
449 3323 519 3353 res
546 3309 777 3353 ordinatur
803 3309 857 3353 ad
884 3309 1023 3354 finem
1046 3318 1114 3354 est
1149 3309 1244 3367 ejus
1266 3309 1486 3366 operatio,
1513 3306 1817 3352 diversimode
1843 3315 1999 3350 tamen
2016 3319 2082 3350 se-

18 3365 22 3369 *
45 3365 48 3407 J
123 3376 322 3421 cundum
349 3376 654 3421 diversitatem
681 3376 970 3436 operationis.

59 3503 62 3506 .
211 3442 332 3488 Nam
359 3443 583 3502 quaedam
606 3442 811 3502 operatio
843 3453 910 3488 est
934 3443 999 3487 rei
1024 3453 1073 3488 ut
1100 3442 1220 3486 aliud
1247 3441 1491 3495 moventis,
1518 3441 1636 3485 sicut
1661 3439 1912 3484 calefacere
1940 3449 1984 3485 et
2010 3453 2079 3485 se-

125 3521 242 3554 care.
270 3508 514 3562 Quaedam
539 3523 650 3554 vero
667 3519 736 3554 est
751 3509 956 3569 operatio
973 3510 1038 3554 rei
1056 3519 1104 3554 ut
1123 3511 1176 3553 ab
1196 3509 1286 3553 alio
1313 3517 1481 3562 motae,
1500 3510 1615 3552 sicut
1641 3507 1837 3551 calefieri
1856 3517 1901 3552 et
1922 3508 2078 3552 secari.

126 3573 369 3629 Quaedam
389 3588 498 3622 vero
516 3575 722 3635 operatio
744 3585 813 3622 est
833 3575 1048 3636 perfectio
1067 3575 1295 3636 operantis
1313 3584 1416 3621 actu
1439 3574 1706 3629 exsistentis,
1723 3573 1768 3619 in
1792 3573 1913 3619 aliud
1939 3583 2080 3619 trans-
