2332 3854
804 242 956 282 LIBER
998 242 1074 280 111.
1117 241 1235 280 CAP.
1278 241 1421 280 CLIX.
1981 238 2081 292 533

138 349 260 412 quod
291 362 371 409 per
402 347 595 407 gratiam
621 359 647 389 a
677 354 865 407 peccato
892 355 1110 404 resurgat.
1136 343 1385 389 Voluntate
1411 353 1564 387 autem
1590 341 1735 385 homo
1759 353 1789 390 a
1806 350 1996 399 peccato
2020 354 2086 384 re·

58 436 61 438 ·
137 414 258 474 cedit
274 415 382 460 dum
415 424 462 459 et
484 412 542 459 de
556 411 805 474 ,praeterito
833 411 1047 470 poenitet,
1074 420 1118 456 et
1142 409 1343 455 futurum
1365 409 1506 454 vitare
1523 408 1748 467 proponit.
1766 406 2087 451 Necessarium

138 491 206 541 est
235 482 372 541 igitur
404 479 527 540 quod
556 479 701 524 horno
735 492 760 521 a
792 487 983 536 peccato
1015 491 1254 537 resurgens
1281 487 1326 522 et
1357 475 1413 521 de
1444 485 1636 536 peccato
1669 472 1910 533 praeterito
1937 471 2089 531 poeni-

128 557 244 603 ·teat,
268 558 315 592 et
343 546 492 591 futura
516 545 657 590 vitare
689 554 925 605 proponat.
960 542 1010 588 Si
1051 546 1173 588 enirn
1199 542 1344 589 homo
1376 556 1471 588 non
1504 550 1782 601 proponeret
1813 538 2028 585 desistere
2062 553 2088 583 a

124 611 341 679 ,peccatm
383 628 478 659 non
520 622 638 658 esset
676 621 916 671 peccatum
958 611 1211 654 secundum
1243 624 1290 655 se
1323 609 1601 654 contrarium
1632 605 1878 660 voluntati;
1910 607 1949 651 si
1979 620 2087 650 vero

131 679 273 738 ,vellet
295 681 509 729 desistere
528 694 553 723 a
570 688 776 738 peccato,
792 691 885 722 non
907 686 1061 720 tamen
1084 675 1261 721 doleret
1282 676 1337 721 de
1360 686 1549 734 peccato
1573 673 1830 733 praeterito,
1851 687 1945 718 non
1970 682 2088 717 esset

129 738 248 794 ‘iilud
276 747 399 792 idem
423 757 662 807 peccatum
689 745 809 804 quod
835 743 943 788 fecit
974 744 1252 788 contrarium
1279 743 1517 788 voluntati.
1544 742 1623 787 Est
1649 752 1800 787 autem
1835 742 2088 786 contrarius

135 825 287 860 motus
319 827 409 873 quo
442 813 495 856 ab
531 811 683 871 aliquo
717 810 941 856 receditur
984 809 1130 854 motui
1163 824 1253 869 quo
1289 815 1346 854 ad
1376 809 1486 854 illud
1518 809 1792 867 pervenitur,
1823 808 1941 853 sicut
1971 804 2090 852 deal·

131 880 254 925 batio
281 879 601 924 contraria.est
626 875 944 937 denigrationi.
969 875 1101 921 Unde
1135 887 1317 935 oportet
1349 876 1473 936 quod
1499 891 1580 934 per
1611 875 1842 920 contraria
1872 872 2086 919 voluntas

132 946 366 1010 recedata
396 955 584 1006 peccato
617 944 687 989 his
719 958 798 1003 per
830 957 946 1002 quae
978 943 1024 986 in
1057 954 1295 1002 peccatum
1327 943 1545 987 inclinata
1575 940 1671 987 fuit.
1705 941 1807 986 Fuit
1839 950 1993 985 autem
2025 939 2089 984 in-

57 1045 61 1052 ·
133 1010 299 1061 clinata
323 1012 370 1057 in
402 1022 642 1071 peccatum
677 1025 756 1070 per
791 1010 1041 1069 appetitum
1084 1020 1128 1054 et
1168 1010 1521 1054 delectationem
1565 1009 1684 1053 circa
1726 1023 1797 1054 res
1837 1007 2087 1053 inferiores.

134 1079 332 1141 Oportet
360 1079 497 1138 igitur
528 1078 651 1138 quod
674 1092 700 1121 a
722 1088 911 1137 peccato
941 1077 1122 1121 recedat
1148 1091 1227 1135 per
1254 1076 1405 1136 aliqua
1432 1076 1658 1136 poenalia,
1685 1076 1847 1136 quibus
1865 1073 2089 1134 affligatur

128 1157 316 1207 propter
345 1146 435 1193 hoc
470 1145 592 1205 quod
626 1144 855 1204 peccavit:
906 1144 1022 1188 sicut
1064 1143 1186 1188 enim
1218 1158 1297 1203 per
1338 1143 1691 1188 delectationem
1724 1152 1867 1187 tracta
1899 1139 1982 1186 fuit
2013 1154 2091 1185 vo-

127 1204 281 1259 luntas
314 1212 372 1258 ad
402 1226 678 1259 consensum
710 1210 900 1271 peccati,
934 1210 998 1255 sic
1031 1224 1109 1268 per
1142 1224 1312 1270 poenas
1340 1208 1635 1255 confirmatur
1666 1210 1712 1253 in
1745 1207 2085 1254 abominatione

132 1280 322 1341 peccati.

175 1391 178 1392 ⁷
220 1346 359 1393 Item:
392 1345 599 1392 videmus
632 1344 754 1404 quod
788 1343 927 1389 etiam
957 1343 1088 1388 bruta
1132 1342 1347 1388 animalia
1380 1358 1405 1388 a
1438 1343 1648 1389 maximis
1685 1341 1992 1402 voluptatibus
2025 1354 2089 1385 re-

130 1412 369 1461 trahuntur
393 1427 473 1472 per
494 1411 676 1457 dolores
698 1411 953 1456 verberum.
984 1410 1182 1469 Oportet
1199 1420 1353 1456 autem
1381 1425 1485 1455 eum
1509 1409 1658 1470 quide
1682 1419 1874 1469 peccato
1898 1407 2091 1467 resurgit

121 1477 229 1527 'non
256 1478 409 1526 solum
439 1477 653 1524 detestari
684 1488 926 1537 peccatum
967 1477 1274 1537 praeteritum,
1316 1477 1396 1522 sed
1429 1479 1568 1522 etiam
1594 1478 1736 1521 vitare
1761 1474 1976 1521 futurum.
2008 1471 2090 1520 Est

130 1545 267 1607 igitur
293 1545 571 1592 conveniens
593 1554 642 1589 ut
668 1542 894 1604 affligatur
915 1558 997 1603 pro
1020 1554 1227 1604 peccato,
1255 1554 1303 1588 ut
1328 1544 1392 1589 sic
1421 1543 1569 1602 magis
1597 1542 1892 1588 confirmetur
1917 1542 1964 1587 in
1986 1556 2088 1601 pro-

131 1613 281 1674 posito
306 1612 480 1659 vitandi
504 1621 706 1672 peccata.

219 1677 482 1727 Praeterea:
515 1693 568 1723 ea
601 1691 717 1737 quae
744 1690 850 1722 cum
875 1677 1031 1722 labore
1058 1687 1103 1722 et
1134 1692 1283 1737 poena
1317 1678 1594 1737 acquirimus
1622 1678 1768 1737 magis
1803 1691 2012 1722 amamus
2043 1687 2087 1721 et

132 1744 394 1806 diligentius
420 1759 767 1798 conservamus;
801 1744 920 1788 unde
942 1743 1008 1788 illi
1041 1744 1118 1803 qui
1149 1759 1229 1804 per
1259 1745 1494 1804 proprium
1522 1744 1727 1793 laborem
1755 1744 1994 1804 acquirunt
2019 1758 2092 1804 pe·

133 1813 304 1868 eunias,
330 1811 480 1856 minus
508 1825 584 1855 eas
611 1809 892 1870 exspendunt
923 1825 1061 1870 quarn
1095 1811 1172 1869 qui
1198 1812 1293 1855 sine
1326 1810 1482 1855 labore
1510 1811 1751 1870 accipiunt,
1778 1810 1853 1855 vel
1878 1825 1903 1854 a
1931 1825 2088 1870 paren-

130 1880 264 1935 tibus,
302 1878 376 1924 vel
411 1892 701 1938 quocumque
735 1877 825 1921 alio
868 1878 1022 1922 modo.
1054 1877 1156 1927 ,Sed
1197 1878 1376 1921 homini
1408 1878 1663 1936 resurgenti
1703 1893 1729 1921 a
1770 1888 1960 1936 peccato
1997 1877 2088 1921 hoc

132 1946 330 1991 maxime
359 1944 668 1990 necessarium
703 1954 784 1999 est,
819 1953 865 1988 ut
890 1954 1061 1989 statum
1093 1945 1264 2002 gratiae
1289 1955 1333 1989 et
1357 1945 1445 1989 Dei
1473 1958 1680 1988 amorem
1712 1943 1953 2003 diligenter
1986 1958 2092 1988 con-

131 2023 292 2071 servet,
325 2027 462 2072 quern
493 2010 775 2070 negligenter
807 2025 885 2070 per
917 2021 1160 2070 peccatum
1193 2011 1357 2056 amisit.
1389 2011 1469 2056 Est
1500 2026 1610 2070 ergo
1646 2011 1923 2056 conveniens
1956 2022 2005 2055 ut
2030 2010 2090 2055 la-

133 2080 302 2130 borem,
318 2089 362 2130 et
387 2092 586 2138 poenam
611 2078 831 2122 sustineat
855 2092 937 2136 pro
963 2078 1163 2137 peccatis
1192 2079 1465 2122 commissis.

221 2146 413 2192 Adbuc:
446 2145 560 2190 ordo
593 2144 789 2204 justitiae
820 2144 912 2188 hoc
945 2144 1146 2204 requirit,
1172 2155 1221 2189 ut
1251 2155 1440 2204 peccato
1474 2158 1622 2204 poena
1644 2144 1869 2189 reddatur.
1894 2143 1961 2188 Ex
1992 2145 2084 2189 hoc

138 2222 290 2258 autem
317 2211 439 2272 quod
467 2211 579 2256 ordo
598 2222 801 2255 servatur
825 2211 872 2254 in
898 2211 1044 2264 rebus,
1067 2211 1314 2270 sapientiae
1336 2212 1424 2256 Dei
1446 2212 1736 2271 gubernantis
1759 2221 1955 2270 apparet.
1978 2212 2081 2256 Per·

132 2279 246 2325 tinet
274 2279 412 2338 igitur
438 2278 496 2323 ad
509 2275 937 2322 'manifestationem
968 2277 1151 2322 divinae
1182 2278 1397 2322 bonitatis
1424 2288 1469 2322 et
1500 2278 1589 2323 Dei
1621 2278 1819 2336 gloriam
1845 2278 1968 2337 quod
2001 2292 2081 2338 pro

159 2355 500 2406 fecatopoena
532 2344 757 2388 reddatur.
786 2344 876 2388 Sed
908 2354 1124 2403 peccator
1155 2345 1405 2405 peccando,
1439 2355 1598 2388 contra
1630 2344 1837 2389 ordinem
1870 2344 2084 2389 divinitus

127 2405 388 2458 institutum
419 2410 542 2466 facit,
581 2410 707 2470 leges
734 2411 822 2455 Dei
849 2411 1293 2470 praetergrediendo.
1328 2411 1407 2455 Est
1438 2411 1575 2471 igitur
1611 2412 1890 2456 conveniens
1917 2421 1965 2455 ut
1990 2412 2080 2456 hoc

132 2487 453 2539 recompenset
476 2478 523 2522 in
550 2478 699 2538 seipso
726 2478 958 2537 puniendo
1000 2479 1123 2538 quod
1162 2478 1283 2539 prius
1315 2488 1607 2538 peccaverat;
1640 2478 1704 2522 sic
1738 2478 1861 2523 enim
1887 2478 2089 2523 totaliter

133 2551 255 2590 extra
282 2544 666 2590 inordinationem
699 2543 1010 2590 constituetur.

219 2608 309 2657 Per
326 2610 417 2656 hoc
451 2625 561 2670 ergo
588 2619 710 2670 patet
734 2611 857 2671 quod
883 2622 1125 2671 postquam
1151 2611 1296 2656 homo
1329 2626 1409 2670 per
1429 2611 1621 2670 gratiam
1646 2611 1964 2656 remissionem
1987 2625 2093 2671 pec-

133 2679 223 2725 cati
248 2683 519 2724 consecutus
545 2688 626 2734 est,
653 2687 697 2723 et
724 2679 780 2723 ad
803 2688 971 2723 statum
996 2679 1168 2738 gratiae
1191 2680 1416 2733 reductus,
1443 2689 1648 2724 remanet
1674 2678 1899 2738 obligatus
1921 2693 1976 2723 ex
2000 2679 2091 2724 Dei

132 2745 300 2805 justitia
328 2745 383 2790 ad
410 2744 612 2804 aliquam
638 2759 834 2804 poenam
861 2760 943 2804 pro
976 2756 1167 2804 peccato
1195 2747 1458 2790 commisso.
1489 2745 1646 2797 Quam
1672 2745 1857 2804 quidem
1889 2759 2088 2804 poenam

133 2813 174 2858 si
205 2813 387 2872 propria
412 2811 645 2856 voluntate
673 2826 698 2855 a
732 2826 779 2856 se
807 2812 1018 2871 exegerit,
1044 2826 1123 2871 per
1153 2812 1243 2856 hoc
1267 2812 1369 2856 Deo
1393 2812 1651 2856 satisfacere
1679 2812 1854 2866 dicitur,
1880 2812 1926 2855 in
1949 2826 2088 2872 quan-

134 2890 232 2924 tum
259 2892 365 2923 cum
396 2876 552 2922 labore
579 2887 624 2922 et
649 2891 797 2938 poena
825 2879 1030 2923 ordinem
1065 2878 1276 2923 divinitus
1303 2878 1558 2923 institutum
1585 2878 1855 2937 exsequitur,
1882 2891 1964 2938 pro
1990 2893 2090 2938 pec-

135 2954 238 2991 cato
263 2959 311 2990 se
337 2944 583 3005 puniendo,
601 2958 738 3003 quem
764 2944 999 3004 peccando
1024 2954 1330 3004 transgressus
1357 2944 1516 2999 fuerat,
1544 2945 1775 3004 propriam
1801 2944 2087 2991 voluntatem

134 3011 382 3072 sequendo,
414 3011 463 3055 Si
495 3020 645 3055 autem
681 3025 706 3055 a
732 3025 780 3056 se
813 3011 931 3055 hanc
959 3026 1158 3070 poenam
1184 3026 1278 3056 non
1301 3011 1465 3071 exigat,
1498 3026 1639 3071 quum
1667 3023 1720 3055 ea
1753 3025 1868 3075 quae
1902 3012 2084 3057 divinae

134 3077 444 3138 providentiae
462 3076 696 3137 subjacent
712 3078 968 3122 inordinata
986 3093 1221 3123 remanere
1239 3092 1332 3123 non
1354 3078 1541 3139 possint,
1558 3077 1671 3122 haec
1691 3090 1839 3137 poena
1857 3077 2091 3138 infligetur

135 3144 177 3190 ei
203 3144 374 3200 aDeo3
399 3158 483 3189 nec
509 3144 611 3188 talis
637 3157 785 3204 poena
812 3144 1109 3190 satisfactoria
1137 3145 1324 3199 dicetur,
1349 3159 1490 3204 quum
1516 3159 1610 3189 non
1634 3144 1768 3189 fuerit
1789 3158 1843 3188 ex
1867 3144 2090 3190 electione

134 3210 360 3271 patientis,
385 3211 463 3256 sed
496 3211 668 3255 dicetur
700 3213 976 3272 purgatoria,
1003 3213 1108 3272 quia
1142 3211 1231 3257 alio
1265 3213 1479 3272 puniente
1506 3214 1634 3272 quasi
1667 3212 1944 3272 purgabitur,
1969 3209 2089 3258 'dum

135 3276 350 3339 quidquid
384 3277 694 3322 inordinatum
727 3276 809 3322 fuit
846 3279 892 3323 in
929 3293 984 3324 eo
1019 3280 1074 3323 ad
1107 3278 1308 3324 debitum
1341 3279 1549 3324 ordinem
1589 3279 1841 3324 reducetur.
1870 3279 1988 3324 Hinc
2022 3289 2090 3324 est

136 3342 258 3403 quod
287 3342 538 3404 Apostolus
569 3344 678 3390 dicit
709 3344 764 3404 (I.
793 3343 1002 3391 Corinth.
1030 3346 1107 3390 XI.
1138 3347 1252 3404 31.):
1277 3346 1324 3392 Si
1356 3348 1613 3405 nosmetipsos
1639 3345 1976 3404 dijudicaremus,
2003 3361 2087 3391 non

134 3412 273 3470 utique
290 3411 598 3470 judicaremur.
617 3412 735 3456 Dum
747 3412 991 3470 judicamur
1017 3419 1165 3466 autem,
1189 3428 1215 3457 a
1230 3414 1418 3458 Domino
1445 3413 1718 3472 corripimur,
1738 3419 1881 3457 utnon
1904 3428 1997 3458 cum
2015 3412 2089 3458 hoc

134 3476 287 3534 mundo
314 3477 575 3523 damnemur.
1629 3479 1634 3489 ¹

138 3547 141 3553 '
203 3542 621 3589 'Considerandum
646 3554 801 3590 tamen
828 3545 965 3606 quod,
991 3561 1132 3607 quum
1159 3539 1287 3591 mens
1310 3560 1336 3591 a
1361 3555 1552 3606 peccato
1581 3545 1810 3601 avertitur,
1836 3554 1932 3590 tam
1955 3545 2090 3591 vehe-

137 3612 265 3655 mens
290 3611 441 3671 potest
464 3625 563 3656 esse
589 3612 766 3673 peccati
791 3610 1072 3672 displicentia
1100 3623 1145 3659 et
1169 3613 1375 3682 inhaesio
1404 3610 1567 3658 mentis
1593 3612 1648 3657 ad
1674 3611 1825 3657 Deum
1849 3611 1972 3672 quod
1993 3624 2086 3656 non
