2332 3854
0 1949 14 1994 νέξ*
0 1715 19 1911 erg-'gW-,J-
0 1614 15 1691 '75³¹-
6 1583 8 1586 ,
3 1552 6 1555 .
0 1523 2 1525 ν
0 1454 11 1488 ἐτη

772 249 928 288 LIBER
967 249 1043 288 111.
1085 249 1204 289 cAP.
1246 247 1394 287 xxxt.
1744 295 1747 298 ,
1946 248 2049 302 329

98 351 259 411 aliquis
285 365 338 396 ex
362 350 454 396 hoc
478 349 601 409 quod
627 360 779 410 potest
803 350 927 394 mala
951 350 1116 396 facere.
1151 350 1397 395 Summum
1419 349 1555 408 igitur
1586 348 1758 396 bonum
1785 362 1880 392 non
1908 348 2053 393 consi·

99 418 175 466 stit
196 420 240 463 in
267 418 363 462 hoc.
383 416 505 477 quod
532 426 600 461 est
625 430 723 461 esse
750 426 999 475 potentem.

186 485 375 530 Adhuc:
402 486 553 530 omnis
578 484 781 542 potentia
808 484 863 527 ad
897 484 1088 529 alterum
1117 495 1195 530 est.
1226 484 1470 529 Summum
1494 492 1646 527 autem
1667 481 1841 526 bonum
1868 496 1962 526 non
1986 491 2054 526 est

98 551 153 597 ad
180 551 387 596 alterum.
415 551 521 595 Non
547 561 615 595 est
637 550 775 609 igitur
800 553 1002 609 potentia
1029 565 1260 595 summum
1286 550 1488 595 hominis
1513 549 1701 593 bonum.

186 618 421 676 Amplius:
450 616 560 661 illud
587 631 678 675 quo
705 617 804 675 quis
831 626 980 675 potest
1007 628 1051 661 et
1076 618 1191 662 bene
1218 628 1262 662 et
1284 617 1405 661 male
1432 616 1511 669 uti,
1527 630 1621 660 non
1644 623 1793 674 potest
1815 628 1913 659 esse
1937 628 2057 659 sum-

97 698 226 729 mum
250 684 452 728 hominis
478 683 676 737 bonum;
703 682 866 728 melius
893 683 1014 727 enim
1044 694 1111 728 est
1133 698 1224 743 quo
1251 684 1401 728 nullus
1424 682 1544 727 male
1567 682 1632 726 uti
1652 691 1817 741 potest.
1840 681 2052 726 Potentia

97 760 250 797 autem
278 750 440 809 aliquis
463 750 579 794 bene
602 759 647 795 et
673 749 792 794 male
813 750 878 793 uti
894 760 1065 808 potest;
1092 764 1199 794 nam
1222 759 1468 809 potestates
1489 748 1734 794 rationales
1761 749 1817 793 ad
1843 747 2054 807 opposita

96 826 211 862 sunt.
238 816 345 861 Non
372 825 438 861 est
463 816 600 875 igitur
625 826 824 875 potestas
849 817 1052 861 humana
1079 831 1311 861 summum
1344 817 1545 861 hominis
1571 817 1759 861 bonum.

182 883 447 928 Praeterea:
475 883 511 928 si
554 882 704 941 aliqua
738 893 937 942 potestas
976 893 1043 927 est
1068 898 1300 928 summum
1342 884 1530 937 bonum,
1572 892 1755 942 oportet
1787 881 1914 927 illam
1947 895 2046 933 esse

95 949 485 1010 perfectissimam.
513 949 720 994 Potestas
740 959 892 994 autem
909 950 1111 994 humana
1138 961 1203 994 est
1229 949 1647 1010 imperfectissima;
1674 949 1900 994 radicatur
1926 948 2051 994 enim

94 1017 141 1062 in
166 1016 407 1061 hominum
432 1016 738 1061 voluntatibus
765 1026 808 1061 et
831 1017 1137 1076 opinionibus,
1163 1018 1209 1061 in
1231 1018 1391 1077 quibus
1410 1027 1476 1062 est
1498 1018 1698 1061 maxima
1719 1016 2051 1061 inconstantia:

42 1087 48 1095 '
96 1092 140 1128 et
163 1092 333 1143 quanto
360 1083 508 1140 magis
534 1093 765 1142 reputatur
791 1093 1004 1142 potestas,
1031 1094 1157 1127 tanto
1186 1099 1211 1127 a
1245 1083 1444 1142 pluribus
1478 1083 1725 1142 dependet;
1754 1082 1875 1142 quod
1909 1082 2048 1126 etiam

96 1150 152 1196 ad
178 1152 273 1209 ejus
301 1150 580 1195 debilitatem
607 1151 813 1209 pertinet,
841 1165 982 1209 quum
1010 1151 1131 1208 quod
1160 1164 1184 1194 a
1211 1150 1365 1194 multis
1392 1150 1615 1210 dependet
1646 1150 1815 1194 destrui
1840 1148 2056 1208 multipli-

95 1217 207 1263 citer
232 1217 385 1277 possit.
412 1217 519 1261 Non
547 1227 614 1262 est
639 1217 774 1276 igitur
801 1217 847 1261 in
879 1227 1103 1276 potestate
1139 1217 1340 1261 humana
1374 1231 1608 1261 summum
1634 1216 2051 1263 hominisbonum.

182 1283 391 1329 Felicitas
418 1284 553 1343 igitur
578 1284 780 1328 hominis
806 1283 853 1326 in
886 1283 1012 1327 nullo
1049 1283 1173 1327 bono
1208 1284 1419 1327 exteriori
1457 1283 1676 1340 consistit,
1716 1297 1857 1342 quum
1890 1283 2048 1326 omnia

96 1350 320 1396 exteriora
340 1351 477 1405 bona,
503 1364 620 1410 quae
647 1351 856 1395 dicuntur
888 1351 1009 1395 bona
1034 1349 1259 1405 fortunae,
1281 1350 1362 1395 sub
1390 1350 1632 1409 praedictis
1661 1350 1994 1394 contineantur.

809 1570 1063 1627 CAPUT
1105 1571 1343 1631 XXXII.

279 1715 439 1762 QUOD
481 1715 763 1753 FBLICITAS
804 1715 920 1754 NON
961 1715 1253 1753 CONSISTIT
1294 1715 1350 1753 IN
1390 1714 1550 1754 BONIS
1593 1714 1876 1753 CORPORIS.

764 1825 885 1883 (I-II.
912 1831 1063 1884 quaest.
1095 1825 1170 1870 XI.
1204 1831 1284 1869 art.
1314 1825 1387 1883 5.).

183 1944 324 1999 Quod
351 1953 503 1991 autem
527 1958 612 1989 nec
649 1944 695 1988 in
723 1943 927 2004 corporis
957 1944 1104 1999 bonis,
1142 1944 1401 2003 cujusmodi
1432 1954 1535 1988 sunt
1571 1933 1755 1997 sanitas,
1792 1941 2051 2002 pulcritudo

95 2022 139 2059 et
162 2013 313 2066 robur,
339 2011 396 2056 sit
418 2011 621 2056 hominis
644 2025 875 2055 summum
903 2011 1091 2064 bonum,
1118 2025 1197 2071 per
1222 2010 1388 2055 similia
1415 2009 1655 2055 manifeste
1683 2020 1882 2070 apparet.

182 2078 311 2123 Haec
338 2078 461 2123 enim
486 2079 624 2122 etiam
649 2077 782 2122 bonis
810 2088 854 2123 et
875 2077 1007 2122 malis
1029 2079 1294 2122 communia
1312 2088 1430 2132 sunt,
1456 2087 1500 2122 et
1521 2077 1745 2122 instabilia
1772 2073 1890 2131 sunt,
1909 2086 1953 2122 et
1978 2091 2054 2121 vo-

96 2146 257 2191 luntati
283 2159 376 2190 non
409 2145 657 2203 subjacent.
1064 2179 1089 2195 ,

181 2213 446 2259 Praeterea:
475 2212 628 2257 anima
655 2222 723 2256 est
748 2212 912 2265 melior
929 2226 1147 2289 corpore,
1173 2212 1294 2272 quod
1322 2227 1415 2256 non
1438 2212 1562 2267 vivit,
1581 2226 1664 2256 nec
1684 2211 1913 2271 praedicta
1931 2211 2052 2255 bona

92 2280 230 2338 habet
252 2281 340 2327 nisi
365 2294 445 2339 per
471 2280 687 2324 animam.
719 2279 900 2323 Bonum
927 2279 1062 2339 igitur
1085 2280 1279 2333 animae,
1306 2280 1423 2323 sicut
1449 2278 1703 2338 intelligere
1727 2288 1772 2322 et
1794 2277 1882 2322 alia
1904 2279 2054 2335 hujus-

93 2343 234 2413 modi,
260 2357 330 2393 est
353 2346 517 2391 melius
544 2361 683 2406 quam
707 2346 880 2391 bonum
904 2347 1122 2406 corporis
1149 2346 1256 2390 Non
1276 2357 1342 2391 est
1363 2346 1500 2406 igitur
1518 2346 1722 2405 corporis
1739 2345 1914 2389 bonum
1935 2359 2054 2389 sum·

93 2426 223 2459 mum
246 2413 448 2458 hominis
475 2413 663 2458 bonum.

182 2480 368 2533 Adhuc:
394 2480 509 2524 haec
545 2479 666 2524 bona
691 2490 795 2525 sunt
819 2480 999 2525 homini
1041 2490 1085 2524 et
1111 2479 1208 2524 aliis
1234 2479 1504 2525 animalibus
1531 2481 1810 2524 communia.
1839 2478 2053 2523 Felicitas

93 2557 246 2592 autem
273 2557 341 2592 est
366 2547 601 2607 proprium
628 2547 830 2592 hominis
855 2547 1044 2592 bonum.
1074 2547 1179 2592 Non
1207 2558 1275 2592 est
1299 2547 1435 2607 igitur
1457 2548 1503 2591 in
1525 2547 1786 2607 praemissis
1814 2547 1947 2591 bonis
1974 2547 2054 2591 ho-

21 2622 25 2630 ³
93 2613 228 2659 minis
252 2611 460 2658 felicitas.

179 2679 412 2740 Amplius:
440 2679 585 2725 multa
612 2679 842 2735 animalia,
869 2691 1091 2740 quantum
1126 2681 1180 2726 ad
1212 2681 1334 2725 bona
1367 2681 1586 2739 corporis,
1619 2692 1723 2726 sunt
1752 2681 1944 2726 homine
1976 2695 2052 2740 po-

92 2747 233 2792 tiora:
259 2746 485 2806 quaedam
514 2746 637 2791 enim
663 2757 767 2791 sunt
791 2746 1027 2791 velociora
1052 2747 1257 2802 homine,
1286 2748 1511 2807 quaedam
1538 2749 1808 2801 robustiora,
1837 2757 1879 2792 et
1903 2747 1966 2792 sic
1994 2747 2050 2792 de

96 2811 209 2857 aliis.
227 2811 287 2869 *Si
309 2812 444 2870 igitur
470 2814 518 2856 in
542 2813 613 2858 his
640 2824 760 2858 esset
785 2827 1019 2858 summum
1051 2814 1253 2858 hominis
1279 2814 1467 2868 bonum,
1494 2829 1587 2858 non
1615 2825 1734 2860 esset
1758 2815 1904 2858 homo
1933 2814 2048 2872 opti-

95 2892 223 2922 mum
249 2878 540 2933 animalium;
573 2880 694 2938 quod
722 2888 844 2939 patet
871 2894 969 2924 esse
1002 2879 1182 2926 falsum.
1208 2880 1316 2925 Non
1348 2891 1415 2925 est
1450 2881 1586 2941 igitur
1624 2880 1816 2925 felicitas
1842 2881 2046 2924 humana

96 2944 141 2988 in
165 2944 297 2989 bonis
323 2947 526 3005 corporis
555 2946 821 2990 consistens.

793 3108 1047 3164 CAPUT
1089 3110 1357 3165 XXXIII.

259 3247 417 3294 QUOD
458 3248 741 3286 FELICITAS
779 3249 895 3288 NON
938 3249 1230 3289 CONSISTIT
1273 3252 1327 3289 IN
1368 3251 1543 3290 PARTE
1584 3251 1884 3292 SENSITNA.

758 3358 883 3416 (1-11.
916 3365 1066 3418 quaest.
1099 3359 1181 3403 ΙΙΙ.
1209 3366 1290 3404 art.
1312 3361 1385 3418 3)

180 3474 268 3520 Per
292 3474 454 3520 eadem
480 3476 618 3520 etiam
645 3487 828 3536 apparet
858 3477 981 3536 quod
1015 3492 1162 3538 neque
1196 3493 1430 3523 summum
1462 3479 1664 3524 hominis
1700 3481 1876 3525 bonurn
1903 3492 1970 3527 est
2001 3483 2047 3527 in

35 3589 36 3592 Ἰ
92 3538 223 3599 bonis
249 3541 493 3587 sensitivae
514 3543 668 3618 partis.

183 3595 305 3653 Nam
330 3608 444 3653 haec
472 3608 609 3654 etiam
636 3610 756 3654 bona
783 3620 887 3655 sunt
911 3610 1104 3666 homini,
1133 3622 1177 3657 et
1203 3611 1303 3657 aliis
1328 3612 1600 3659 animalibus
1627 3615 1907 3660 communia.
