2332 3854
312 227 414 281 134
971 227 1127 266 LIBER
1166 227 1221 265 11.
1263 228 1384 266 cAP.
1426 227 1578 266 xvm.

392 327 596 385 Apparet
622 328 842 387 autem,{si
865 329 1034 373 creatio
1063 328 1224 373 relatio
1248 329 1474 388 quaedam
1501 338 1582 384 est,
1609 329 1731 388 quod
1758 344 1829 375 res
1856 331 2084 389 quaedam
2110 341 2191 391 est,
2218 342 2267 378 et

302 408 451 453 neque
484 397 683 439 increata
716 405 795 449 est,
821 409 970 453 neque
998 395 1085 438 alia
1112 394 1333 439 relatione
1367 405 1541 451 creata;
1569 410 1673 440 cum
1708 397 1830 441 enim
1867 396 2055 442 effectus
2087 409 2264 444 creatus

302 461 484 506 realiter
510 462 762 520 dependeat
789 477 812 505 a
837 472 1056 516 creatore,
1083 472 1264 519 oportet
1294 461 1559 521 hujusmodi
1580 462 1852 508 relationem
1885 478 1983 508 esse
2004 479 2101 509 rem
2128 479 2268 525 quan-

304 528 423 572 dam.
454 529 620 574 Omnis
653 540 807 573 autem
835 543 904 572 res
938 543 962 572 a
989 530 1091 572 Deo
1118 529 1165 571 in
1193 543 1291 573 esse
1324 529 1599 587 producitur.
1635 529 1715 574 Est
1739 530 1875 588 igitur
1911 531 1958 574 in
1985 544 2083 576 esse
2110 545 2137 576 a
2161 532 2266 578 Deo

303 597 538 653 producta,
573 610 666 639 non
698 607 853 639 tamen
882 595 969 638 alia
996 594 1227 639 creatione
1256 605 1406 640 creata
1433 603 1569 655 quam
1595 599 1694 673 ipsa
1723 607 1933 641 creatura·
1956 598 2118 657 prima,
2145 612 2263 658 quae

303 677 383 720 per
409 676 511 705 eam
540 672 689 706 creata
713 662 888 715 dicitur,
916 662 1022 720 quia
1050 661 1301 706 accidentia
1324 672 1369 707 et
1398 662 1574 707 formae
1601 664 1718 707 sicut
1753 677 1834 722 per
1865 677 1913 707 se
1945 676 2039 708 ιιοιι
2061 674 2181 730 sunt,
2203 665 2267 710 ita

304 743 389 772 nec
424 743 504 786 per
537 743 584 772 se
618 739 840 781 creantur,
875 743 981 772 cum
1009 729 1178 774 creatio
1205 729 1262 773 sit
1285 729 1525 788 productio
1553 730 1691 775 entis:
1714 729 1792 774 sed
1818 730 1935 775 sicu‘t
1959 730 2005 775 in
2028 716 2139 777 ali&
2144 722 2267 786 sunt,

302 795 364 839 ita
391 795 435 838 in
465 794 562 839 aliis
587 795 748 839 creatis
773 804 995 838 creantur.

391 862 653 906 Praeterea:
682 861 843 906 relatio
869 876 964 906 non
989 856 1179 908 refertur
1206 863 1260 908 ad
1283 862 1420 917 aliam
1448 863 1736 919 relationem,
1768 864 1873 923 quia
1904 863 1989 919 sic
1997 873 2118 925 esset
2140 863 2265 925 abire

301 929 348 973 in
378 928 622 982 infinitum,
660 928 738 973 sed
778 942 858 986 per
891 943 938 973 se
969 929 1118 988 ipsam
1150 929 1354 984 refertur,
1380 930 1485 989 quia
1518 930 1816 975 essentialiter
1846 921 2010 976 relatio
2043 940 2126 977 est.
2142 923 2266 977 Non

300 996 435 1054 igitur
473 996 561 1039 alia
588 997 818 1041 creatione
857 1011 971 1056 opus
1005 1007 1085 1052 est,
1113 1012 1202 1056 qua
1239 997 1336 1055 ipsa
1363 997 1533 1041 creatio
1562 1007 1753 1051 creatur,
1786 1006 1829 1042 et
1865 999 1927 1042 sic
1965 997 2012 1042 in
2036 988 2265 1057 infinitum

300 1062 586 1119 procedatur.

1048 1262 1304 1320 CAPUT
1345 1264 1503 1319 XIX.

726 1407 885 1454 Quoi)
930 1407 1170 1447 cREAT1o
1211 1407 1329 1457 NON
1369 1408 1454 1447 s1T
1496 1408 1844 1451 succESS1vA.

391 1532 596 1592 Apparet
617 1541 770 1578 autem
799 1547 853 1577 ex
879 1532 1121 1592 praedictis
1144 1533 1265 1609 quod
1294 1534 1444 1584 omnis
1474 1533 1643 1585 creatio
1667 1533 1835 1592 absque
1860 1532 2154 1598 successione
2178 1541 2262 1587 est,

301 1613 413 1644 nam
445 1599 675 1645 successio
708 1599 890 1657 propria
918 1609 987 1644 est
1026 1600 1198 1654 motui3
1236 1601 1407 1645 creatio
1450 1610 1603 1645 autem
1640 1614 1788 1660 neque
1815 1610 1882 1645 est
1913 1610 2082 1659 motus,
2117 1613 2265 1661 neque

300 1668 522 1713 terminus
547 1677 716 1743 motus,
743 1667 860 1711 sicut
885 1667 1103 1721 mutatio;
1130 1667 1265 1743 igitur
1291 1667 1417 1711 nulla
1439 1677 1507 1713 est
1531 1668 1578 1711 in
1603 1668 1701 1726 ipsa
1722 1667 1968 1727 successio.
2028 1704 2033 1710 .

390 1735 532 1779 Item:
558 1734 605 1777 in
633 1735 762 1778 omni
802 1744 931 1778 motu
955 1735 1214 1779 successivo
1243 1744 1310 1778 est
1342 1734 1511 1794 aliquid
1544 1735 1746 1778 medium
1773 1735 1888 1792 inter
1915 1735 2013 1793 eius
2037 1721 2261 1795 exttema:

301 1802 407 1861 quia
434 1802 638 1846 medium
677 1811 744 1846 est
771 1801 825 1845 ad
865 1802 988 1860 quod
1015 1802 1230 1846 continue
1254 1812 1433 1846 motum
1465 1801 1587 1876 prius
1612 1801 1750 1856 venit,
1777 1815 1925 1877 quaxn
1943 1801 2000 1850 ad
2025 1799 2264 1858 ultimum3

300 1867 418 1912 inter
446 1882 543 1912 esse
568 1877 734 1921 autem,
763 1878 806 1912 et
828 1881 923 1912 non
950 1882 1064 1923 esse,
1087 1882 1203 1927 quae
1230 1878 1334 1912 sunt
1356 1868 1485 1926 quasi
1505 1878 1707 1912 extrema
1729 1867 1988 1926 creationis,
2004 1880 2099 1912 non
2115 1875 2265 1929 potest

300 1949 399 1980 esse
434 1934 603 1993 aliquid
630 1934 859 1978 medium·
850 1934 1024 1993 ,igitur
1055 1940 1149 1978 non
1173 1944 1239 1979 est
1265 1935 1327 1978 ibi
1354 1934 1505 1993 aliqua
1531 1934 1776 1980 successio.

393 2002 580 2045 Adhuc.
605 2001 652 2045 in
680 2002 809 2045 omni
829 2001 1066 2046 factione
1055 2017 1102 2046 ιιι
1130 2016 1218 2061 qua
1245 2011 1312 2046 est
1338 2002 1583 2055 successio,
1610 2001 1708 2046 fieri
1729 2010 1796 2045 est
1818 2010 1921 2046 ante
1942 1999 2116 2063 factuxp
2148 1987 2264 2056 esse,

298 2079 348 2113 ut
372 2069 627 2128 probatur
616 2084 663 2112 ιιι
690 2078 816 2113 sexto
844 2069 981 2127 Phys.
1018 2071 1068 2125 (t.
1103 2083 1142 2113 c.
1181 2070 1282 2127 59.).
1318 2069 1420 2113 Hoc
1454 2078 1607 2112 autem
1638 2068 1687 2112 in
1719 2068 1950 2115 creatione
1985 2081 2081 2131 non
2110 2077 2263 2131 potest

300 2136 522 2190 accidere,
551 2136 657 2195 quia
682 2135 794 2190 fieri,
818 2135 940 2195 quod
962 2136 1254 2212 praecederet
1275 2134 1447 2180 factum
1474 2149 1574 2180 esse
1602 2144 1850 2189 creaturae,
1866 2126 2092 2194 indigeret
2110 2132 2265 2198 aliquo
2308 2155 2312 2158 ·

300 2203 525 2263 subjecto,
552 2202 675 2262 quod
708 2217 802 2247 non
828 2213 985 2262 posset
1013 2217 1110 2247 esse
1136 2203 1234 2261 ipsa
1267 2213 1487 2256 creatura,
1515 2203 1570 2247 de
1598 2203 1724 2261 cujus
1762 2202 1992 2265 creatione
2015 2201 2265 2262 loquimur,
2322 2212 2329 2215 ''

302 2271 408 2330 quia
437 2270 516 2314 illa
541 2284 634 2314 non
666 2280 734 2315 est
760 2279 864 2314 ante
899 2270 1072 2315 factum
1101 2285 1213 2324 esse,
1240 2284 1324 2314 nec
1353 2271 1489 2314 etiam
1516 2271 1562 2313 in
1594 2269 1789 2314 factore:
1814 2283 1911 2314 non
1937 2269 2062 2314 enim
2087 2268 2266 2323 moveri
2322 2300 2332 2330 ,ἓ

302 2348 369 2381 est
388 2347 514 2382 actus
532 2337 776 2391 moventis,
793 2337 872 2381 sed
889 2339 1018 2382 moti.
1036 2337 1324 2396 Relinquitur
1341 2337 1478 2396 igitur
1493 2337 1615 2395 quod
1632 2336 1730 2382 fieri
1755 2336 1945 2381 haberet
1960 2349 2043 2398 pro
2059 2334 2266 2395 subjecto
2329 2336 2332 2357 ³

304 2404 507 2464 aliquam
534 2405 773 2449 materiam
814 2404 923 2448 facti
963 2405 1381 2464 praeexsistentem,
1424 2404 1545 2481 quod
1579 2414 1646 2449 est
1672 2415 1832 2449 contra
1865 2405 2110 2466 creationis
2134 2403 2268 2450 ratio-

299 2471 738 2531 nem1impossibile
766 2481 834 2515 est
849 2472 986 2530 igitur
1010 2472 1056 2515 in
1085 2472 1315 2516 creatione
1338 2472 1679 2516 successionem
1707 2486 1819 2516 esse.
2122 2510 2125 2511 γ

391 2539 628 2598 Amplius:
657 2553 845 2584 omnem
871 2538 1121 2583 factionem
1145 2539 1468 2593 successivam,
1493 2539 1540 2582 in
1565 2549 1773 2598 tempore
1800 2548 1981 2599 oportet
2005 2524 2267 2601 esse3prius

303 2606 426 2652 enim
459 2617 504 2651 et
544 2606 767 2665 posterius
809 2606 856 2649 in
898 2616 1042 2659 motu,
1084 2616 1382 2650 numerantur
1413 2616 1636 2664 tempore.
1671 2604 1820 2650 Simul
1860 2615 2015 2652 autem
2054 2585 2268 2661 dividitur

301 2684 483 2733 tempus
511 2684 555 2718 et
577 2683 744 2728 motus,
772 2683 815 2717 et
837 2673 882 2716 id
905 2687 1040 2732 super
1066 2673 1189 2732 quod
1216 2673 1375 2718 transit
1401 2682 1579 2727 motus;
1607 2673 1728 2731 quod
1762 2672 1984 2733 quidem
1972 2687 2021 2731 ιιι
2045 2681 2176 2736 motu
2201 2670 2267 2716 10-

302 2741 390 2785 cali
413 2741 706 2785 manifestum
733 2751 822 2785 est:
850 2755 959 2784 nam
982 2740 1027 2783 in
1047 2740 1290 2784 medietate
1309 2740 1528 2799 temporis
1544 2739 1811 2799 regulariter
1827 2749 2008 2784 motum
2024 2737 2268 2799 pertransit
2324 2736 2332 2800 J

302 2809 507 2852 medium
541 2808 883 2867 magnitudinis.
917 2807 1095 2852 Divisio
1130 2817 1281 2851 autem
1315 2807 1362 2850 in
1388 2806 1548 2851 formis
1581 2806 1860 2866 respondens
1905 2804 2120 2850 divisioni
2154 2815 2268 2850 tem·
2328 2854 2332 2867 .

300 2876 438 2935 poris,
457 2876 700 2920 attenditur
725 2875 977 2919 secundum
996 2875 1302 2918 intensionem
1331 2884 1374 2918 et
1401 2874 1736 2927 remissionem,
1758 2884 1808 2918 ut
1833 2873 1871 2918 si
1889 2872 2084 2933 aliquid'
2073 2887 2119 2916 m
2137 2881 2265 2917 tanto
2316 2871 2332 2928 εξ

300 2954 508 3001 tempore
545 2953 722 2987 tantum
750 2936 913 2996 calefit,
940 2943 987 2986 in
1014 2942 1182 2986 minori
1209 2942 1372 2986 minus.
1402 2941 1665 2986 Secundum
1690 2941 1780 2985 hoc
1822 2940 1959 3000 igitur
2001 2949 2131 2994 &otest
2162 2953 2265 2985 esse

301 3009 531 3055 successio
551 3010 597 3053 in
621 3020 765 3064 motu,
788 3009 861 3054 vel
874 3024 1162 3068 quacumque
1176 3008 1386 3063 factione,
1401 3008 1595 3068 quodid,
1614 3008 1865 3052 secundum
1883 2955 2008 3067 quo}
2019 3016 2087 3053 est
2098 3002 2266 3061 motus,

305 3089 375 3122 -est
401 3077 623 3123 divisibile
649 3078 723 3122 vel
749 3077 1001 3122 secundum
1027 3077 1339 3136 quantitatem,
1367 3077 1483 3120 sicut
1498 3076 1544 3120 in
1563 3086 1690 3120 motu
1708 3075 1847 3120 locali
1864 3071 1971 3121 etin
1998 3083 2266 3139 augmento,

300 3145 374 3190 vel
400 3145 654 3191 secundum
680 3145 987 3189 intensionem
1015 3156 1059 3188 et
1085 3144 1419 3198 remissionem,
1446 3143 1563 3188 sicut
1587 3144 1634 3187 in
1669 3143 1952 3203 alteratione.
1983 3141 2084 3187 Hoc
2112 3150 2267 3187 autem
2312 3142 2332 3186 Ξῖ

302 3213 555 3257 secundum
584 3213 809 3271 contingit
842 3212 1102 3271 dupliciter:
1132 3225 1223 3255 uno
1252 3211 1409 3264 modo,
1437 3210 1542 3269 quia
1568 3210 1666 3270 ipsa
1693 3209 1856 3265 forma,
1878 3222 1995 3272 quae
2020 3218 2089 3268 est
2118 3206 2268 3253 termi-

301 3295 383 3325 nus
413 3291 579 3334 motus,
607 3291 675 3325 est
701 3279 935 3324 divisibilis
963 3278 1242 3323 secundum*
1233 3277 1540 3322 intensionem
1563 3287 1608 3322 et
1633 3276 1977 3339 remissionem3
1999 3275 2115 3326 sicut
2138 3266 2265 3336 patet
2311 3276 2332 3340 ξ

304 3361 409 3393 cum
437 3347 607 3406 aliquid
644 3357 857 3392 movetur
884 3346 939 3390 ad
967 3345 1248 3390 albedinem:
1273 3344 1362 3388 alio
1390 3344 1547 3420 modo,
1582 3344 1688 3420 quia
1713 3343 1816 3390 talis
1847 3335 2011 3392 divisio
2041 3341 2268 3410 contingit
2312 3338 2327 3369 ⁴³

301 3414 347 3458 in
374 3414 743 3473 dispositionibus
766 3414 822 3458 ad
848 3413 989 3459 talem
1015 3411 1228 3466 formam,
1255 3412 1372 3456 sicut
1396 3410 1529 3455 fieri
1518 3412 1636 3470 ignis
1663 3410 1975 3461 successivum
1992 3419 2060 3455 est
2079 3418 2266 3475 prqpter.
2319 3454 2321 3456 ,

304 3480 619 3526 alterationem
646 3481 996 3541 praecedentem
1020 3480 1140 3523 circa
1163 3478 1482 3538 dispositiones
1501 3478 1556 3522 ad
1579 3469 1792 3530 formam
1818 3471 1987 3554 1Ρ5ιιιιι
1994 3486 2149 3542 autem
2165 3489 2266 3531 ease,
2296 3509 2305 3538 4,

302 3547 596 3592 substantiale
640 3557 872 3592 creaturae
914 3561 1009 3591 non
1043 3556 1111 3591 est
1146 3543 1368 3591 divisibile
1405 3545 1546 3589 modo
1588 3543 1847 3606 praedicto;
1873 3544 1979 3609 quia
2015 3532 2268 3622 substautiq

301 3628 395 3659 non
423 3615 610 3673 suscipit
637 3615 784 3673 magis
813 3625 857 3660 et
883 3615 1055 3659 minus:
1079 3627 1164 3658 nec
1191 3612 1236 3657 in
1265 3611 1495 3657 creatione
1521 3611 1799 3673 praecedunt
1820 3598 2170 3674 dispositiones,
2175 3622 2270 3672 ma·-
