2332 3854
232 201 338 254 350
890 199 1043 238 LIBER
1088 200 1163 237 111.
1207 199 1326 236 CAP.
1368 200 1530 237 XLVII.

228 302 365 347 terius
391 302 622 357 formatas,
649 303 696 346 in
718 301 1044 360 imaginatione
1074 300 1252 344 divinae
1278 300 1452 346 virtutis
1486 303 1739 360 praesentia
1767 304 2185 367 demonstrabam&

229 370 304 414 vel
330 372 464 414 etiam
488 371 740 414 secundum
763 369 883 427 quod
911 367 1088 426 aliquae
1106 357 1361 425 spirituales
1387 367 1662 415 substantiae
1677 384 1758 429 per
1774 369 1960 415 effectus
1983 364 2184 438 aliquam

229 438 538 495 cognitionem
567 437 622 480 de
647 437 750 479 Deo
782 433 1113 492 intelligibilem
1140 444 1452 492 perceperunt.

315 503 644 547 Difficultatem
671 512 823 545 autem
842 500 1034 544 afferunt
1060 499 1286 558 quaedam
1310 501 1448 545 verba
1474 502 1734 560 Augustini,
1753 517 1807 547 ex
1825 503 1986 562 quibus
2007 501 2183 562 videtur
2207 550 2211 557 ,

228 570 387 628 quod
375 585 422 613 m
448 570 534 613 hac
567 569 659 612 vita
695 569 921 643 possimus
957 565 1211 625 intelligere
1245 567 1396 625 ipsum
1435 567 1603 612 Deum.
1639 568 1764 612 Dicit
1807 569 1956 613 enim
1969 566 2016 613 in
2057 583 2183 625 nono

229 636 299 680 De
328 635 488 679 Trinit.
517 637 577 693 (c.
607 635 668 692 7.)
692 633 846 692 quod
835 648 881 676 m
921 643 1102 676 aeterna
1138 633 1342 687 veritate,
1375 648 1430 678 ex
1466 649 1556 693 qua
1594 635 1751 679 omnia
1789 635 2045 694 corporalia
2064 637 2184 699 facea
2215 687 2218 700 ‚

227 712 343 755 sunt,
375 702 572 745 formam
600 700 851 744 secundum
873 713 1012 758 quam
1037 713 1208 754 sumus,
1237 709 1281 744 et
1305 701 1559 744 secundum
1586 716 1724 760 quam
1756 701 1831 746 vel
1862 703 1907 747 in
1931 703 2082 757 nobiS,
2106 698 2202 748 *vel¹

228 770 271 812 in
305 769 568 826 corporibus
595 781 701 810 vera
733 776 778 810 et
799 776 922 810 recta
945 766 1120 810 ratione
1144 766 1252 824 quid
1276 781 1532 842 operamur,
1554 768 1655 812 visu
1680 768 1846 812 mentis
1869 769 2180 827 conspicimus

230 845 361 893 atque
393 834 497 877 inde
525 843 796 891 conceptam
822 847 976 876 rerum
1001 847 1215 877 veracem
1232 833 1442 878 notitiam
1469 831 1587 893 apud
1608 848 1692 878 nos
1722 834 1958 881 habemus.
1984 834 2183 884 Decima)
2208 869 2210 871 >

228 904 375 959 primo
404 902 541 945 etiam
580 899 789 945 Confess.
821 901 882 959 (c.
918 899 1011 957 25.)
1038 899 1166 944 dicit:
1203 917 1227 942 <c
1247 900 1298 944 Si
1330 901 1466 944 ambo
1498 901 1705 945 videmus
1736 915 1907 946 verum,
1930 915 2029 947 esse
2060 896 2184 962 quod

229 968 354 1022 dicis,
387 977 431 1011 et
462 968 599 1010 ambo
631 967 838 1011 videmus
869 980 1030 1010 verum
1062 980 1160 1011 esse
1207 967 1330 1026 quod
1370 968 1498 1044 dico,
1521 968 1611 1022 ubi,
1644 982 1829 1027 quaeso,
1861 968 1910 1013 id
1939 969 2181 1014 videmus?

227 1034 323 1078 Nec
351 1048 438 1092 ego
466 1034 618 1092 utique
644 1034 691 1076 in
722 1043 781 1087 te,
812 1047 897 1078 nec
930 1043 979 1077 tu
1009 1033 1056 1076 in
1089 1047 1179 1088 me,
1211 1033 1289 1077 sed
1316 1034 1452 1079 ambo
1487 1034 1533 1077 in
1564 1035 1661 1092 ipsa
1679 1048 1803 1093 quae
1836 1049 1973 1094 supra
2003 1045 2182 1084 mentes

227 1114 405 1145 nostras
431 1111 499 1145 est
523 1099 889 1152 incommutabili
916 1100 1104 1144 veritate
1129 1117 1170 1143 ».

315 1169 367 1211 In
392 1168 507 1212 libro
537 1168 673 1212 etiam
695 1168 766 1210 De
794 1181 898 1210 vera
925 1166 1052 1225 relig.
1080 1167 1141 1225 (c,
1172 1167 1262 1225 31.)
1285 1166 1406 1221 dicit,
1432 1166 1555 1226 quod
1578 1167 1830 1211 secundum
1855 1167 2098 1213 veritatem
2119 1168 2181 1213 di·

226 1236 381 1279 vinam
407 1235 462 1279 de
489 1235 701 1278 omnibus
733 1225 1003 1291 judicamus.
1542 1258 1546 1261 ·

315 1303 365 1346 In
386 1303 534 1373 primo
558 1311 711 1346 autem
729 1300 922 1359 Soliloq.
946 1301 1007 1358 (c.
1030 1313 1076 1358 15
1086 1300 1119 1358 .)
1138 1300 1260 1354 dicit,
1277 1300 1400 1359 quod
1422 1301 1544 1359 prius
1566 1310 1634 1345 est
1654 1302 1819 1346 veritas
1843 1301 2183 1364 cognoscenda,

227 1384 305 1428 per
330 1384 467 1428 quam
494 1378 684 1427 possunt
709 1367 795 1412 alia
821 1368 1063 1426 cognosci:
1089 1368 1211 1426 quod
1238 1367 1294 1411 de
1321 1367 1510 1412 veritate
1537 1367 1690 1411 divina
1715 1367 1970 1426 intelligere
1991 1369 2184 1417 videtur.

226 1437 415 1480 Videtur
442 1450 552 1494 ergo
576 1450 629 1479 ex
649 1435 796 1479 verbis
813 1437 910 1494 ejus
929 1435 1078 1493 quod'
1069 1448 1217 1492 ipsum
1234 1434 1401 1489 Deum,
1419 1435 1496 1493 qui
1529 1448 1612 1479 sua
1638 1435 1802 1480 veritas
1831 1445 1912 1491 est,
1935 1435 2184 1497 videamus,

229 1513 272 1547 et
297 1518 377 1563 per
402 1503 552 1561 ipsum
575 1516 911 1561 cognoscamus
939 1501 1040 1546 alia.

316 1570 389 1614 Ad
415 1570 536 1613 idem
563 1570 700 1613 etiam
726 1568 950 1628 pertinere
976 1569 1183 1612 videntur
1204 1568 1342 1628 verba
1368 1568 1587 1626 ejusdem,
1609 1582 1726 1627 quae
1757 1569 1887 1628 ponit
1917 1570 1963 1614 in
1999 1568 2184 1615 decimo

232 1637 433 1682 secundo
460 1637 530 1681 De
559 1635 721 1680 Trinit.
750 1636 810 1692 (c.
839 1634 918 1692 2.),
931 1635 996 1679 sic
1023 1635 1202 1679 dicens:
1234 1651 1258 1676 «
1276 1635 1484 1679 Rationis
1506 1645 1574 1679 est
1596 1635 1797 1693 judicare
1824 1635 1880 1680 de
1904 1635 2001 1681 istis
2026 1649 2187 1696 corpo.-

230 1704 397 1748 ralibus
419 1703 670 1747 secundum
687 1703 885 1746 rationes
906 1701 1216 1760 incorporales
1244 1711 1287 1746 et
1312 1702 1625 1760 sempiternas,
1642 1716 1757 1760 quae
1788 1702 1875 1747 nisi
1903 1716 2040 1762 supra
2060 1715 2184 1748 men·

235 1781 328 1815 tem
345 1771 597 1814 humanam
615 1779 778 1823 essent,
793 1768 1193 1814 incommutabiles
1219 1767 1424 1827 profecto
1446 1781 1540 1811 non
1559 1778 1709 1812 essent
1732 1785 1771 1812 >›.
1788 1768 2016 1829 Rationes·
2030 1779 2184 1815 autem
2215 1766 2219 1768 ⁷

233 1836 635 1883 incommutabiles
662 1846 706 1880 et
731 1837 1032 1895 sempiternae
1065 1836 1171 1880 alibi
1203 1850 1341 1894 quam
1373 1837 1419 1879 in
1451 1836 1554 1880 Deo
1586 1850 1685 1880 esse
1715 1850 1810 1881 non
1842 1846 2046 1895 possunt,
2078 1851 2183 1882 cum

228 1904 351 1948 solus
377 1904 503 1947 Deus
530 1903 780 1947 secundum
806 1903 911 1947 fidei
943 1902 1199 1946 doctrinam
1232 1904 1288 1946 sit
1320 1903 1634 1961 sempiternus.
1665 1902 1856 1947 Videtur
1885 1903 2023 1962 igitur
2053 1904 2183 1965 sequi

228 1970 349 2029 quod
382 1971 535 2015 Deum
561 1970 608 2013 in
633 1971 719 2013 ista
745 1970 837 2014 vita
862 1969 1015 2013 videre
1038 1971 1283 2027 possimus,
1310 1979 1354 2012 et
1378 1983 1458 2027 per
1483 1969 1573 2013 hoc
1601 1969 1724 2028 quod
1751 1984 1873 2024 eum,
1898 1978 1942 2015 et
1966 1971 2013 2015 in
2039 1984 2096 2015 eo
2118 1984 2185 2015 ra·

227 2038 375 2081 tiones
401 2051 554 2080 rerum
584 2037 808 2091 videmus,
834 2037 889 2080 de
923 2035 1022 2080 aliis
1052 2036 1322 2094 judicamus.

316 2105 423 2148 Non
450 2114 518 2148 est
544 2113 696 2147 autem
723 2103 1001 2147 credendum
1029 2103 1150 2161 quod
1177 2103 1460 2161 Augustinus
1479 2102 1551 2146 hic
1574 2103 1620 2146 in
1644 2103 1791 2147 verbis
1810 2103 2071 2162 praemissis
2087 2117 2184 2148 sen-

227 2171 334 2215 serit
356 2171 476 2230 quod
504 2172 549 2214 in
581 2171 668 2215 hac
700 2171 791 2214 vita
823 2171 977 2214 Deum
1003 2184 1083 2228 per
1109 2183 1238 2213 suam
1263 2170 1507 2213 essentiam
1530 2169 1781 2228 intelligere
1807 2170 2053 2230 possimus,
2079 2184 2183 2216 cum

228 2238 504 2282 contrarium
517 2237 636 2281 dicat
653 2237 699 2280 in
717 2236 832 2280 libro
850 2237 921 2280 De
937 2236 1133 2280 videndo
1147 2237 1300 2280 Deum
1314 2237 1368 2280 ad
1386 2236 1627 2280 Paulinam
1641 2238 1791 2296 (epist.
1815 2235 1911 2292 146.
1926 2252 1965 2282 c.
1987 2249 2029 2292 4.
2047 2248 2091 2282 et
2107 2237 2182 2295 5.).

318 2304 527 2357 Qualiter
552 2303 689 2362 igitur
721 2302 847 2346 illam
884 2303 1311 2347 incommutabilem
1342 2304 1596 2357 veritatem,
1629 2303 1702 2348 vel
1733 2304 1840 2349 istas
1874 2304 2074 2349 rationes
2106 2318 2180 2349 ae—

226 2381 376 2414 ternas
402 2370 449 2413 in
474 2370 562 2413 hac
589 2370 682 2414 vita
707 2369 960 2423 videamus,
988 2379 1032 2413 et
1058 2370 1310 2413 secundum
1339 2384 1442 2414 eam
1469 2371 1523 2414 de
1551 2370 1650 2415 aliis
1680 2371 1936 2429 judicemus
1957 2371 2182 2431 inquiren·

226 2438 335 2481 dum
369 2447 448 2480 est.
490 2436 743 2480 Veritatem
785 2436 970 2494 quidem
1012 2438 1055 2479 in
1094 2436 1246 2480 anima
1288 2450 1399 2490 esse,
1434 2437 1529 2495 ipse
1571 2437 1854 2495 AugustInus
1894 2438 1941 2482 in
1978 2432 2199 2482 secundo*

227 2503 419 2562 Soliloq.
449 2504 508 2560 (c.
542 2504 606 2548 18.
631 2513 679 2552 ‚et
710 2502 798 2562 19.)
827 2502 1090 2546 confitetur:
1125 2503 1245 2546 unde
1273 2517 1326 2546 ex
1353 2503 1616 2546 aeternitate
1643 2505 1841 2548 veritatis
1866 2503 2183 2548 immortalita-

225 2582 318 2614 tem
341 2571 520 2614 animae
547 2570 721 2629 probat.
747 2570 855 2613 Non
887 2569 1038 2613 solum
1073 2579 1224 2613 autem
1251 2570 1315 2613 sic
1347 2570 1512 2613 veritas
1546 2579 1612 2613 est
1636 2569 1682 2613 in
1710 2571 1875 2624 anima,
1908 2570 2024 2615 sicut
2053 2571 2180 2615 Deus
2225 2575 2230 2581 '
2294 2561 2329 2629 ’

225 2651 303 2695 per
325 2637 569 2681 essentiam
595 2636 640 2679 in
668 2636 800 2681 rebus
819 2636 1029 2680 omnibus
1051 2636 1226 2690 dicitur,
1239 2649 1387 2694 neque
1411 2636 1528 2680 sicut
1550 2636 1596 2680 in
1620 2637 1753 2681 rebus
1780 2637 1991 2682 omnibus
2013 2646 2082 2682 est
2101 2651 2181 2697 per

225 2718 354 2748 suam
372 2703 730 2756 similitudinem,
747 2713 882 2761 prout
898 2716 1199 2762 unaquaeque
1221 2703 1354 2746 resin
1373 2713 1548 2747 tantum
1573 2703 1735 2747 dicitur
1752 2717 1873 2758 vera,
1897 2703 1943 2747 in
1956 2713 2180 2763 quantum

225 2772 279 2814 ad
305 2772 396 2815 Dei
421 2770 764 2815 similitudinem
792 2770 980 2813 accedit.
1007 2770 1114 2813 Non
1143 2770 1265 2813 enim
1287 2769 1333 2812 in
1359 2769 1449 2814 hoc
1468 2771 1621 2814 anima
1637 2769 1770 2815 rebus
1788 2769 1887 2815 aliis
1913 2769 2180 2829 praefertur.

224 2838 302 2882 Est
318 2852 427 2897 ergo
445 2837 632 2896 speciali
649 2837 789 2882 modo
813 2838 858 2880 in
882 2838 1035 2880 anima
1057 2838 1102 2880 in
1125 2847 1344 2896 quantum
1361 2839 1598 2881 veritatem
1617 2839 1870 2896 cognoscit.
1894 2837 2023 2886 Sicut
2042 2836 2180 2896 igitur

226 2905 405 2948 animae
438 2915 482 2948 et
507 2919 577 2949 res
606 2904 719 2948 aliae
746 2918 879 2947 verae
903 2904 1087 2962 quidem
1125 2904 1334 2947 dicuntur
1366 2903 1413 2947 in
1445 2905 1536 2948 suis
1568 2905 1738 2949 naturis
1770 2903 2024 2949 secundum
2054 2903 2179 2963 quod

225 2971 569 3015 similitudinem
595 2970 714 3014 illius
746 2984 954 3014 summae
980 2981 1168 3014 naturae
1194 2970 1376 3024 habent,
1405 2985 1519 3029 quae
1547 2981 1615 3014 est
1640 2972 1736 3029 ipsa
1768 2969 1948 3024 veritas,
1980 2984 2088 3014 cum
2119 2969 2178 3016 sit

224 3052 358 3082 suum
389 3037 671 3081 intellectum
699 3051 815 3081 esse:
850 3037 912 3080 ita
943 3036 988 3080 id
1016 3037 1134 3095 quod
1172 3051 1253 3094 per
1280 3037 1479 3080 animam
1505 3039 1743 3095 cognitum
1775 3047 1856 3091 est,
1883 3035 2178 3090 manifestum

224 3115 291 3148 est
315 3105 361 3148 in
388 3114 606 3163 quantum
634 3103 753 3147 illius
780 3103 1184 3147 divinaeveritatis
1211 3117 1350 3162 quam
1367 3104 1492 3147 Deus
1510 3104 1749 3162 cognoscit
1774 3102 2023 3149 similitudo
2046 3117 2181 3163 quae·

223 3171 329 3214 dam
355 3172 525 3215 exsistit
542 3171 588 3214 in
614 3170 725 3229 ipsa.
754 3170 889 3214 Unde
908 3182 953 3214 ct
976 3170 1143 3214 Glossa
1166 3184 1300 3228 super
1315 3169 1426 3214 illud
1450 3170 1589 3227 (Psal.
1604 3171 1683 3215 XI.
1701 3170 1787 3228 2.):
1814 3171 2064 3217 Diminutae
2080 3177 2194 3222 sunt<

222 3240 412 3282 veritates
443 3253 469 3281 a
490 3238 595 3296 filiis
627 3238 862 3290 hominum,
891 3236 1000 3280 dicit
1033 3237 1154 3294 quod
1189 3238 1304 3280 sicut
1330 3237 1383 3279 ab
1412 3251 1501 3280 una
1528 3236 1643 3281 facie
1670 3236 1892 3282 resultant
1916 3235 2088 3287 multae
2110 3235 2179 3280 fa-

224 3305 314 3348 cies
346 3305 391 3348 in
424 3304 626 3363 speculo,
658 3304 720 3347 ita
754 3304 807 3347 ab
836 3317 925 3346 una
951 3303 1096 3360 prima
1114 3303 1301 3347 veritate
1328 3303 1547 3347 resultant
1565 3304 1734 3348 multae
1758 3303 1971 3350 veritates
1992 3302 2038 3346 in
2056 3316 2179 3353 men-

221 3372 337 3414 tibus
365 3372 621 3414 hominum.
652 3370 876 3422 Quamvis
896 3381 1047 3414 autem
1070 3370 1246 3413 diversa
1273 3384 1297 3413 a
1316 3370 1501 3414 diversis
1524 3380 1862 3429 cognoscantur
1877 3379 1923 3415 et
1938 3370 2179 3416 credantur

222 3451 341 3491 vera,
367 3448 521 3481 tamen
549 3438 773 3496 quaedam
801 3445 904 3482 sunt
930 3450 1037 3481 vera
1058 3437 1104 3480 in
1136 3437 1297 3495 quibus
1324 3451 1484 3481 omnes
1510 3438 1723 3482 homines
1750 3436 2045 3491 concordant,
2061 3435 2178 3482 sicut

222 3514 326 3548 sunt
357 3505 502 3562 prima
533 3504 753 3563 principia
784 3503 1040 3548 intellectus
1081 3513 1175 3547 tam
1207 3502 1472 3562 speculativi
1515 3518 1652 3563 quam
1687 3503 1890 3563 practici,
1920 3501 2186 3554 secundum·
2259 3499 2278 3516 ’“

223 3571 343 3629 quod
386 3570 696 3616 universaliter
727 3571 773 3615 in
822 3571 1047 3615 mentibus
1090 3570 1298 3614 omnium
1342 3570 1519 3615 divinae
1562 3570 1760 3616 veritatis
1790 3569 2175 3630 quasiquaedam
