2332 3854
799 214 951 252 LIBER
993 213 1067 251 111.
1110 213 1228 250 CAP.
1270 210 1418 249 xxv1.
1982 207 2081 262 323

132 319 254 380 quod
290 318 494 371 nondum
530 316 690 372 habet;
726 316 817 360 hoc
851 325 1004 360 autem
1041 313 1340 360 contrariatur
1374 311 1540 357 rationi
1577 310 1724 354 ultimi
1760 309 1875 367 finis.
1915 309 2087 355 Amare

133 386 270 438 etiam
296 400 391 438 non
415 394 564 444 potest
580 396 677 428 esse
696 382 879 427 ultimus
906 382 1025 436 finis3
1058 391 1234 426 amatur
1259 380 1381 424 enim
1401 379 1590 431 bonum,
1616 391 1710 421 non
1731 372 1883 428 solum
1904 375 2087 435 quando

131 452 336 507 habetur,
357 452 436 497 sed
468 451 606 496 etiam
631 448 814 509 quando
847 463 941 492 non
972 449 1188 502 habetur;
1220 462 1276 492 ex
1308 459 1464 491 amore
1496 444 1617 489 enim
1647 453 1715 487 est
1745 442 1867 502 quod
1893 456 1987 486 non
2012 443 2089 486 ha-

130 518 275 564 bitum
301 517 525 564 desiderio
548 526 811 576 quaeratur;
838 525 882 559 et
906 515 944 559 si
971 529 1101 559 amor
1125 516 1218 572 jam
1246 513 1386 558 habiti
1407 510 1648 572 perfectior
1669 510 1738 563 sit,
1765 508 1855 555 hoc
1879 519 2089 553 causatur

132 599 187 635 ex
211 585 301 630 hoc
328 585 450 644 quod
475 584 650 628 bonum
675 592 879 627 amatum
905 581 1120 635 habetur3
1148 580 1269 624 aliud
1296 589 1363 624 est
1388 579 1524 638 igitur
1548 577 1716 621 habere
1749 575 1937 629 bonum,
1965 576 2086 634 quod

132 662 199 705 est
223 651 339 705 finis,
364 665 502 710 quam
536 663 703 703 amare,
735 648 857 708 quod
885 658 988 692 ante
1015 647 1183 691 habere
1211 657 1278 692 est
1309 644 1645 705 imperfectum,
1671 652 1775 703 post
1800 641 1967 690 habere
1994 656 2089 701 per-

132 716 316 768 fectum.
344 716 562 762 Similiter
587 725 739 761 autem
762 729 846 759 nec
875 713 1116 758 delectatio
1144 723 1210 757 est
1242 713 1427 757 ultimus
1453 711 1579 765 finis;
1604 710 1753 770 ipsum
1776 708 1898 753 enim
1920 707 2089 761 habere

130 783 305 830 bonum
331 798 466 828 causa
494 793 562 828 est
583 781 911 835 delectationis,
938 779 1011 824 vel
1038 780 1146 824 dum
1172 780 1345 823 bonum
1378 792 1498 822 nunc
1525 777 1729 821 habitum
1756 774 1990 830 sentimus,
2016 773 2090 819 vel

132 849 242 902 dum
266 850 388 909 prius
421 849 627 893 habitum
660 862 986 901 memoramur,
1019 846 1091 891 vel
1126 846 1232 890 dum
1267 846 1313 889 in
1349 845 1499 889 futuro
1535 843 1794 888 habendum
1829 856 2089 902 speramus;

131 930 226 971 non
251 926 319 962 est
342 916 478 975 igitur
510 915 751 961 delectatio
782 914 968 959 ultimus
1004 913 1119 958 finis.
1153 912 1317 957 Nullus
1357 927 1466 972 ergo
1505 922 1630 957 actus
1665 909 1910 956 voluntatis
1942 919 2090 970 potest

133 997 233 1029 esse
259 982 607 1028 substantialiter
631 982 726 1041 ipsa
754 980 958 1025 felicitas.

220 1049 409 1095 Adhuc:
443 1050 481 1094 si
516 1048 754 1093 delectatio
798 1058 915 1092 esset
947 1046 1130 1092 ultimus
1166 1046 1281 1099 finis,
1323 1047 1419 1105 ipsa
1456 1044 1708 1089 secundum
1745 1044 1940 1103 seipsam
1970 1053 2090 1088 esset

133 1116 397 1176 appetenda.
425 1116 526 1160 Hoc
555 1125 705 1159 autem
735 1125 801 1159 est
826 1114 1014 1168 falsum;
1040 1112 1177 1158 refert
1202 1114 1322 1158 enim
1358 1126 1474 1171 quae
1502 1111 1744 1156 delectatio
1780 1120 2013 1170 appetatur
2035 1124 2089 1155 ex

132 1196 191 1229 eo
221 1183 276 1228 ad
304 1183 426 1242 quod
454 1182 746 1241 consequitur
772 1181 1038 1233 delectatio,
1064 1195 1173 1224 nam
1200 1180 1442 1224 delectatio
1470 1194 1585 1238 quae
1620 1179 1912 1238 consequitur
1945 1178 2089 1223 bonas

131 1259 177 1295 et
201 1249 475 1308 appetendas
502 1249 791 1309 operationes
817 1248 937 1291 bona
970 1258 1038 1292 est
1070 1258 1115 1291 et
1142 1247 1420 1306 appetenda3
1454 1260 1569 1306 quae
1598 1256 1751 1290 autem
1779 1245 1937 1298 malas,
1966 1244 2088 1289 mala

131 1325 200 1370 est
224 1325 269 1360 et
293 1315 519 1375 fugienda.
534 1316 683 1381 {labet
709 1315 845 1373 igitur
862 1316 983 1373 quod
1003 1314 1059 1358 sit
1075 1314 1196 1358 bona
1215 1324 1259 1358 et
1273 1313 1523 1373 appetenda
1543 1327 1596 1357 ex
1616 1312 1720 1356 alio.
1737 1313 1845 1356 Non
1869 1322 1936 1358 est
1953 1312 2090 1371 igitur

130 1383 228 1442 ipsa
253 1382 439 1427 ultimus
466 1382 580 1435 finis,
599 1382 719 1440 quod
739 1393 806 1425 est
831 1381 1036 1425 felicitas.

220 1449 415 1494 Adhuc:
442 1458 590 1493 rectus
613 1448 725 1492 ordo
753 1462 903 1492 rerum
933 1447 1147 1493 convenit
1173 1461 1278 1491 cum
1303 1447 1460 1490 ordine
1493 1456 1706 1500 naturae;
1732 1460 1841 1489 nam
1867 1459 1938 1490 res
1964 1455 2090 1490 natu-

131 1515 249 1561 rales
273 1516 538 1561 ordinantur
564 1517 608 1559 in
634 1529 767 1559 suum
794 1514 934 1559 finem
962 1514 1132 1572 absque
1160 1527 1325 1557 errore.
1360 1513 1411 1556 In
1436 1512 1715 1556 naturalibus
1744 1521 1895 1557 autem
1922 1512 2087 1557 est‘de·

130 1581 316 1628 lectatio
341 1591 524 1640 propter
554 1582 884 1641 operationem,
912 1591 956 1626 et
980 1595 1074 1624 non
1101 1595 1125 1624 e
1153 1580 1626 1634 convers03videmus
1645 1580 1768 1624 enim
1786 1579 1908 1638 quod
1930 1589 2091 1625 natura

130 1649 221 1695 illis
237 1649 574 1708 operationibus
597 1647 864 1691 animalium
891 1647 1243 1691 delectationem
1271 1646 1481 1705 apposuit
1513 1661 1628 1704 quae
1647 1656 1750 1690 sunt
1776 1645 2014 1690 manifeste
2033 1645 2089 1690 ad

133 1714 246 1760 fines
270 1715 552 1768 necessarios
579 1714 828 1766 ordinatae,
854 1714 972 1757 sicut
996 1714 1043 1756 in
1061 1727 1143 1756 usu
1172 1713 1378 1756 ciborum
1407 1713 1484 1772 qui
1511 1713 1744 1756 ordinatur
1772 1713 1827 1756 ad
1854 1725 2091 1757 conserva-

130 1782 305 1827 tionem
345 1780 578 1834 individui,
605 1780 720 1824 etin
755 1794 840 1823 usu
865 1793 1169 1824 venereorum
1210 1780 1284 1838 qui
1319 1780 1551 1824 ordinatur
1593 1781 1648 1823 ad
1691 1779 2090 1824 conservationem

119 1848 324 1907 -speciei3
345 1847 431 1892 nisi
456 1847 579 1891 enim
607 1846 784 1891 adesset
809 1846 1068 1900 delectatio,
1094 1845 1310 1890 animalia
1333 1861 1358 1889 a
1381 1846 1621 1906 praedictis
1645 1847 1797 1891 usibus
1820 1846 2087 1898 necessariis

132 1915 421 1960 abstinerent.
447 1913 705 1973 Impossibe
732 1927 843 1971 ergo
871 1922 940 1957 est
960 1913 1083 1972 quod
1111 1912 1353 1956 delectatio
1381 1913 1435 1956 sit
1462 1912 1648 1957 ultimus
1675 1913 1790 1957 finis.

215 1981 358 2036 Item:
394 1979 636 2037 delectatio
672 1979 785 2023 nihil
824 1979 945 2024 aliud
981 1994 1078 2024 esse
1121 1979 1298 2024 videtur
1330 1994 1468 2039 quam
1501 1981 1718 2039 quietatio
1750 1979 1997 2025 voluntatis
2043 1980 2090 2024 in

132 2046 285 2108 aliquo
305 2048 429 2092 bono
451 2047 755 2100 convenienti,
781 2047 899 2090 sicut
919 2046 1190 2091 desiderium
1215 2057 1283 2092 est
1305 2046 1541 2091 inclinatio
1564 2048 1812 2092 voluntatis
1835 2048 1880 2091 in
1905 2046 2089 2107 aliquod

132 2115 306 2169 bonum
333 2114 720 2173 consequendum.
741 2113 869 2158 Sicut
886 2122 1037 2158 autem
1054 2114 1200 2157 homo
1218 2128 1298 2172 per
1319 2114 1605 2159 voluntatem
1627 2114 1869 2159 inclinatur
1886 2115 1932 2159 in
1952 2115 2090 2159 finem

134 2191 180 2226 et
202 2182 428 2241 quietatur
463 2181 510 2224 in
536 2180 630 2235 illo,
662 2181 724 2224 ita
747 2195 941 2240 corpora
966 2181 1190 2225 naturalia
1215 2182 1387 2226 habent
1423 2182 1744 2227 inclinationes
1786 2182 2014 2227 naturales
2043 2183 2089 2227 in

132 2247 246 2303 fines
268 2248 492 2307 proprios,
519 2261 635 2306 quae
662 2247 846 2307 quidem
873 2248 1144 2306 quietantur,
1178 2248 1265 2292 fine
1292 2250 1386 2307 jam
1420 2250 1598 2308 adepto.
1638 2249 1902 2293 Ridiculum
1937 2260 2090 2295 autem

133 2323 201 2359 est
226 2315 375 2359 dicere
401 2315 523 2373 quod
545 2314 646 2358 finis
673 2323 824 2361 motus
858 2315 1062 2372 corporis
1090 2315 1240 2372 gravis
1261 2330 1354 2359 non
1381 2317 1438 2360 sit
1463 2330 1560 2360 esse
1588 2318 1632 2360 in
1660 2317 1767 2361 loco
1795 2317 1994 2376 proprio,
2012 2317 2090 2361 sed

133 2381 352 2447 quietatio
377 2380 685 2426 inclinationis
707 2395 796 2440 qua
823 2381 868 2425 in
894 2381 984 2425 hoc
1011 2381 1248 2436 tendebat;
1278 2382 1316 2426 si
1343 2383 1464 2426 enim
1483 2383 1574 2427 hoc
1593 2383 1902 2442 principaliter
1927 2393 2090 2428 natura

131 2447 384 2494 intenderet
409 2457 458 2492 ut
481 2446 716 2492 inclinatio
743 2447 1032 2506 quietaretur,
1063 2462 1158 2491 non
1184 2449 1311 2493 daret
1349 2464 1477 2503 eam3
1505 2451 1581 2494 dat
1617 2461 1770 2494 autem
1803 2464 1907 2494 eam
1939 2460 1988 2495 ut
2012 2464 2091 2510 per

132 2515 225 2560 hoc
248 2515 295 2558 in
321 2514 477 2559 locum
504 2514 738 2573 proprium
775 2515 952 2568 tendat3
978 2528 1069 2573 quo
1108 2526 1358 2576 consecuto
1385 2517 1513 2575 quasi
1544 2516 1649 2570 fine,
1676 2517 1875 2575 sequitur
1907 2516 2091 2561 inclina-

132 2581 270 2627 tionis
294 2581 539 2640 quietatio;
558 2590 601 2625 et
622 2580 686 2625 sic
714 2581 932 2640 quietatio
954 2581 1057 2626 talis
1083 2595 1179 2626 non
1206 2593 1324 2626 esset
1350 2583 1465 2638 finis,
1492 2584 1572 2628 sed
1598 2585 1915 2632 concomitans
1936 2584 2088 2632 finem.

132 2646 231 2693 Nec
257 2647 393 2706 igitur
418 2646 660 2692 delectatio
687 2657 754 2692 est
784 2646 885 2692 finis
911 2646 1112 2701 ultimus,
1139 2649 1216 2692 sed
1245 2650 1562 2694 concomitans
1594 2651 1756 2710 ipsum.
1782 2650 1930 2696 Multo
1952 2651 2090 2710 igitur

134 2713 282 2772 magis
305 2728 390 2759 nec
417 2713 579 2772 aliquis
605 2713 852 2758 voluntatis
878 2723 1004 2758 actus
1028 2724 1096 2758 est
1121 2713 1326 2760 felicitas.

223 2779 413 2825 Adhuc:
430 2780 469 2824 si
486 2780 674 2837 alicujus
691 2780 757 2824 rei
782 2780 838 2824 sit
855 2779 1006 2838 aliqua
1030 2794 1101 2824 res
1125 2781 1319 2825 exterior
1345 2781 1460 2837 finis,
1472 2782 1550 2826 illa
1567 2784 1775 2842 operatio
1799 2782 1974 2837 dicetur
1990 2798 2089 2836 esse

134 2844 235 2908 finis
256 2845 458 2900 uitimus,
483 2859 562 2904 per
588 2860 725 2904 quam
750 2846 899 2905 primo
933 2847 1224 2907 consequitur
1248 2862 1347 2891 rem
1386 2847 1540 2894 illam:
1567 2850 1685 2894 sicut
1722 2848 1798 2902 his
1826 2851 1988 2911 quibus
2017 2865 2089 2912 pe-

135 2911 270 2956 cunia
305 2921 373 2956 est
407 2911 522 2966 finis,
560 2912 720 2956 dicitur
765 2913 903 2956 etiam
935 2913 1166 2971 possidere
1192 2914 1435 2972 pecuniam
1467 2915 1584 2969 finis,
1611 2930 1706 2961 non
1739 2927 1894 2971 autern
1919 2926 2088 2975 astute,

133 2991 281 3037 neque
302 2978 641 3037 concupiscere.
667 2978 788 3023 Finis
815 2989 966 3023 autem
993 2978 1179 3024 ultimus
1206 2982 1481 3026 substantiae
1507 2982 1827 3035 intellectualis
1851 2968 2087 3038 cathetus.

134 3044 219 3093 Illa
239 3044 375 3103 igitur
400 3044 605 3104 operatio
632 3045 833 3090 hominis
860 3055 927 3090 est
952 3046 1306 3092 substantialiter
1323 3050 1419 3106 ejus
1440 3049 1672 3094 beatitudo
1695 3051 1768 3095 vel
1785 3050 1992 3107 felicitas,
2007 3066 2091 3112 pn·

133 3125 271 3170 quam
299 3111 445 3170 primo
474 3111 652 3170 attingit
684 3111 738 3155 ad
765 3112 931 3156 Deum.
965 3113 1066 3157 Hoc
1094 3124 1247 3157 autem
1288 3125 1356 3159 est
1394 3115 1675 3172 intelligere3
1708 3132 1817 3169 narn
1849 3118 1967 3163 velle
1987 3131 2105 3170 nnn·

133 3191 376 3237 possumus
400 3177 522 3237 quod
548 3191 641 3222 non
667 3177 975 3236 intelligimus.
1004 3179 1084 3224 Est
1114 3180 1252 3238 igitur
1284 3181 1444 3225 ultima
1480 3181 1671 3228 felicitas
1713 3184 1913 3230 hominis
1941 3187 1985 3230 in
2013 3200 2087 3231 co-

133 3245 398 3303 gnoscendo
424 3244 575 3290 Deum
601 3258 680 3303 per
711 3245 990 3290 intellectum
1013 3247 1377 3303 substantialiter,
1404 3259 1447 3293 et
1472 3264 1566 3293 non
1592 3251 1638 3294 in
1671 3261 1773 3295 actu
1795 3251 2055 3299 voluntatis.

215 3311 316 3370 Jam
334 3311 484 3370 igitur,
499 3325 580 3370 per
595 3325 648 3355 ea
666 3325 781 3370 quae
807 3311 924 3357 dicta
946 3323 1063 3367 sunt,
1082 3324 1204 3373 patet
1226 3314 1393 3359 solutio
1412 3317 1458 3360 in
1482 3317 1759 3362 contrarium
1783 3317 2082 3377 objectorum.

220 3377 328 3423 Non
360 3377 498 3431 enim,
537 3377 574 3422 si
604 3377 794 3423 felicitas
824 3392 904 3438 per
935 3379 1025 3424 hoc
1068 3381 1190 3439 quod
1229 3381 1366 3426 habet
1398 3383 1622 3428 rationem
1656 3385 1826 3429 summi
1868 3375 1977 3431 boni
2016 3399 2086 3434 est

134 3444 364 3503 objectum
396 3444 654 3502 voluntatis,
695 3454 877 3505 propter
907 3445 997 3490 hoc
1029 3461 1215 3492 necesse
1258 3458 1326 3492 est
1367 3450 1488 3508 quod
1522 3451 1577 3495 sit
1608 3451 1957 3503 substantialiter
1986 3454 2084 3520 ipse

133 3520 262 3557 actus
293 3511 554 3566 voluntatis,
585 3521 634 3556 ut
663 3512 809 3571 prima
841 3512 956 3558 ratio
990 3513 1283 3573 procedebat3
1317 3517 1462 3560 immo
1506 3530 1561 3561 ex
1593 3518 1683 3563 hoc
1719 3518 1819 3578 ipso
1861 3521 1982 3582 quod
2016 3533 2084 3568 est

134 3576 332 3639 primum
358 3577 605 3638 objectum,
636 3579 837 3638 sequitur
861 3579 984 3638 quod
1015 3594 1109 3631 non
1135 3583 1191 3626 sit
1218 3592 1342 3627 actus
1377 3583 1486 3640 ejus,
1514 3594 1561 3630 ut
1587 3599 1642 3630 ex
1667 3585 1800 3634 dictis
1825 3599 2023 3649 apparet.
