2332 3854
211 222 285 277 24
924 222 1078 261 LmER
1117 223 1152 260 1.
1195 222 1314 261 cAP.
1355 222 1445 260 xx.

212 323 302 367 alia
329 337 520 383 corpora
547 322 847 368 nobilitatem.
874 322 925 367 Id
951 337 1061 382 ergo
1088 337 1179 381 quo
1204 322 1320 367 nihil
1345 332 1414 367 est
1432 322 1643 378 nobilius,
1666 336 1831 383 corpus
1847 336 1941 367 non
1963 331 2044 368 est.
2062 321 2164 367 Hoc

212 399 366 435 autem
394 402 462 435 est
486 392 626 435 Deus.
654 391 776 449 Ergo
802 404 897 434 non
924 400 990 434 est
1016 404 1195 448 corpus.

302 471 343 515 7.
361 459 501 503 Item:
519 457 807 501 inveniuntur
824 457 1022 500 rationes
1040 456 1431 516 Philosophorum
1447 457 1609 516 (Phys.
1622 457 1743 501 VIII.
1761 467 1792 502 t.
1810 471 1848 502 c.
1871 470 1936 514 52.
1960 467 2004 501 et
2020 455 2166 515 seqq.)

212 526 267 569 ad
293 525 417 569 idem
445 524 790 576 ostendendum,
818 523 1117 581 procedentes
1143 538 1196 567 ex
1223 525 1489 569 aeternitate
1521 534 1687 578 motus,
1719 525 1766 567 in
1797 524 1919 568 hunc
1952 522 2166 568 modum:

209 593 263 636 In
301 592 429 635 omni
465 602 594 635 motu
629 591 921 649 sempitern0‚
963 600 1143 648 oportet
1175 591 1297 649 quod
1329 591 1528 650 primum
1564 605 1755 635 movens
1787 605 1881 635 non
1916 598 2168 643 moveatur,

209 672 360 733 neque
386 672 465 717 per
491 672 552 712 se,
579 671 725 715 neque
753 671 832 715 per
859 656 1085 711 accidens,
1112 657 1228 702 sicut
1254 671 1308 701 ex
1334 658 1602 717 supradictis
1628 659 1688 715 (c.
1717 659 1805 716 13.)
1828 667 1965 717 patet.
1988 657 2170 716 Corpus

212 735 365 769 autem
393 724 511 769 coeli
538 733 747 767 movetur
774 722 1052 767 circulariter
1077 733 1206 768 motu
1233 725 1536 784 sempitern03
1564 739 1673 784 ergo
1700 725 1871 783 primus
1899 734 2052 770 motor
2073 723 2170 771 eius

209 806 304 836 non
331 801 542 835 movetur
568 804 715 848 neque
735 804 813 846 per
831 803 892 843 se,
911 803 1059 848 neque
1086 804 1165 849 per
1191 791 1416 836 accidens.
1439 791 1631 836 Nullum
1658 800 1810 836 autem
1833 805 1997 850 corpus
2013 799 2172 835 movet

209 858 417 903 localiter
442 858 529 901 nisi
556 866 819 910 moveatur;
844 870 899 900 eo
927 856 1050 915 quod
1077 867 1258 915 oportet
1289 868 1470 903 motum
1503 867 1547 902 et
1577 872 1770 903 movens
1802 872 1900 903 esse
1932 857 2082 903 simul.
2114 857 2172 901 Et

210 926 275 970 sic
304 938 469 982 corpus
497 937 687 967 movens
715 924 888 967 moveri
908 934 1102 982 oportet,
1121 925 1176 967 ad
1198 925 1289 968 hoc
1308 925 1430 984 quod
1458 925 1515 970 sit
1540 925 1676 969 simul
1694 939 1800 969 cum
1817 938 2008 984 corpore
2025 933 2169 969 moto.

210 991 350 1036 Nulla
372 992 510 1035 etiam
526 991 667 1034 virtus
694 991 740 1033 in
768 1004 960 1048 corpore
978 1001 1150 1044 movet,
1167 991 1255 1035 nisi
1280 1006 1359 1050 per
1385 992 1596 1036 accidens
1613 1002 1876 1046 moveatur3
1903 991 2023 1051 quia,
2040 1000 2170 1036 moto

211 1072 417 1118 corpore,
444 1066 655 1101 movetur
680 1071 759 1114 per
787 1056 997 1100 accidens
1015 1057 1156 1101 virtus
1175 1059 1392 1117 corporis.
1411 1059 1534 1117 Ergo
1559 1059 1734 1117 primus
1760 1069 1915 1104 motor
1937 1057 2056 1104 coeli
2076 1071 2171 1102 non

211 1136 279 1170 est
303 1139 466 1183 corpus
503 1138 651 1182 neque
677 1123 818 1167 virtus
854 1123 902 1166 in
939 1137 1155 1182 corpore3
1188 1125 1279 1168 hoc
1313 1135 1466 1169 autem
1503 1126 1559 1169 ad
1596 1126 1718 1184 quod
1750 1124 1914 1171 ultimo
1945 1124 2173 1170 reducitur

210 1202 362 1236 motus
391 1191 650 1235 coelisicut
676 1190 731 1233 ad
758 1190 958 1248 primum
984 1204 1177 1235 movens
1207 1191 1460 1246 immobile,
1488 1202 1556 1237 est
1580 1193 1720 1238 Deus.
1752 1194 1880 1238 Deus
1910 1193 2047 1252 igitur
2077 1205 2172 1239 non

212 1269 279 1304 est
305 1272 486 1316 corpus.

300 1325 340 1368 8.
368 1324 559 1368 Adhuc:
593 1321 718 1366 nulla
749 1323 952 1381 potentia
986 1323 1162 1368 infinita
1189 1335 1256 1369 est
1280 1325 1484 1384 potentia
1521 1328 1566 1370 in
1605 1325 1932 1385 magnitudine.
1963 1324 2174 1370 Potentia

214 1392 348 1452 primi
368 1390 561 1435 motoris
590 1399 657 1434 est
681 1391 885 1448 potentia
910 1390 1099 1436 infinita.
1132 1390 1254 1450 Ergo
1277 1406 1372 1436 non
1399 1402 1467 1437 est
1497 1392 1544 1436 in
1578 1392 1729 1452 aliqua
1761 1392 2088 1452 magnitudine.
2119 1390 2178 1436 Et

214 1460 279 1503 sic
304 1459 445 1511 Deus,
467 1457 544 1516 qui
559 1466 625 1500 est
641 1456 812 1516 primus
834 1466 1002 1511 motor,
1018 1471 1166 1516 neque
1195 1469 1261 1503 est
1283 1473 1463 1516 corpus,
1489 1473 1637 1518 neque
1655 1470 1722 1504 est
1736 1460 1876 1504 virtus
1897 1459 1945 1503 in
1967 1471 2174 1518 corpore.

302 1525 457 1568 Prima
483 1524 547 1568 sic
574 1524 812 1582 probatur:
841 1523 891 1567 Si
912 1525 1116 1582 potentia
1134 1524 1324 1584 alicujus
1347 1526 1673 1585 magnitudinis
1696 1536 1764 1571 est
1783 1525 1973 1580 infinita,
1996 1535 2073 1571 aut
2093 1524 2177 1570 erit

216 1591 539 1650 magnitudinis
572 1590 726 1634 finitae
753 1600 830 1634 aut
853 1590 1069 1636 infinitae.
1100 1592 1371 1651 Magnitudo
1403 1593 1579 1637 infinita
1610 1593 1737 1637 nulla
1769 1603 1849 1648 est,
1881 1603 1931 1638 ut
1961 1592 2178 1653 probatur

215 1661 261 1703 in
287 1658 419 1703 tertio
446 1657 631 1716 Physic.
656 1657 716 1714 (c.
743 1656 843 1700 VII.
870 1667 901 1701 t.
930 1672 967 1701 c.
1000 1672 1052 1718 39
1080 1668 1123 1702 et
1149 1660 1310 1718 seqq.)‚
1338 1670 1382 1704 et
1415 1660 1463 1703 in
1498 1662 1646 1719 primo
1666 1661 1744 1704 De
1771 1659 1905 1704 coelo
1931 1669 1977 1704 et
2001 1659 2175 1704 mundo

218 1728 279 1784 (c.
303 1726 360 1769 V.
394 1735 425 1771 t.
461 1738 497 1768 c.
530 1722 729 1782 35-75.);
763 1725 1086 1783 magnitudinis
1124 1735 1276 1770 autem
1312 1726 1466 1771 finitae
1491 1741 1585 1771 non
1621 1737 1688 1772 est
1721 1726 1935 1786 possibile
1967 1740 2067 1772 esse
2099 1739 2177 1786 po-

218 1792 410 1837 tentiam
435 1791 684 1845 infinitam3
711 1800 756 1834 et
781 1791 844 1834 sic
885 1791 932 1834 in
958 1791 1083 1835 nulla
1124 1793 1435 1851 magnitudine
1461 1803 1612 1852 potest
1637 1808 1736 1838 esse
1763 1795 1965 1853 potentia
1984 1793 2175 1839 infinita.

310 1858 451 1911 Quod
478 1867 632 1902 autem
657 1858 704 1901 in
730 1858 1043 1916 magnitudine
1069 1858 1195 1903 finita
1226 1874 1320 1904 non
1352 1861 1496 1918 possit
1529 1875 1627 1905 esse
1659 1861 1864 1920 potentia
1887 1860 2078 1915 infinita,
2109 1859 2175 1905 sic

219 1926 458 1985 probatur:
487 1923 744 1983 Aequalem
781 1923 994 1968 effectum
1029 1940 1167 1983 quem
1199 1925 1308 1970 facit
1338 1927 1543 1985 potentia
1579 1927 1732 1972 minor
1755 1937 1965 1987 tempore
1995 1927 2177 1987 majori,

213 1993 322 2037 facit
346 1992 550 2051 potentia
576 1992 724 2049 major
748 2001 956 2050 tempore
983 1992 1164 2046 minori,
1191 1993 1537 2053 qualiscumque
1569 1995 1626 2039 sit
1656 1994 1734 2039 ille
1767 1993 1968 2049 effectuS,
1994 1994 2090 2039 sive
2122 1994 2180 2039 sit

212 2059 465 2104 secundum
507 2057 839 2112 alterationem,
879 2059 973 2102 sive
1014 2059 1269 2104 secundum
1316 2071 1493 2105 motum
1535 2061 1750 2117 localem,
1791 2062 1886 2106 sive
1925 2061 2180 2107 secundum

214 2139 550 2185 quemcumque
578 2124 719 2168 alium
745 2135 939 2169 motum.
969 2126 1058 2170 Sed
1084 2128 1289 2185 potentia
1324 2128 1500 2172 infinita
1534 2138 1602 2173 est
1636 2130 1785 2187 major
1817 2129 1946 2174 omni
1976 2130 2177 2188 potentia

213 2193 355 2246 finita,
381 2206 491 2250 ergo
520 2200 700 2250 oportet
722 2191 844 2250 quod
862 2191 909 2235 in
927 2193 1095 2236 minori
1111 2194 1316 2252 perficiat
1332 2194 1547 2239 effectum
1564 2195 1768 2240 velocius
1790 2195 2022 2240 movendo
2040 2209 2180 2255 quam

213 2259 417 2319 potentia
442 2273 759 2318 quaecumque
785 2259 932 2304 finita:
962 2274 1048 2304 nec
1075 2271 1224 2319 potest
1242 2276 1354 2316 esse,
1372 2263 1494 2320 quod
1511 2263 1558 2306 in
1578 2263 1745 2307 minori
1762 2262 1886 2321 quod
1908 2263 1967 2308 sit
1984 2273 2179 2321 tempus.

215 2327 502 2386 Relinquitur
531 2326 683 2385 igitur,
715 2326 839 2385 quod
858 2327 962 2371 ‘hoc
996 2329 1079 2372 erit
1108 2328 1155 2372 in
1187 2329 1449 2373 indivisibili
1474 2331 1709 2388 temporis,
1747 2340 1791 2374 et
1825 2330 1890 2374 sic
1921 2343 2110 2375 movere
2137 2339 2182 2375 et

215 2393 392 2438 moveri
419 2403 641 2438 et·motus
669 2403 821 2437 essent
851 2394 899 2438 in
932 2394 1131 2449 instanti,
1159 2397 1286 2454 cujus
1325 2397 1604 2440 contrarium
1640 2397 2003 2443 demonstratum
2035 2406 2105 2443 est
2134 2396 2181 2441 in

218 2471 346 2506 sexto
379 2460 562 2519 Physic.
597 2461 658 2517 (c.
691 2460 822 2504 111.t.
851 2475 889 2504 c.
917 2462 1104 2520 29-32.).
1135 2461 1275 2514 Quod
1308 2472 1461 2507 autem
1491 2478 1586 2508 non
1612 2464 1755 2522 possit
1779 2463 1983 2523 potentia
2006 2463 2182 2509 infinita

218 2527 544 2586 magnitudinis
570 2526 723 2570 finitae
750 2541 937 2572 movere
972 2528 1019 2572 in
1054 2538 1278 2588 tempore,
1315 2532 1379 2574 sic
1412 2531 1576 2574 iterum
1612 2531 1851 2589 probatur:
1886 2530 1956 2576 Sit
1979 2530 2182 2590 potentia

218 2594 407 2648 infinita,
436 2607 551 2652 quae
579 2603 646 2637 est
666 2594 724 2647 A,
743 2595 991 2653 accipiatur
1014 2604 1166 2639 autem
1189 2611 1291 2655 pars
1315 2598 1426 2656 ejus,
1449 2611 1564 2656 quae
1591 2607 1657 2641 est
1678 2598 1720 2641 A
1744 2598 1795 2651 B,
1816 2611 1920 2657 pars
1939 2597 2076 2656 igitur
2096 2597 2182 2642 ista

217 2661 422 2705 movebit
436 2661 483 2703 in
499 2670 707 2718 tempore
725 2662 912 2719 majori;
936 2663 1164 2721 oportebit
1180 2673 1335 2708 tamen
1353 2678 1450 2708 esse
1468 2663 1668 2723 aliquam
1685 2665 2030 2724 proportionem
2047 2664 2182 2724 hujus

217 2729 436 2787 temporis
464 2727 521 2771 ad
547 2737 727 2786 tempus
752 2728 799 2771 in
827 2742 918 2787 quo
945 2739 1104 2773 movet
1128 2739 1224 2773 tota
1250 2731 1467 2788 potentia,
1501 2745 1606 2775 cum
1640 2741 1882 2790 utrumque
1913 2741 2093 2790 tempus
2123 2730 2183 2776 sit

218 2795 410 2839 finitum.
436 2794 537 2838 Sint
560 2794 698 2853 igitur
722 2795 837 2839 haec
865 2796 955 2839 duo
982 2806 1191 2855 tempora
1216 2797 1262 2840 in
1290 2797 1479 2856 decupla
1507 2798 1802 2857 proportione
1824 2812 1873 2843 se
1900 2797 1956 2842 ad
1981 2798 2182 2842 invicem

218 2861 453 2916 habentia3
480 2875 576 2906 non
604 2861 726 2906 enirn
753 2871 975 2921 quantum
999 2863 1054 2906 ad
1078 2863 1195 2907 hanc
1223 2865 1450 2908 rationem
1476 2864 1624 2909 differt
1647 2865 1798 2919 istam,
1820 2864 1894 2910 vel
1920 2865 2058 2910 aliam
2082 2879 2184 2925 pro·

219 2930 482 2988 portionem
509 2928 680 2974 dicere:
703 2929 741 2974 si
764 2940 922 2973 autem«
935 2930 1124 2974 addatur
1142 2931 1197 2974 ad
1217 2932 1469 2990 potentiam
1484 2932 1763 2990 praedictam
1784 2931 1975 2986 finitam,
1992 2931 2184 2976 diminui

220 2995 449 3055 oportebit
465 2996 518 3039 de
536 3005 743 3055 tempore
756 2996 1008 3040 secundum
1025 2998 1373 3056 proportionem
1391 2998 1632 3043 additionis
1652 2999 1706 3043 ad
1723 2999 1977 3057 potentiam
1992 2997 2183 3053 finitam,

218 3076 326 3107 cum
353 3063 501 3121 major
527 3062 731 3121 potentia
755 3062 802 3106 in
830 3063 998 3107 minori
1024 3074 1231 3124 tempore
1259 3075 1457 3109 moveat.
1487 3065 1536 3110 Si
1562 3079 1672 3124 ergo
1701 3065 1891 3110 addatur
1921 3064 2182 3125 decuplum,

219 3128 298 3174 illa
328 3123 532 3189 potentia
559 3130 762 3174 movebit
782 3130 829 3174 in
851 3140 1074 3190 tempore,
1094 3131 1215 3190 quod
1242 3132 1326 3176 erit
1352 3132 1531 3176 decima
1552 3147 1654 3191 pars
1670 3132 1890 3191 temporis
1905 3132 1953 3177 in
1975 3146 2067 3193 quo
2088 3146 2186 3178 mo-

219 3197 354 3241 vebat
375 3196 523 3254 prima
544 3211 647 3255 pars
671 3207 857 3256 accepta
880 3197 1083 3242 infinitae
1105 3199 1349 3257 potentiae,
1373 3198 1615 3249 scilicet,A
1645 3200 1702 3253 B;
1729 3210 1774 3243 et
1794 3209 1950 3245 tamen
1969 3199 2085 3245 haec
2106 3212 2185 3259 po-

221 3263 375 3317 tentia,
397 3277 514 3322 quae
542 3274 609 3308 est
634 3263 878 3323 decuplum
905 3266 1016 3323 ejus,
1045 3275 1111 3309 est
1137 3266 1338 3324 potentia
1355 3265 1494 3321 finita,
1518 3279 1624 3310 cum
1650 3266 1816 3311 habeat
1840 3267 2184 3326 proportionem

220 3330 570 3375 determinatam
597 3331 653 3376 ad
678 3332 932 3390 potentiam
958 3332 1147 3376 finitam.
1171 3332 1457 3391 Relinquitur
1482 3333 1632 3392 igitur,
1660 3334 1783 3392 quod
1804 3334 1852 3378 in
1874 3332 2054 3394 aequali
2073 3343 2184 3380 tem·

219 3411 331 3456 pore
358 3407 543 3441 moveat
567 3398 771 3457 potentia
796 3398 922 3443 finita
950 3409 993 3444 et
1018 3399 1206 3454 infinita,
1234 3400 1356 3459 quod
1388 3411 1456 3445 est
1485 3399 1782 3459 impossibile.
1808 3401 1921 3447 Non
1940 3400 2078 3461 igitur
2107 3415 2187 3461 po·

215 3463 358 3507 tentia
383 3463 558 3508 infinita
585 3465 911 3523 magnitudinis
940 3465 1093 3510 finitae
1120 3476 1270 3525 potest
1296 3481 1482 3511 movere
1508 3467 1554 3511 in
1580 3477 1792 3527 tempore
1819 3467 1985 3528 aliquo.
2046 3480 2048 3482 ·

312 3530 453 3584 Quod
482 3541 635 3576 autem
661 3533 866 3591 potentia
896 3533 1032 3593 primi
1058 3534 1250 3579 motoris
1276 3534 1333 3579 sit
1355 3533 1547 3589 infinita,
1573 3534 1638 3580 sic
1666 3534 1906 3594 probatur:
1937 3533 2080 3584 Nulla.
2108 3549 2187 3596 po-

224 3597 366 3642 tentia
382 3596 508 3643 finita
523 3608 673 3658 potest
689 3613 876 3645 movere
893 3609 1102 3660 tempore
1120 3600 1318 3657 infinit03
1342 3600 1422 3647 sed
1442 3601 1648 3662 potentia
1669 3601 1805 3661 primi
1820 3601 2012 3660 motoris
2028 3612 2187 3651 movet
