2294 3854
797 215 952 255 Lmen
994 215 1064 254 tv.
1107 217 1227 255 cap,
1268 216 1430 255 Lxxv.
1981 204 2079 257 681

52 374 71 437 -j
856 397 1110 452 CAPUT
1152 388 1377 469 LXXV.

48 493 78 551 7,
127 483 220 558 ικ-πξυ
667 517 773 555 4ΒΡ,
811 516 1211 557 msrmcrrouss
1251 516 1523 556 oanmum.

46 580 61 586 L
692 585 693 589 Ἰ
869 609 970 667 (IV.
1000 609 1108 654 Sent.
1136 609 1227 654 dist.
1254 610 1360 668 24).

46 700 61 764 J
143 731 165 755 2·
192 751 195 753 .
217 704 622 752 Considerandum
647 715 716 751 est
741 715 895 751 autem
919 705 1043 765 quod
1069 715 1270 764 potestas
1301 718 1418 764 quae
1434 705 1665 749 ordinatur
1681 705 1738 750 ad
1755 704 1953 764 aliquem
1975 704 2090 764 prin·

48 803 55 820 f
120 772 332 832 ιεἶρε-19411
371 770 586 823 effectum
610 781 717 817 nata
748 782 816 817 est
855 772 1023 817 habere
1065 772 1147 816 sub
1188 786 1237 816 se
1276 771 1512 816 inferiores
1545 781 1790 829 potestates
1821 771 1905 816 sibi
1945 771 2090 817 deser·

36 855 64 901 33
127 838 329 889 „vientesz
356 838 479 897 quod
506 837 745 883 manifeste
769 838 816 882 in
842 838 1011 883 artibus
1043 847 1242 897 apparet.
1269 838 1371 882 Arti
1410 838 1532 881 enim
1574 851 1690 896 quae
1722 836 1920 882 formam
1958 837 2090 882 artifi-

32 931 55 964 3
127 903 300 955 cialem
318 904 490 950 inducit
521 905 780 950 deserviunt
812 914 930 949 artes
961 919 1077 963 quae
1107 905 1364 963 disponunt⁷
1382 905 1645 957 materiam3
1679 913 1723 947 et
1753 903 1830 947 illa
1861 917 1975 962 quae
2002 902 2088 947 for-

84 1008 90 1016 .
122 984 260 1022 :mam
299 970 473 1016 inducit
513 970 708 1015 deservit
746 970 829 1015 arti
873 970 929 1014 ad
969 983 1108 1029 quam
1148 970 1341 1029 pertinet
1381 969 1603 1014 artificiati
1644 969 1767 1024 finis;
1809 980 1854 1013 et
1900 969 2086 1014 ulterius

133 1051 251 1098 quae
276 1037 509 1082 ordinatur
534 1036 589 1081 ad
617 1037 892 1081 anteriorem
930 1036 1068 1081 finem
1106 1037 1300 1080 deservit
1325 1036 1390 1080 illi
1422 1037 1476 1080 ad
1510 1050 1647 1095 quam
1681 1036 1873 1094 pertinet
1901 1035 2086 1080 ultimus

12 1099 53 1153 ’ἢ
121 1099 398 1159 ἠοὶςιίευῖ
437 1117 523 1165 ars,
557 1117 674 1162 quae
706 1103 853 1148 caedit
883 1103 1023 1162 ligna,
1064 1102 1258 1147 deservit
1289 1102 1601 1157 navifactivae‚
1642 1113 1685 1148 et
1724 1103 1838 1147 haec
1870 1104 2087 1161 guberna-

29 1199 47 1221 2
124 1173 291 1230 auriae,
329 1184 446 1230 quae
483 1170 650 1214 iterum
680 1170 878 1215 deservit
908 1171 1254 1225 oeconomicae,
1293 1169 1367 1214 vel
1408 1169 1605 1224 militari,
1646 1179 1724 1215 aut
1763 1169 1897 1214 alicui
1937 1170 2088 1227 hujus·

12 1230 69 1279 ἷς·
120 1237 286 1292 ,modu
304 1236 557 1287 secundum
583 1237 705 1295 quod
731 1237 964 1295 navigatio
992 1237 1047 1280 ad
1074 1237 1276 1281 diversos
1304 1237 1415 1281 fines
1437 1237 1637 1281 ordinari
1662 1246 1823 1295 potest.
1853 1235 1976 1288 Quia
2001 1235 2088 1294 igi-

11 1301 45 1367 {ss
100 1314 104 1319 ’
125 1311 435 1364 ωζροῑεεεαε
458 1303 628 1351 ordinis
653 1303 959 1363 principaliter
985 1304 1218 1348 ordinatur
1240 1304 1297 1348 ad
1319 1317 1484 1362 corpus
1507 1303 1680 1348 Christi
1706 1303 2085 1356 consecrandum,

131 1380 178 1416 et
206 1369 413 1415 fidelibus
438 1369 808 1429 dispensandum,
841 1380 886 1415 et
911 1370 967 1414 ad
989 1369 1145 1415 fideles
1167 1384 1193 1414 a
1214 1371 1413 1429 peccatis
1440 1370 1741 1428 purgandum,
1785 1379 1967 1428 oportet
1988 1382 2085 1413 esse

121 1436 332 1497 aliquem
361 1436 662 1496 principalem
693 1436 916 1490 ordinem,
951 1437 1078 1494 cujus
1104 1446 1304 1495 potestas
1336 1437 1392 1480 ad
1417 1437 1507 1480 hoc
1531 1435 1839 1495 principaliter
1865 1449 1912 1481 se
1938 1445 2087 1479 exten-

119 1503 237 1558 *dan
260 1513 304 1549 'et
327 1503 404 1548 hic
425 1513 493 1548 est
517 1502 631 1548 ordo
658 1502 977 1558 sacerdotalis;
1000 1502 1114 1547 alios
1141 1513 1295 1548 autem
1317 1503 1394 1561 qui
1416 1502 1565 1546 eidem
1591 1503 1789 1546 serviant
1812 1501 2084 1560 aliqualiter,

128 1569 371 1631 materiam
401 1568 702 1628 disponendo,
728 1579 774 1613 et
797 1569 846 1614 hi
877 1579 981 1613 sunt
1021 1569 1202 1614 ordines
1235 1569 1601 1613 ministrantium.
1637 1569 1761 1621 Quia
1800 1582 1910 1613 vero
1942 1582 2086 1613 sacer-

129 1634 295 1683 dotalis
318 1644 607 1695 potestas,'ut
628 1636 801 1680 dictum
828 1645 895 1680 est
917 1637 978 1693 (c.
1005 1636 1177 1694 praec.)
1203 1649 1250 1680 se
1274 1636 1473 1680 extendit
1500 1636 1554 1679 ad
1581 1635 1687 1689 duo,
1710 1634 1884 1680 scilicet
1910 1635 1966 1679 ad
1990 1648 2086 1678 cor-

129 1702 267 1763 poris·
284 1700 460 1749 Christi
490 1702 902 1756 consecrationem,
925 1712 970 1746 et
996 1702 1052 1746 ad
1078 1702 1360 1747 reddendum
1390 1701 1547 1746 fideles
1574 1701 1766 1752 idoneos
1801 1715 1880 1759 per
1906 1700 2084 1754 absolu·

129 1768 303 1826 tionem
333 1782 360 1813 a
396 1769 596 1828 peccatis
622 1768 678 1812 ad
718 1767 1029 1812 Eucharistiae
1069 1769 1436 1827 perceptionem3
1469 1777 1649 1826 oportet
1689 1767 1811 1826 quod
1847 1765 2082 1811 inferiores

126 1834 313 1880 ordines
338 1834 382 1880 ei
401 1834 660 1880 deserviant
678 1833 752 1879 vel
771 1834 819 1879 in
844 1844 1053 1893 utroque,
1078 1834 1150 1878 vel
1176 1835 1224 1878 in
1251 1834 1393 1878 altero
1416 1844 1615 1878 tantum:
1638 1843 1684 1878 et
1704 1832 1995 1877 manifestum
2017 1843 2085 1877 est

128 1901 254 1960 quod
283 1911 412 1947 muto
444 1901 605 1960 aliquis
637 1902 753 1945 inter
777 1899 1013 1945 inferiores
1038 1900 1220 1945 ordines
1252 1901 1456 1959 superior
1489 1910 1570 1954 est,
1602 1910 1772 1958 quanto
1814 1899 2084 1944 sacerdotali

129 1967 325 2012 deservit
348 1967 396 2011 in
420 1966 634 2025 pluribus,
666 1965 741 2011 vel
763 1966 811 2011 in
844 1966 996 2026 aliquo
1030 1967 1238 2025 digniori.
1264 1965 1415 2010 Infimi
1440 1967 1576 2025 igitur
1613 1966 1795 2010 ordines
1826 1966 2084 2009 deserviunt

128 2033 401 2079 sacerdotali
425 2033 575 2078 ordini
599 2032 751 2077 solum
783 2034 829 2077 in
861 2033 1018 2093 populi
1045 2034 1404 2092 praeparatione.
1440 2033 1628 2079 Ostiarii
1668 2033 1853 2091 quidem
1887 2032 2082 2077 arcendo

126 2099 333 2146 infideles
359 2114 386 2144 a
411 2110 546 2145 coetu
572 2099 798 2153 fidelium;
831 2099 1025 2145 lectores
1048 2110 1201 2144 autem
1226 2100 1492 2145 instruendo
1519 2100 1876 2144 catechumenos
1898 2099 1954 2143 de
1979 2098 2083 2143 fidei

125 2167 409 2220 rudimentis,
425 2167 544 2212 unde
562 2166 626 2211 eis
650 2166 882 2225 Scriptura
904 2166 1081 2211 Veteris
1100 2166 1386 2212 Testamenti
1402 2168 1702 2212 committitur
1718 2166 1939 2225 legendo;
1961 2181 2085 2211 exor-

27 2290 32 2298 Σ
104 2233 267 2281 cista
292 2244 447 2280 autem
474 2233 712 2292 purgando
739 2247 818 2278 eos
845 2235 920 2293 qui
946 2235 1039 2291 jam
1063 2234 1271 2279 instructi
1307 2244 1424 2287 sunt,
1457 2235 1495 2278 si
1528 2234 1780 2293 aliqualiter
1806 2249 1830 2278 a
1858 2234 2095 2279 daemone·

124 2298 434 2360 impediuntur
465 2315 491 2344 a
522 2300 814 2358 perceptione
840 2310 1254 2354 sacramentorum;
1282 2303 1537 2359 superiores
1562 2315 1672 2346 vero
1711 2301 1892 2345 ordines
1926 2315 2081 2345 sacer-

127 2365 303 2425 dotales
328 2366 587 2424 deserviunt
611 2376 656 2410 et
681 2368 727 2410 in
753 2367 1096 2425 praeparatione
1124 2367 1296 2426 populi,
1318 2363 1368 2411 'et
1393 2368 1448 2411 ad
1472 2368 1918 2412 consummationem
1941 2382 2085 2413 sacra-

128 2433 297 2487 menti3
322 2447 431 2477 nam
459 2431 662 2491 acolythi
701 2433 871 2476 habent
903 2429 1203 2478 ministerium
1242 2448 1379 2492 super
1410 2448 1518 2482 vasa
1549 2448 1643 2478 non
1675 2448 1819 2487 sacra,
1845 2434 1891 2477 in
1923 2434 2082 2492 quibus
2109 2472 2114 2476 .

126 2500 402 2546 sacramenti
425 2500 616 2544 materia
645 2509 950 2558 praeparatur,
984 2499 1104 2544 unde
1147 2500 1212 2543 eis
1254 2500 1427 2543 urceoli
1467 2500 1513 2543 in
1556 2514 1635 2543 sua
1677 2500 1963 2544 ordinatione
1997 2510 2082 2543 tra-

114 2566 317 2620 ‘duntnn
345 2565 610 2611 subdiaconi
643 2575 796 2611 autem
822 2565 991 2610 habent
1012 2565 1314 2610 ministerium
1339 2580 1474 2624 supra
1500 2580 1607 2609 vasa
1633 2580 1776 2620 sacra,
1799 2576 1843 2609 et
1868 2580 2001 2624 super
2022 2566 2083 2609 di-

127 2631 426 2692 spositionem
453 2631 671 2677 materiae
695 2632 903 2677 nondum
930 2641 1248 2686 consacratae;
1281 2633 1463 2676 diaconi
1494 2642 1647 2676 autem
1690 2631 1874 2676 ulterius
1914 2632 2082 2676 habent

127 2697 315 2759 aliquod
355 2698 656 2744 ministerium
687 2713 821 2758 super
861 2698 1100 2743 materiam
1140 2699 1233 2755 jam
1275 2708 1604 2752 consecratam,
1646 2708 1780 2756 prout
1810 2698 2080 2756 sanguinem

129 2764 302 2812 Christi
327 2764 558 2824 dispensat
589 2764 818 2826 fidelibus:
847 2775 891 2809 et
917 2765 1019 2808 ideo
1048 2764 1095 2807 hi
1126 2774 1215 2808 tres
1241 2764 1436 2819 ordines,
1463 2764 1635 2808 scilicet
1667 2765 1971 2817 sacerdotum,
1994 2765 2082 2809 dia·

128 2844 354 2880 cenorum
374 2842 421 2877 et
445 2832 847 2885 subdiaconorum,
869 2832 985 2876 sacri
1002 2831 1227 2884 dicuntur,
1250 2831 1354 2889 quia
1377 2831 1603 2889 accipiunt
1630 2831 1930 2875 ministerium
1947 2844 2082 2888 super

127 2897 279 2958 aliqua
301 2912 444 2944 sacra.
476 2899 751 2943 Deserviunt
782 2899 919 2944 etiarn
948 2898 1205 2956 superiores
1233 2898 1417 2941 ordines
1442 2898 1488 2940 in
1516 2897 1865 2955 praeparatione,
1892 2897 2078 2956 populi;

125 2965 249 3011 unde
272 2975 317 3011 et
340 2964 605 3011 diaconibus
635 2965 934 3009 committitur
952 2963 1216 3021 evangelica
1234 2963 1439 3007 doctrina
1457 2963 1629 3022 populo
1648 2964 1957 3022 proponenda,
1979 2964 2081 3008 sub-

128 3025 393 3076 diaconibus
425 3030 692 3091 apostolica,
720 3030 944 3088 acolythis
973 3039 1021 3073 ut
1046 3030 1166 3073 circa
1199 3040 1438 3088 utrumque
1472 3030 1712 3074 exhibeant
1744 3030 1865 3088 quod
1889 3030 2081 3088 pertinet

126 3097 185 3142 ad
217 3097 555 3143 solemnitatem
582 3097 831 3149 doctrinae,
859 3107 906 3139 ut
927 3095 1100 3140 scilicet
1121 3095 1363 3139 luminaria
1390 3094 1607 3149 deferant,
1634 3105 1679 3141 et
1704 3094 1791 3140 alia
1817 3095 2083 3154 hujusmodi

128 3162 456 3209 administrent.

828 3284 1082 3340 CAPUT
1124 3285 1379 3341 LXXVI.

184 3396 610 3455 DB⁴EPISCOPAL1
642 3402 971 3455 mcm’rxrss,
1002 3404 1072 3442 ΕΤ
1107 3405 1266 3450 Quon
1300 3406 1356 3444 m
1387 3405 1458 3443 EA
1492 3404 1633 3445 unus
1667 3406 1751 3443 sm·
1786 3384 2021 3444 sumis.

220 3500 344 3553 Quia
373 3512 485 3544 vero
517 3499 725 3543 omnium
756 3498 926 3542 horum
959 3499 1172 3542 ordinum
1199 3498 1386 3544 collatio
1420 3514 1525 3544 cum
1558 3499 1758 3558 quodam
1791 3509 2079 3545 sacramento

131 3566 372 3625 perficitur,
398 3575 446 3611 ut
461 3567 635 3610 dictum
661 3575 727 3609 est
752 3566 814 3621 (c.
841 3565 948 3622 74),
973 3575 1256 3610 sacramenta
1281 3579 1391 3611 vero
1419 3565 1648 3611 Ecclesiae
1675 3576 1779 3611 sunt
1800 3581 1878 3626 per
1904 3566 2080 3626 aliquos
