2332 3854
0 3465 3 3468 ¹
0 3372 13 3444 *fram-
0 3297 12 3363 π’,
0 3212 16 3287 »πῆ-ττ-
0 3147 15 3203 ’'⁷2‘'
0 3023 19 3139 'ms-sm·-

837 230 992 269 LrssER
1030 230 1066 268 1.
1108 229 1229 267 CAP.
1272 228 1380 267 xw.
2023 231 2084 284 19

132 331 372 392 perfectius
405 331 745 391 cognoscimus,
777 341 949 391 quanto
980 330 1255 377 differentias
1285 332 1382 389 ejus
1415 330 1471 374 ad
1505 330 1593 375 alia
1626 329 1805 388 plenius
1834 330 2087 386 intuemur;

131 397 270 444 habet
292 399 418 444 enim
449 412 520 443 res
553 411 850 458 unaquaeque
881 399 929 442 in
960 399 1108 458 seipsa
1144 411 1243 443 esse
1278 397 1515 457 proprium
1552 396 1606 440 ab
1648 396 1861 441 omnibus
1897 397 1996 441 aliis
2022 397 2087 442 di-

132 464 362 510 stinctum.
390 464 537 519 Unde,
564 475 609 509 et
632 465 680 509 in
705 465 838 510 rebus
864 479 1057 524 quarum
1082 463 1374 509 diffinitiones
1402 465 1742 523 cognoscimus,
1769 463 1919 522 primo
1942 478 2018 508 eas
2039 464 2088 508 in

133 544 301 591 genere
328 531 626 585 collocamus,
651 545 732 591 per
757 531 880 594 quod
905 531 1075 576 scimus
1100 531 1147 576 in
1180 530 1418 575 communi
1448 530 1555 590 quid
1589 540 1680 584 est;
1713 539 1758 574 et
1789 530 2087 588 postmodum

134 596 409 643 differentias
435 598 658 652 addimus,
684 598 846 657 quibus
873 612 899 642 a
930 598 1064 643 rebus
1091 597 1190 643 aliis
1214 598 1539 657 distinguatur3
1573 606 1616 642 et
1642 597 1706 642 sic
1734 596 1966 655 perficitur
1991 598 2088 642 sub-

135 664 327 710 stantiae
353 666 419 709 rei
445 663 673 724 completa
695 664 870 709 notitia.

224 730 316 776 Sed
341 731 462 790 quia,
486 731 534 775 in
561 731 924 776 consideratione
951 731 1226 776 substantiae
1260 731 1454 789 divinae,
1480 745 1575 775 non
1607 744 1851 789 possumus
1883 730 2090 789 accipere

134 796 242 856 quid
267 797 397 856 quasi
421 811 580 856 genus,
606 812 691 842 nec
717 797 1060 843 distinctionem
1086 798 1181 856 ejus
1209 798 1262 841 ab
1291 797 1390 842 aliis
1422 798 1555 842 rebus
1588 811 1668 856 per
1694 795 1988 842 affirmativas
2014 797 2094 842 dif-

133 862 345 911 ferentias
369 864 574 923 accipere
596 879 853 923 possumus,
878 864 1059 923 oportet
1079 878 1183 908 eam
1207 865 1414 923 accipere
1437 879 1516 924 per
1539 863 1814 909 differentias
1840 865 2091 923 negativas.

135 929 264 975 Sicut
305 940 473 985 autem,
512 931 562 975 in
595 930 874 977 affirmativis
905 931 1185 985 differentiis,
1217 946 1308 975 una
1351 932 1488 976 aliam
1521 932 1749 976 contrahit
1780 941 1825 976 et
1855 932 2003 991 magis
2036 933 2093 976 ad

135 996 414 1056 completam
441 997 807 1057 designationem
832 998 897 1042 rei
930 998 1278 1058 appropinquat,
1299 998 1553 1043 secundum
1580 998 1702 1057 quod
1729 1012 1755 1042 a
1780 997 1983 1057 pluribus
2015 997 2094 1042 dif-

133 1061 252 1109 ferre
275 1062 398 1118 facit,
423 1064 487 1110 ita
511 1079 601 1109 una
627 1063 878 1110 differentia
894 1065 1106 1124 negativa
1127 1079 1207 1124 per
1225 1064 1364 1109 aliam
1381 1065 1678 1119 contrahitur,
1695 1079 1813 1124 quae
1839 1079 1866 1110 a
1891 1065 2092 1124 pluribus

132 1128 311 1177 differre
334 1129 468 1185 facit;
501 1132 618 1176 sicut
649 1131 688 1176 si
713 1132 919 1177 dicamus
944 1132 1100 1177 Deum
1124 1146 1220 1176 non
1247 1146 1346 1176 esse
1380 1132 1607 1186 accidens,
1649 1145 1730 1191 per
1760 1131 1851 1176 hoc
1885 1132 2008 1190 quod
2036 1131 2092 1176 ab

134 1197 348 1243 omnibus
365 1198 674 1244 accidentibus
691 1198 992 1258 distinguitur.
1011 1198 1204 1253 Deinde,
1230 1199 1269 1243 si
1286 1198 1506 1244 addamus
1523 1199 1673 1258 ipsum
1689 1212 1783 1243 non
1800 1212 1898 1243 esse
1913 1212 2094 1257 corpus,

134 1263 463 1324 distinguemus
488 1265 639 1325 ipsum
665 1266 805 1310 etiam
837 1266 892 1310 ab
926 1265 1150 1324 aliquibus
1181 1266 1467 1320 substantiis;
1500 1276 1544 1310 et
1575 1266 1640 1310 sic
1673 1279 1753 1324 per
1778 1266 2006 1320 ordinem,
2033 1265 2088 1310 ab

137 1330 266 1375 omni
296 1345 353 1376 eo
384 1333 507 1391 quod
538 1342 606 1377 est
637 1342 814 1392 praeter
842 1333 1009 1392 ipsum,
1042 1346 1121 1391 per
1151 1332 1421 1391 negationes
1453 1332 1733 1391 hujusmodi,
1766 1332 2092 1391 distinguetur;

137 1406 187 1455 eg
205 1406 316 1443 tunc
339 1397 398 1444 de
423 1399 672 1444 substantia
698 1401 795 1458 eius
821 1400 905 1444 erit
930 1400 1113 1459 propria
1130 1399 1450 1454 consideratio,
1473 1413 1615 1458 quum
1638 1408 1945 1457 cognoscetur
1966 1409 2016 1443 ut
2038 1398 2092 1443 ab

137 1465 350 1517 omnibus
374 1465 625 1511 distinctus.
650 1466 758 1512 Non
782 1476 937 1511 tamen
965 1466 1049 1511 erit
1073 1465 1275 1525 perfecta
1303 1466 1520 1524 cognitio,
1548 1467 1653 1524 quia
1674 1479 1768 1509 non
1786 1475 2094 1524 cognoscetur

136 1530 244 1590 quid
269 1532 317 1576 in
342 1546 391 1578 se
422 1533 492 1578 sit.

225 1598 300 1642 Ad
324 1599 667 1658 procedendum
692 1600 830 1658 igitur
852 1601 972 1644 circa
997 1599 1087 1643 Dei
1110 1599 1426 1658 cognitionem
1452 1613 1532 1658 per
1563 1599 1687 1644 viam
1714 1599 1999 1654 remotionis,
2026 1613 2096 1643 ac-

137 1663 360 1723 cipiamus
380 1666 654 1725 principium
677 1666 759 1725 (Id,
786 1667 908 1725 quod
934 1680 988 1710 ex
1009 1665 1318 1725 superioribus
1337 1667 1433 1725 jam
1459 1676 1767 1711 monstratum
1794 1665 1898 1723 est),
1922 1665 2097 1711 scilicet

135 1730 258 1790 quod
278 1732 405 1778 Deus
430 1733 488 1777 sit
508 1733 700 1777 omnino
733 1732 1008 1787 immobilis3
1042 1732 1166 1792 quod
1192 1733 1331 1777 etiam
1365 1733 1613 1777 auctoritas
1645 1747 1803 1777 sacrae
1831 1733 2090 1791 Scripturae

136 1798 390 1845 confirmat.
407 1800 585 1845 Dicitur
602 1801 725 1845 enim
747 1799 966 1859 (Malach.
986 1800 1065 1844 111.
1084 1798 1169 1856 6.):
1192 1801 1281 1858 Ego
1295 1801 1523 1854 Dominus,
1537 1807 1574 1845 et
1590 1815 1674 1844 non
1690 1806 1830 1844 mutor
1840 1815 1856 1852 ;
1877 1799 2040 1858 (Jacob
2059 1800 2095 1844 I.

142 1867 256 1927 17.):
283 1867 410 1927 Apud
448 1882 568 1926 quem
598 1882 682 1912 non
713 1874 768 1913 est
800 1869 1120 1926 transmutati05
1154 1877 1199 1912 et
1220 1867 1382 1926 (Num.
1412 1867 1581 1912 XXIII.
1625 1867 1738 1927 19.):
1766 1867 1864 1913 Non
1890 1874 1944 1912 est
1980 1868 2098 1912 Deus

135 1936 255 1995 quasi
279 1934 416 1989 homo,
442 1940 488 1979 ut
511 1941 706 1980 mutetur.

905 2090 1160 2147 CAPUT
1202 2091 1327 2146 XV.

706 2226 864 2272 QUOD
908 2226 1049 2264 DEUS
1089 2226 1192 2265 EST
1233 2226 1541 2266 AETERNUS,

1516 2297 1544 2317 ⁸,

224 2336 291 2381 Ex
314 2336 405 2382 hoc
433 2346 587 2381 autem
608 2346 796 2396 apparet
819 2336 1006 2381 ulterius
1032 2337 1186 2381 Deum
1213 2350 1312 2382 esse
1339 2346 1589 2381 aeternum.

158 2438 161 2442 >
228 2417 266 2448 1.
291 2403 414 2448 Nam
439 2417 579 2448 omne
604 2403 727 2463 quod
752 2403 912 2463 incipit
937 2417 1035 2448 esse
1069 2402 1145 2447 vel
1179 2403 1356 2458 desinit,
1386 2418 1463 2462 per
1490 2413 1668 2448 motum
1693 2403 1766 2447 vel
1794 2404 2097 2448 mutationem

135 2470 228 2516 hoc
242 2471 422 2529 patitur.
440 2470 694 2516 Ostensum
720 2480 873 2515 autem
891 2479 958 2515 est
974 2471 1127 2515 Deum
1154 2484 1253 2515 esse
1277 2470 1468 2515 omnino
1492 2470 1850 2525 immutabilem3
1874 2481 1942 2515 est
1962 2471 2099 2530 igitur

78 2544 85 2555 '
137 2547 361 2592 aeternus,
386 2551 546 2582 carens
577 2538 799 2597 principio
831 2548 876 2582 et
906 2537 1009 2582 fine.

226 2617 267 2649 a.
292 2604 433 2651 Item:
455 2603 534 2648 illa
559 2603 658 2649 sola
683 2615 891 2664 tempore
913 2613 1234 2649 mensurantur
1260 2618 1377 2663 quae
1403 2615 1661 2658 moventur,
1689 2618 1744 2648 eo
1769 2604 1892 2663 quod
1917 2615 2098 2664 tempus

137 2681 206 2717 est
228 2685 445 2717 numerus
467 2681 634 2726 motus,
661 2682 710 2716 ut
734 2681 857 2731 patet
882 2672 929 2715 in
951 2682 1111 2732 quarto
1138 2671 1319 2731 Physic.
1348 2670 1409 2728 (c.
1434 2671 1510 2715 XI.
1528 2680 1559 2715 t.
1578 2687 1615 2715 c.
1639 2672 1773 2728 101.).
1795 2671 1922 2715 Deus
1945 2681 2099 2715 autem

138 2749 208 2784 est
236 2738 428 2783 omnino
454 2738 624 2798 absque
651 2749 795 2792 motu,
821 2748 871 2783 ut
894 2739 988 2796 jam
1020 2738 1263 2797 probatum
1286 2748 1353 2782 est
1380 2739 1439 2795 (c.
1474 2739 1588 2797 13.);
1611 2748 1818 2796 tempore
1844 2738 1982 2796 igitur
2002 2752 2098 2782 non

138 2815 437 2853 mensuratur.
478 2806 620 2864 Igitur
650 2805 698 2849 in
723 2805 824 2864 ipso
850 2819 946 2849 non
972 2815 1039 2849 est
1069 2805 1192 2863 prius
1224 2803 1298 2848 vel
1338 2805 1564 2863 posterius
1600 2805 1834 2863 accipere;
1867 2819 1961 2848 non
1987 2819 2098 2863 ergo

136 2873 281 2917 habet
303 2886 402 2922 esse
428 2882 532 2930 post
555 2886 649 2917 non
675 2886 789 2926 esse,
815 2887 900 2916 nec
932 2885 1028 2915 non
1054 2886 1152 2916 esse
1179 2881 1281 2930 post
1307 2885 1406 2916 esse
1432 2881 1582 2929 potest
1621 2872 1803 2925 habere,
1839 2885 1924 2915 nec
1948 2870 2100 2930 aliqua

138 2939 368 2985 successi0
394 2939 442 2983 in
464 2953 564 2984 esse
589 2939 731 2997 ipsius
756 2939 950 2983 inveniri
974 2947 1138 2997 potest,
1165 2939 1271 2997 quia
1295 2939 1410 2983 haec
1437 2938 1534 2983 sine
1555 2948 1763 2997 tempore
1789 2937 1983 2997 intelligi
2003 2952 2098 2982 non

138 3016 341 3065 possunt.
373 3007 454 3050 Est
476 3006 615 3064 igitur
648 3020 804 3051 carens
831 3005 1053 3064 principio
1082 3014 1126 3049 et
1150 3005 1255 3059 fine,
1277 3015 1427 3050 totum
1454 3019 1553 3050 esse
1575 3019 1708 3050 suum
1736 3005 1871 3049 simul
1898 3005 2098 3059 habens;

138 3073 188 3117 in
217 3086 309 3132 quo
340 3074 456 3118 ratio
484 3073 760 3118 aeternitatis
787 3072 1008 3118 consistit.

231 3153 268 3197 3.
294 3138 486 3184 Adhuc:
514 3140 554 3185 si
576 3140 705 3184 Deus
727 3139 972 3198 aliquando
998 3153 1092 3183 non
1118 3138 1202 3183 fuit
1223 3149 1267 3184 et
1288 3138 1587 3198 postmodum
1614 3138 1711 3192 fuit,
1736 3138 1789 3182 ab
1818 3138 1973 3197 aliquo
1996 3138 2101 3184 edu-

140 3215 238 3250 ctus
270 3215 340 3251 est
362 3205 418 3250 de
449 3220 545 3251 non
576 3220 673 3251 esse
699 3207 745 3250 in
778 3220 903 3260 esse;
935 3220 1030 3250 non
1063 3216 1216 3250 autem
1251 3221 1276 3250 a
1307 3206 1472 3265 seipso,
1506 3206 1610 3264 quia
1643 3205 1766 3264 quod
1792 3219 1886 3249 non
1912 3215 1980 3250 est
2003 3219 2099 3250 non

139 3281 289 3332 potest
314 3271 484 3331 aliquid
510 3287 659 3331 agere.
688 3273 738 3318 Si
755 3283 907 3318 autem
928 3273 982 3316 ab
1000 3273 1105 3326 alio,
1123 3272 1234 3317 illud
1253 3283 1320 3317 est
1345 3273 1466 3331 prius
1486 3286 1556 3318 eo,
1577 3272 1829 3316 Ostensum
1857 3282 1924 3316 est
1946 3282 2100 3317 autem

138 3339 291 3383 Deum
318 3353 417 3383 esse
445 3339 639 3398 primam
673 3354 883 3394 causam3
916 3354 1009 3384 non
1031 3338 1167 3399 igitur
1193 3354 1290 3384 esse
1317 3339 1508 3397 incepit3
1532 3339 1650 3382 unde
1672 3353 1756 3382 nec
1785 3353 1883 3382 esse
1911 3339 2101 3394 desinet,

140 3407 246 3465 quia
270 3407 393 3464 quod
425 3419 605 3463 semper
633 3405 717 3451 fuit
742 3406 879 3451 habet
903 3407 1116 3450 virtutem
1142 3420 1321 3465 semper
1353 3405 1546 3450 essendi.
1573 3404 1653 3449 Est
1678 3405 1815 3463 igitur
1847 3415 2070 3450 aeternus.

228 3484 270 3527 4.
296 3471 531 3530 Amplius:
554 3472 761 3518 videmus
782 3473 829 3517 in
855 3474 1028 3518 mundo
1052 3474 1277 3532 quaedam
1300 3486 1415 3531 quae
1438 3481 1543 3515 sunt
1564 3471 1797 3531 possibilia
1819 3486 1917 3516 esse
1940 3483 1984 3516 et
2005 3487 2100 3517 non

141 3551 257 3592 esse,
286 3537 461 3583 scillcet
490 3539 767 3597 generabilia
799 3550 842 3584 et
868 3539 1190 3598 corruptibssia.
1226 3540 1380 3584 Omne
1414 3548 1567 3583 autem
1609 3539 1732 3598 quod
1775 3548 1842 3583 est
1883 3539 2099 3598 possibile

142 3619 257 3661 esse,
283 3620 470 3651 causam
500 3606 662 3662 habet;
695 3607 815 3667 quia,
847 3622 989 3667 quum
1015 3608 1070 3652 de
1097 3622 1146 3652 se
1174 3606 1421 3666 aequaliter
1447 3619 1494 3651 se
1520 3606 1686 3651 habeat
1712 3606 1767 3651 ad
1794 3606 1900 3660 duo,
1926 3606 2102 3652 scilicet
