2332 3854
794 192 948 232 tumn
986 192 1022 231 1.
1064 192 1185 231 CAP.
1226 190 1358 230 xcn.
1949 191 2047 245 109

32 330 54 341 .„
131 320 133 323 ε
188 295 328 339 Item:
355 292 618 351 hujusmodi
657 292 842 337 virtutes
867 306 961 337 non
986 292 1032 336 in
1064 301 1190 351 parte
1222 290 1499 335 intellectiva
1532 290 1711 334 animae
1743 300 1860 344 sunt,
1894 291 1972 335 sed
2003 291 2051 334 in

99 370 224 421 parte
259 359 486 412 sensitiva,
519 359 564 402 in
596 372 685 417 qua
716 358 814 403 sola
846 359 1080 418 passiones
1111 372 1210 404 esse
1235 366 1439 417 possunt,
1471 366 1521 401 ut
1545 357 1760 416 probatur
1780 356 1828 400 in
1854 357 2050 415 septimo

96 426 234 486 Phys.
268 427 319 483 (t.
347 440 384 470 c.
418 425 519 481 18.).
547 424 599 468 In
624 425 727 469 Deo
755 435 907 469 autem
933 439 1027 469 non
1054 435 1120 469 est
1145 424 1357 469 sensitiva
1384 437 1500 482 pars,
1523 423 1601 466 sed
1628 422 1754 466 solus
1780 422 2050 467 intellectus.

95 491 381 551 Relinquitur
405 491 541 550 igitur
571 490 693 549 quod
725 491 770 533 in
796 491 899 534 Deo
926 490 1191 549 hujusmodi
1220 490 1407 535 virtutes
1438 502 1537 534 esse
1568 502 1662 532 non
1689 488 1879 547 possint,
1912 490 2050 532 etiam

94 558 347 604 secundum
370 557 573 617 proprias
598 557 810 601 rationes.

183 623 456 669 Passionum
485 632 636 667 autem
660 624 779 678 circa
805 637 916 681 quas
941 623 1127 667 virtutes
1153 633 1270 677 sunt,
1289 622 1513 682 quaedam
1529 632 1634 666 sunt
1650 621 1901 665 secundum
1925 621 2051 665 incli-

44 684 65 741 j
81 691 329 741 >litationem
356 690 579 750 appetitus
606 691 651 733 in
679 688 859 747 aliquod
888 689 1125 748 corporale
1156 690 1346 743 bonum,
1373 690 1494 749 quod
1511 699 1581 733 est
1605 687 1872 732 delectabile
1893 702 2050 732 secun-

92 756 203 802 dum
228 767 428 810 sensum,
453 756 571 800 sicut
595 765 699 800 sunt
724 756 812 799 cibi
838 765 883 800 et
909 765 1056 814 potus,
1080 766 1124 799 et
1148 769 1358 809 venerea,
1376 756 1497 800 circa
1513 768 1710 814 quorum
1726 754 2050 813 concupiscen-

91 822 179 868 tias
202 833 271 868 est
294 822 529 876 sobrietas,
557 821 750 875 castitas,
778 831 822 866 et
853 821 1166 873 universaliter
1190 824 1489 880 temperantia
1519 831 1564 866 et
1596 821 1895 865 continentia:
1928 821 2047 864 unde

92 888 198 949 quia
226 888 489 948 corporales
515 888 840 932 delectationes
862 888 1052 931 omnino
1086 902 1111 930 a
1143 888 1245 931 Deo
1270 898 1476 932 remotae
1502 898 1620 941 sunt,
1652 888 1839 932 virtutes
1871 887 2046 946 praedi·

91 964 192 1000 ctae
214 969 302 1000 nec
328 955 508 1014 proprie
533 954 637 999 Deo
664 955 957 1007 conveniunt,
985 968 1091 998 cum
1113 954 1232 998 circa
1259 955 1493 1013 passiones
1516 955 1619 1007 sint,
1641 968 1726 999 nec
1749 954 1887 998 etiam
1910 963 2049 998 meta-

90 1021 281 1082 phorice
305 1022 361 1066 de
387 1023 491 1066 Deo
517 1022 725 1066 dicuntur
751 1022 797 1065 in
825 1021 1082 1080 Scripturis,
1108 1022 1213 1080 quia
1244 1035 1338 1066 non
1366 1032 1432 1066 est
1463 1022 1670 1080 accipere
1702 1020 2047 1066 similitudinem

33 1082 51 1117 1
75 1088 290 1150 ,ipsarum
321 1089 368 1133 in
399 1089 502 1134 Deo
535 1090 787 1133 secundum
820 1088 1163 1132 similitudinem
1196 1088 1386 1146 alicujus
1418 1087 1618 1134 effectus.
1653 1087 1897 1140 Quaedam
1933 1101 2045 1132 vero

31 1210 47 1218 J
88 1155 322 1216 passiones
346 1164 451 1200 sunt
466 1155 716 1199 secundum
733 1154 1079 1199 inclinationem
1098 1155 1320 1214 appetitus
1336 1156 1383 1199 in
1406 1154 1588 1213 aliquod
1607 1153 1836 1213 spirituale
1856 1153 2046 1208 bonum,

40 1255 46 1265 ξ
88 1218 206 1268 sicut
221 1232 289 1267 est
302 1222 468 1275 honor,
485 1222 758 1275 dominium,
780 1222 986 1275 victoria,
1004 1222 1217 1275 vindicta,
1235 1232 1280 1266 et
1302 1221 1390 1265 alia
1406 1222 1690 1280 hujusmodi:
1709 1221 1829 1264 circa
1850 1234 2046 1279 quorum

32 1322 53 1336 «7
87 1288 262 1349 species
288 1297 332 1333 et
357 1289 568 1332 audacias
597 1298 642 1332 et
667 1288 858 1332 omnino
886 1288 1124 1347 appetitus,
1150 1297 1254 1332 sunt
1278 1287 1512 1342 fortitudo,
1533 1287 1900 1346 magnanimitas,
1922 1300 2048 1331 man·

87 1354 281 1400 suetudo
308 1365 353 1400 et
373 1355 488 1399 aliae
513 1355 775 1413 huJusmodi
801 1355 1003 1409 virtutes,
1029 1370 1145 1414 quae
1178 1355 1362 1414 quidem
1393 1355 1441 1399 in
1473 1356 1576 1399 Deo
1608 1355 1789 1414 proprie
1821 1367 1920 1399 esse
1950 1369 2044 1398 non

85 1427 289 1482 possunt,
316 1435 373 1466 eo
399 1421 522 1480 quod
555 1422 675 1465 circa
706 1421 941 1480 passiones
973 1431 1090 1466 sunt.
1123 1422 1348 1465 Dicuntur
1379 1431 1534 1466 tamen
1566 1422 1611 1465 in
1645 1421 1877 1480 Scriptura
1901 1430 2052 1466 meta-·

46 1492 54 1543 ᾗ
85 1487 277 1548 phorice
302 1487 358 1532 de
383 1488 488 1532 Deo
514 1497 698 1546 propter
723 1487 1067 1531 similitudinem
1095 1487 1295 1542 effectus,
1322 1497 1371 1532 ut
1398 1498 1465 1531 est
1489 1487 1600 1531 illud
1634 1489 1689 1544 (Ι.
1721 1487 1835 1546 Reg.
1868 1487 1926 1531 II.
1952 1488 2042 1544 2.):

14 1600 15 1603 ,
42 1551 47 1582 3
85 1554 185 1602 Non
201 1560 259 1600 est
262 1554 394 1614 fortis
404 1555 509 1599 sicut
519 1555 634 1600 Deus
648 1560 801 1606 noster;
821 1553 987 1613 (Soph.
1005 1554 1152 1613 11.3.):
1173 1555 1372 1611 Quaerite
1382 1557 1558 1614 justum,
1572 1555 1754 1613 quaerite
1765 1560 2038 1599 mansuetum.

816 1730 1070 1787 CAPUT
1113 1730 1321 1787 XCIII.

160 1865 321 1913 QUOD
361 1866 419 1906 IN
458 1865 568 1905 DEO
608 1866 750 1905 SUNT
789 1865 1062 1905 VIRTUTES
1104 1866 1252 1912 QUAE
1293 1865 1434 1906 SUNT
1477 1865 1640 1905 CIRCA
1670 1865 1965 1906 ACTIONES.

395 1967 454 2026 (I.
473 1974 590 2028 part.
616 1973 768 2027 quaest.
794 1968 911 2013 XXI.
937 1974 1019 2013 art.
1045 1983 1081 2013 1.
1103 1975 1143 2013 et
1166 1983 1206 2013 2.
1234 1975 1387 2027 quaest.
1415 1968 1529 2013 LXI.
1557 1940 1639 2014 art.
1661 1969 1734 2028 5.).

8 2119 12 2143 ι
62 2129 64 2141 ,1
171 2078 287 2123 Sunt
313 2089 466 2123 autem
492 2078 679 2123 virtutes
705 2078 882 2138 aliquae
907 2079 1049 2123 vitam
1072 2080 1268 2123 activam
1293 2079 1494 2123 hominis
1521 2079 1780 2138 dirigentes,
1806 2091 1923 2137 quae
1945 2093 2039 2123 non

82 2146 202 2193 circa
227 2146 476 2205 passiones,
502 2146 582 2191 sed
610 2146 731 2190 circa
754 2146 957 2190 actiones
983 2156 1101 2200 sunt,
1127 2156 1177 2190 ut
1191 2147 1371 2200 veritas,
1388 2146 1572 2204 justitia,
1591 2145 1852 2199 liberalitas,
1869 2146 2041 2204 magni-

56 2206 277 2267 ..licentia
302 2212 554 2272 prudentia,
580 2226 665 2256 ars.
699 2212 822 2256 Cum
856 2222 1008 2257 autem
1039 2213 1181 2257 virtus
1213 2227 1268 2256 ex
1299 2213 1478 2271 objecto
1511 2212 1586 2256 vel
1616 2213 1807 2256 materia
1838 2214 2040 2271 speciem

46 2278 318 2333 ²⁵'sortiatur3
351 2281 554 2324 actiones
586 2289 740 2323 autem
771 2293 888 2338 quae
919 2289 1021 2324 sunt
1053 2280 1218 2323 harum
1248 2280 1467 2324 virtutum
1493 2279 1726 2332 materiae,
1751 2278 1825 2323 vel
1845 2280 2039 2337 objecta,

56 2343 261 2403 divinae
287 2345 556 2405 perfectioni
581 2359 676 2390 non
702 2355 970 2405 repugnant,
993 2355 1037 2390 et
1062 2360 1147 2390 nec
1169 2346 1436 2405 hujusmodi
1456 2346 1644 2389 virtutes
1666 2345 1920 2389 secundum
1940 2358 2040 2403 pro-

53 2427 78 2456 z
100 2410 111 2418 ”
150 2424 227 2456 am
251 2412 454 2471 speciem
481 2412 650 2456 habent
675 2411 843 2471 aliquid
870 2422 1054 2471 propter
1076 2412 1198 2471 quod
1217 2427 1243 2456 a
1259 2412 1412 2456 divina
1428 2413 1705 2470 perfectione
1728 2410 2036 2456 excludantur.

62 2480 147 2542 3¹³2?
166 2478 308 2524 Item:
333 2478 598 2537 hujusmodi
622 2479 809 2524 virtutes
835 2479 1140 2538 perfectiones
1173 2480 1399 2538 quaedam
1424 2479 1672 2523 voluntatis
1706 2489 1751 2522 et
1780 2478 2037 2523 intellectus

52 2540 200 2600 ²an
220 2558 338 2605 quae
363 2555 468 2590 sunt
498 2545 718 2605 principia
750 2545 1070 2605 operationum
1103 2546 1272 2605 absque
1304 2546 1528 2605 passione.
1562 2547 1614 2589 In
1645 2546 1749 2589 Deo
1784 2555 1937 2590 autem
1970 2554 2038 2591 est

40 2608 291 2673 fwluntas
315 2621 360 2656 et
383 2611 638 2656 intellectus
663 2611 789 2656 nulla
814 2626 973 2657 carens
998 2611 1302 2671 perfectione;
1328 2612 1465 2671 igitur
1489 2612 1604 2655 haec
1631 2613 1734 2656 Deo
1762 2612 1918 2656 deesse
1940 2626 2036 2656 non

55 2676 284 2741 spessunt.

2 2769 8 2794 2
92 2743 370 2806 Amplius:
394 2758 554 2790 eorum
582 2745 790 2790 omnium
817 2759 934 2804 quae
961 2760 986 2789 a
1011 2746 1114 2789 Deo
1141 2745 1187 2788 in
1215 2758 1313 2788 esse
1338 2744 1606 2803 procedunt,
1630 2745 1747 2788 ratio
1774 2744 1956 2803 propria
1987 2745 2034 2790 in

62 2855 81 2866 „,
104 2821 110 2850 f
137 2831 140 2835 ·
181 2825 232 2856 ιο
252 2810 485 2856 intellectu
512 2820 594 2866 est,
619 2822 669 2856 ut
693 2826 828 2871 supra
855 2813 913 2870 (c
940 2811 1034 2868 66.)
1062 2822 1297 2856 ostensum
1324 2822 1405 2856 est.
1433 2812 1567 2856 Ratio
1591 2822 1745 2855 autem
1769 2812 1833 2855 rei
1859 2811 2035 2856 fiendae

4 2897 6 2901 ’
53 2883 113 2931 ’ξε--
149 2888 303 2923 mente
328 2877 551 2931 facientis,
569 2892 640 2922 ars
672 2888 760 2922 est:
788 2878 908 2922 unde
925 2877 1234 2953 Philosophus
1251 2878 1387 2922 dicit
1375 2892 1424 2921 m
1445 2887 1571 2922 sexto
1594 2877 1740 2922 Ethic.
1760 2878 1820 2935 (e.
1838 2890 1855 2935 5
1863 2877 2033 2936 .)quod

67 2943 108 3003 {⁶2
130 2974 139 2980 »
174 2953 244 2988 est
266 2954 389 2988 recta
416 2944 532 2988 ratio
558 2943 841 2988 factibilium.
869 2944 948 2988 Est
971 2944 1108 3002 igitur
1132 2945 1313 3002 proprie
1340 2959 1411 2989 ars
1443 2944 1489 2988 in
1519 2945 1638 2998 Deo,
1667 2954 1711 2989 et
1734 2945 1839 2988 ideo
1872 2945 2034 2989 dicitur

59 3016 77 3047 1*ει
92 3023 121 3045 *n
146 3022 205 3069 p.
229 3008 347 3054 VII..
359 3023 410 3055 21
418 3011 477 3067 .:)
508 3011 711 3055 Omnium
732 3012 887 3069 artifex
911 3010 1051 3055 docuit
1074 3026 1139 3054 me
1162 3012 1378 3069 sapientia.

71 3066 113 3106 Ἴ
163 3075 303 3121 Item:
330 3076 483 3120 divina
507 3077 756 3121 voluntas·
745 3092 790 3121 m
807 3077 878 3121 his
895 3091 1010 3136 quae
1037 3086 1141 3121 sunt
1157 3076 1245 3120 alia
1265 3077 1448 3136 abipso,
1466 3077 1790 3121 determinatur
1813 3076 1868 3120 ad
1890 3091 2032 3121 unum

152 3142 494 3201 cognitionem
520 3157 665 3197 suam,
691 3153 741 3187 ut
765 3158 898 3202 supra
926 3145 985 3200 (c.
1013 3143 1106 3200 82.)
1134 3153 1369 3187 ostensum
1396 3153 1476 3187 est.
1501 3143 1720 3202 Cognitio
1748 3153 1901 3187 autem
1918 3144 2035 3188 ordi-

47 3232 50 3233 ν
145 3222 187 3253 s
207 3208 490 3254 voluntatem
509 3211 566 3254 ad
589 3210 816 3269 agendum
843 3211 1078 3268 prudentia
1105 3220 1194 3264 est;
1213 3211 1333 3269 quia,
1355 3211 1606 3254 secundum
1628 3209 1996 3286 Philosophum
1985 3224 2031 3254 m

33 3267 103 3334 ἦ
91 3325 93 3327 .
124 3282 201 3322 to
221 3275 366 3320 Ethic.
394 3277 454 3334 (c.
477 3274 518 3321 6.
521 3278 557 3333 ),
573 3277 812 3335 prudentia
838 3286 904 3321 est
929 3287 1052 3321 recta
1078 3277 1193 3321 ratio
1221 3276 1469 3335 agibilium.
1494 3276 1573 3320 Est
1593 3277 1728 3334 1g1tur
1742 3291 1790 3320 m
1810 3277 1914 3320 Deo
1931 3291 2032 3335 pru-

34 3396 35 3399 *
122 3341 244 3396 ·tia,
260 3352 306 3401 et
322 3341 429 3386 hinc
456 3352 524 3387 est
548 3342 671 3402 quod
693 3343 855 3387 dicitur
873 3343 980 3401 (Job
1000 3343 1234 3402 XII.13.):
1263 3343 1392 3403 Apud
1412 3345 1545 3402 ipsum
1567 3349 1621 3387 est
1636 3341 1878 3402 prudentia,
1896 3350 1933 3389 et
1938 3344 2031 3402 sor

4 3429 76 3466 -2
109 3427 127 3433 ··
164 3420 223 3452 ο.

107 3482 140 3508 2⁹*
163 3473 354 3518 Adhuc:
380 3483 614 3519 ostensum
640 3480 708 3519 est
727 3489 863 3535 supra
889 3477 951 3533 (c.
978 3476 1070 3534 83.)
1098 3475 1219 3534 quod
1247 3489 1301 3519 ex
1326 3475 1416 3519 hoc
1442 3475 1565 3534 quod
1587 3475 1712 3520 Deus
1727 3475 1825 3520 vult
1845 3475 2027 3536 aliquid,

5 3564 9 3571 ε
39 3526 172 3583 ‘²²³‘fft
193 3538 272 3584 illa
296 3552 412 3607 quae
437 3541 724 3600 requiruntur
748 3542 804 3586 ad
835 3542 1000 3602 ipsum.
1038 3541 1176 3594 Quod
1214 3551 1365 3586 autem
1399 3541 1455 3585 ad
1486 3541 1813 3600 perfectionem
1839 3542 2027 3605 alicujus
