2332 3854
256 213 366 268 420
873 215 1030 255 LIBER
1067 214 1144 253 111.
1187 215 1307 254 CAP.
1347 215 1571 255 LXXXIX.

930 403 1202 505 CAPUT·
1226 450 1540 507 LXXXIX.

423 593 616 640 QUOD
673 592 889 630 MOTUS
942 591 1369 632 VOLUNTATIS
1423 594 1761 634 CAUSATUR
1807 595 1843 632 A
1891 596 2046 648 ΠΕΟ,

609 667 680 704 ΕΤ
721 667 833 705 NON
874 666 1060 704 SOLUM
1099 666 1135 704 A
1165 666 1447 706 POTENTIA
1484 668 1856 725 VOLUNTATIS.
2111 675 2131 680 “

342 782 545 835 Quidam
577 796 686 826 vero
719 796 812 826 non
845 781 1148 841 intelligentes
1171 782 1364 842 qualiter
1385 793 1565 828 motum
1586 784 1833 830 voluntatis
1853 785 1980 831 Deus
2005 787 2052 832 in
2073 788 2206 833 nobis

254 863 438 893 causare
469 850 613 908 possit
644 849 812 907 absque
843 849 1123 907 praejudicio
1166 849 1386 894 libertatis
1417 850 1678 905 voluntatis,
1711 852 1864 896 conati
1893 863 1999 898 sunt
2021 854 2107 899 has
2138 869 2211 900 au-

251 916 479 959 ctoritates
515 915 634 959 male
669 929 910 974 exponere,
954 925 1003 959 ut
1042 915 1217 959 scilicet
1248 916 1452 961 dicerent
1493 917 1616 976 quod
1647 918 1774 962 Deus
1808 929 1964 964 causat
1994 920 2041 965 in
2075 921 2210 966 nobis

248 983 366 1027 velle
400 993 444 1026 et
475 983 690 1042 perficere
722 983 769 1026 in
802 992 1023 1041 quantum
1055 982 1132 1026 dat
1162 983 1294 1027 nobis
1325 983 1539 1027 virtutem
1571 984 1777 1029 volendi:
1810 999 1906 1030 non
1938 995 2089 1031 autem
2130 989 2210 1042 sic,

248 1050 371 1107 quod
401 1049 538 1093 faciat
568 1064 653 1093 nos
684 1049 803 1093 velle
834 1050 925 1093 hoc
957 1048 1031 1093 vel
1070 1049 1198 1103 illud,
1231 1050 1348 1094 sicut
1389 1050 1615 1109 Origenes
1649 1053 1834 1111 exponit
1867 1053 1916 1097 in
1956 1055 2089 1100 tertio
2130 1055 2213 1100 Pe-

248 1116 476 1170 riarchon,
509 1115 704 1160 liberum
737 1116 970 1160 arbitrium
1003 1115 1247 1160 defendens
1282 1126 1440 1160 contra
1475 1118 1765 1163 auctoritates
1787 1119 2056 1178 praedictas.
2078 1120 2135 1166 Et
2155 1135 2210 1165 ex

246 1182 337 1226 hoc
370 1184 644 1240 processisse
676 1182 851 1226 videtur
883 1182 1039 1240 opinio
1073 1182 1380 1241 quorumdam
1406 1183 1481 1242 qui
1516 1183 1738 1239 dicebant,
1772 1185 1895 1244 quod
1927 1186 2211 1246 providentia

247 1264 342 1293 non
375 1260 442 1294 est
473 1251 528 1293 de
561 1250 631 1294 his
665 1264 780 1308 quae
820 1250 1010 1293 subsunt
1049 1249 1192 1293 libero
1227 1250 1427 1302 arbitrio,
1460 1249 1634 1294 scilicet
1675 1251 1730 1295 de
1772 1251 2099 1309 electionibus3
2130 1254 2212 1299 sed

247 1316 531 1376 providentia
562 1316 750 1360 refertur
782 1315 837 1360 ad
865 1317 1108 1360 exteriores
1136 1325 1338 1360 eventus.
1361 1316 1470 1359 Non
1493 1316 1616 1360 enim
1643 1317 1719 1376 qui
1746 1318 1874 1377 eligit
1899 1318 2084 1379 aliquod
2107 1334 2212 1365 con—

246 1384 375 1460 sequi
406 1383 480 1428 vel
511 1383 742 1443 perficere,
769 1393 877 1441 puta
904 1382 1143 1427 aedificare
1171 1382 1244 1426 vel
1270 1383 1414 1437 ditari,
1441 1397 1622 1442 semper
1648 1385 1815 1442 poterit
1846 1385 1902 1430 ad
1937 1386 2028 1431 hoc
2060 1401 2213 1446 perve-

245 1450 367 1504 nire;
400 1460 444 1494 et
470 1452 538 1494 sic
572 1460 761 1494 eventus
794 1450 1030 1494 actionum
1061 1459 1321 1493 nostrarum
1353 1463 1448 1494 non
1483 1451 1719 1510 subjacent
1740 1451 1885 1497 libero
1908 1453 2110 1509 arbitrio,
2131 1454 2212 1499 sed

245 1517 531 1576 providentia
564 1517 877 1576 disponuntur.

339 1583 517 1636 Quibus
549 1583 735 1643 quidem
769 1583 1110 1628 auctoritatibus
1143 1597 1299 1627 sacrae
1334 1583 1593 1642 Scripturae
1615 1584 1835 1629 resistitur
1861 1560 2107 1632 evidenter.
2129 1587 2212 1632 Di-

246 1651 361 1695 citur
404 1651 527 1694 enim
561 1650 666 1708 (Isa.
700 1650 867 1698 XXVI.
906 1651 1015 1707 12).
1054 1651 1212 1695 Omnia
1245 1658 1369 1707 opera
1401 1657 1543 1695 nostra
1576 1658 1766 1710 operatus
1797 1667 1836 1697 es
1866 1654 1912 1696 in
1952 1647 2086 1709 nobis,
2117 1654 2212 1699 Do-

244 1720 369 1762 mine.
404 1717 539 1761 Unde
571 1731 666 1761 non
698 1716 850 1761 solum
881 1717 1096 1761 virtutem
1127 1715 1314 1761 volendi
1351 1731 1376 1760 a
1407 1717 1510 1761 Deo
1553 1718 1790 1773 habemus,
1822 1719 1903 1763 sed
1933 1719 2073 1764 etiam
2105 1724 2213 1780 opess

245 1795 486 1828 rationem.

334 1853 590 1904 Praeterea,
621 1851 713 1894 hoc
745 1851 895 1910 ipsum
930 1850 1052 1909 quod
1080 1849 1305 1894 Salomon
1338 1850 1447 1894 dicit
1479 1852 1635 1909 (Prov.
1668 1852 1790 1897 XXI.
1829 1851 1909 1909 1.):
1939 1853 2211 1918 Quocumque

247 1918 433 1963 voluerit
462 1919 682 1962 inclinabit
706 1917 825 1972 illud,
854 1917 1052 1961 ostendit
1081 1931 1176 1960 non
1209 1916 1361 1960 solum
1394 1917 1596 1961 divinam
1630 1918 1944 2001 causalitatem
1974 1919 2032 1964 ad
2056 1930 2212 1980 poten-

245 1985 358 2029 tiam
385 1984 631 2028 voluntatis
661 1978 857 2038 extendi,
885 1984 963 2028 sed
991 1984 1128 2027 etiam
1162 1983 1218 2026 ad
1246 1993 1398 2027 actum
1431 1984 1585 2041 ipsius.

339 2051 479 2095 Item:
517 2052 643 2095 Deus
675 2065 770 2094 non
803 2050 955 2094 solum
987 2050 1064 2094 dat
1094 2050 1227 2093 rebus
1267 2050 1469 2104 virtutes,
1502 2051 1581 2094 sed
1615 2052 1752 2095 etiam
1790 2050 1917 2096 nulla
1960 2065 2032 2097 res
2062 2062 2214 2111 potest

246 2119 428 2178 propria
455 2119 619 2162 virtute
644 2131 794 2175 agere,
811 2118 899 2161 nisi
916 2118 1054 2161 etiam
1073 2126 1178 2175 agat
1203 2117 1248 2159 in
1271 2117 1434 2160 virtute
1460 2118 1614 2175 ipsius,
1639 2127 1688 2162 ut
1713 2133 1849 2178 supra
1865 2120 1926 2179 (c.
1946 2119 2039 2179 70.)
2066 2130 2214 2165 osten-

248 2200 351 2230 sum
393 2195 475 2231 est.
515 2185 638 2243 Ergo
679 2185 825 2228 homo
867 2198 960 2228 non
1001 2193 1151 2243 potest
1190 2183 1353 2227 virtute
1392 2183 1640 2228 voluntatis
1680 2185 1765 2229 sibi
1796 2186 1901 2230 data
1926 2186 2006 2240 uti,
2037 2186 2126 2231 nisi
2163 2187 2211 2232 in

248 2262 468 2311 quantum
502 2252 596 2309 agit
628 2252 675 2295 in
707 2252 870 2295 virtute
902 2251 1003 2294 Dei.
1037 2250 1154 2294 Illud
1190 2261 1343 2294 autem
1383 2251 1431 2294 in
1475 2252 1602 2309 cujus
1634 2251 1798 2297 virtute
1831 2267 1969 2312 agens
2003 2252 2099 2313 agit
2144 2263 2213 2299 est

247 2334 384 2363 causa
415 2333 509 2362 non
542 2318 693 2363 solum
724 2318 915 2372 virtutis,
935 2318 1013 2362 sed
1042 2319 1181 2362 etiam
1205 2327 1353 2361 actus:
1388 2318 1511 2376 quod
1534 2320 1579 2362 in
1603 2318 1773 2363 artifice
1797 2329 1995 2378 apparet,
2012 2320 2060 2364 in
2082 2322 2210 2380 quus

244 2388 409 2431 virtute
433 2387 525 2445 agit
550 2386 917 2439 instrumentum,
945 2395 990 2429 et
1016 2385 1137 2443 quod
1158 2384 1210 2428 ab
1235 2384 1325 2428 hoc
1351 2385 1522 2428 artifice
1549 2386 1782 2447 propriam
1805 2385 2006 2431 formam
2026 2401 2122 2432 non
2143 2402 2213 2433 ac-

248 2454 370 2513 cipit,
396 2453 475 2498 sed
502 2452 653 2497 solum
681 2452 733 2496 ab
762 2453 860 2511 ipso
885 2452 1135 2510 applicatur
1154 2452 1209 2494 ad
1232 2461 1398 2495 actum.
1416 2452 1542 2495 Deus
1564 2452 1701 2510 igitur
1723 2463 1791 2498 est
1812 2467 1949 2498 causa
1968 2453 2101 2500 nobis
2115 2449 2211 2500 non

246 2520 400 2565 solum
427 2519 687 2572 voluntatis,
715 2520 793 2563 sed
827 2521 963 2562 etiam
989 2518 1187 2562 volendi.

337 2586 573 2645 Amplius:
607 2585 849 2646 perfectius
871 2586 1098 2629 invenitur
1121 2586 1233 2630 ordo
1260 2586 1306 2629 in
1329 2585 1633 2662 spiritualibus
1660 2601 1799 2646 quam
1814 2584 1861 2631 in
1884 2587 2212 2650 corporalibus.

245 2655 297 2699 In
326 2654 639 2713 corporalibus
672 2665 824 2697 autem
858 2653 1008 2697 omnis
1036 2663 1188 2697 motus
1216 2663 1427 2697 causatur
1449 2668 1474 2696 a
1501 2654 1650 2729 primo
1679 2664 1820 2698 motu.
1851 2654 2085 2714 Oportet
2071 2656 2211 2716 lgitur

246 2722 369 2781 quod
400 2722 447 2765 in
479 2720 784 2779 spiritualibus
817 2720 967 2764 omnis
1005 2730 1157 2764 motus
1189 2720 1436 2765 voluntatis
1474 2734 1499 2763 a
1541 2721 1688 2779 prima
1719 2720 1953 2770 voluntate
1985 2733 2210 2778 causetur,

247 2803 363 2848 quae
396 2799 464 2832 est
493 2787 705 2831 voluntas
728 2787 830 2831 Dei.

337 2855 526 2900 Adhuc.
555 2854 760 2914 superius
785 2855 844 2911 (c
870 2853 962 2912 70.)
990 2863 1225 2898 ostensum
1253 2865 1333 2908 est,
1353 2853 1475 2913 quod
1500 2853 1627 2898 Deus
1655 2864 1722 2899 est
1743 2869 1881 2900 causa
1906 2856 2057 2902 omnis
2074 2858 2211 2903 actio-

247 2922 333 2976 nis,
366 2932 410 2966 et
437 2933 649 2981 operatur
675 2923 719 2965 in
747 2921 875 2964 omni
902 2931 1087 2979 agente:
1122 2931 1190 2965 est
1216 2935 1326 2980 ergo
1355 2935 1491 2964 causa
1518 2931 1729 2965 motuum
1755 2921 2015 2968 voluntatis.

301 3013 303 3016 .
336 2989 475 3034 Item:
511 2988 659 3047 arguit
690 2988 838 3031 adhuc
872 2987 1143 3032 Aristoteles
1177 2987 1223 3031 in
1256 2998 1422 3032 octavo
1455 2987 1734 3032 Eudemicae
1766 2986 1956 3035 Ethicae
1981 3003 2062 3050 per
2084 2989 2208 3035 hunc

248 3057 469 3100 modum:
504 3057 648 3114 Hujus
681 3055 803 3114 quod
837 3054 998 3114 aliquis
1031 3054 1266 3114 intelligat,
1310 3054 1587 3110 consilietur,
1620 3055 1772 3114 eligat,
1805 3065 1850 3100 et
1878 3053 2003 3111 velit,
2029 3066 2210 3116 oportet

248 3123 416 3182 aliquid
451 3137 548 3167 esse
582 3137 783 3175 causam,
816 3122 922 3181 quia
955 3136 1094 3166 omne
1126 3135 1299 3166 novum
1327 3131 1508 3180 oportet
1538 3122 1661 3180 quod
1692 3122 1859 3168 habeat
1884 3121 2086 3182 aliquam
2107 3138 2208 3170 cau-

246 3205 359 3234 sam.
394 3190 444 3233 Si
477 3200 630 3233 autem
664 3199 730 3233 est
762 3203 899 3232 causa
926 3189 1021 3246 ejus
1056 3188 1175 3231 aliud
1211 3187 1468 3241 consilium,
1496 3198 1540 3232 et
1573 3188 1662 3232 alia
1683 3188 1894 3235 voluntas
1916 3190 2210 3249 praecedens,

247 3272 353 3300 cum
386 3270 480 3300 non
513 3257 569 3300 sit
600 3255 847 3314 procedere
874 3255 920 3298 in
952 3255 1022 3298 his
1050 3255 1096 3297 in
1122 3254 1363 3307 infinitum,
1391 3265 1570 3313 oportet
1597 3255 1809 3301 devenire
1835 3256 1892 3301 ad
1914 3255 2100 3316 aliquod
2122 3257 2210 3319 pri·

248 3337 389 3366 mum
424 3323 699 3380 Hujusmodi
731 3332 882 3366 autem
916 3322 1115 3380 primum
1147 3330 1329 3380 oportet
1361 3335 1459 3365 esse
1492 3322 1661 3381 aliquid
1694 3322 1817 3382 quod
1850 3333 1918 3368 est
1947 3323 2111 3380 melius
2141 3338 2208 3370 ra·

244 3390 383 3433 tione.
410 3389 539 3433 Nihil
566 3399 718 3433 autem
745 3398 812 3432 est
832 3388 997 3432 melius
1018 3386 1253 3432 intellectu
1277 3397 1322 3431 et
1347 3388 1522 3433 ratione
1545 3389 1632 3433 nisi
1653 3389 1794 3436 Deus.
1820 3386 1900 3436 Est
1923 3391 2057 3453 igitur
2078 3390 2206 3438 Deus

245 3456 442 3514 primum
469 3455 743 3515 principium
768 3465 1033 3499 nostrorum
1061 3453 1359 3499 consiliorum
1387 3464 1432 3499 et
1461 3454 1765 3502 voluntatum.

2300 3250 2322 3259 vvvvv
