2332 3854
801 199 953 239 1111311
992 199 1027 238 1.
1070 198 1191 239 cAP.
1231 197 1379 236 var.
2000 197 2067 252 57

461 545 621 593 Quon
662 545 804 584 maus
846 547 946 586 PER
983 546 1135 586 Num,
1177 545 1345 584 Amul)
1387 541 1728 593 INTELLIGIT,

45 595 202 676 ¹3²
671 619 828 666 QUAM
867 621 967 659 PER
1007 620 1153 658 SUAM
1191 619 1511 660 ESSENTIAM.

735 721 793 780 (I.
806 727 922 781 part.
941 727 1093 780 quaest.
1117 721 1235 766 XIV.
1256 727 1339 766 art.
1357 722 1433 779 2.)-

204 834 271 880 Ex
302 834 373 879 his
405 843 558 879 autem
585 847 701 893 quae
727 847 862 892 supra
879 842 1061 877 ostensa
1078 842 1195 888 sunt,
1215 833 1447 878 evidenter
1464 842 1650 892 apparet
1663 830 1787 892 quod
1811 829 2068 876 intellectus

118 902 296 949 divinus
323 901 448 946 nulla
481 901 568 945 alia
604 901 755 959 specie
791 899 1062 959 intelligibili
1095 899 1319 958 intelligat
1345 914 1483 958 quam
1523 914 1604 944 sua
1641 898 1859 953 essentia3
1891 898 2066 958 species

47 996 71 1017 ν.
114 967 566 1027 31111113111ι3111811>1113
603 967 876 1027 principium
916 965 1110 1011 formale
1148 977 1215 1011 est
1250 965 1568 1011 intellectualis
1610 966 1902 1026 operationis,
1950 965 2066 1009 sicut

111 1034 262 1082 forma
289 1034 527 1094 cujuslibet
553 1034 728 1094 agentis
754 1034 1025 1095 principium
1061 1045 1127 1080 est
1151 1034 1360 1094 propriae
1387 1034 1678 1093 operationis.
1720 1033 1888 1077 Divina
1915 1042 2066 1077 autem

2 1112 5 1114 ’
112 1102 318 1163 operatio
339 1100 658 1147 intellectualis
686 1111 753 1146 est
778 1102 875 1159 ejus
897 1102 1106 1155 essentia,
1133 1112 1180 1146 ut
1207 1111 1442 1146 ostensum
1469 1110 1537 1145 est
1564 1103 1620 1156 (c.
1646 1101 1766 1157 45.);
1792 1108 1912 1145 esset
1931 1099 2069 1158 igitur

113 1169 281 1230 aliquid
309 1168 430 1214 aliud
452 1169 632 1213 divinae
655 1169 877 1213 essentiae
904 1169 1174 1228 principium
1193 1178 1237 1213 et
1265 1182 1414 1222 causa,
1432 1168 1470 1212 si
1496 1168 1584 1212 alia
1609 1165 1883 1226 intelligibili
1898 1167 2066 1226 specie,

2 1271 4 1286 ÷
36 1224 57 1270 s
111 1249 252 1301 quam
267 1249 349 1281 sua
367 1235 561 1281 essentia
577 1234 833 1281 intellectus
856 1235 1032 1281 divinus
1050 1235 1346 1295 intelligeret3
1370 1234 1492 1295 quod
1509 1249 1646 1294 supra
1660 1234 1854 1279 ostensis
1872 1234 1933 1292 (3.
1955 1232 2065 1291 45.).

36 1319 74 1365 γ(
110 1312 348 1363 repugnat.

5 1564 55 1662 1

115 1369 138 1409 ’;
199 1370 387 1415 Adhuc:
414 1384 495 1430 per
526 1370 729 1429 speciem
764 1369 1097 1429 intelligibilem
1123 1369 1173 1414 fit
1207 1368 1464 1414 intellectus
1494 1367 1755 1427 intelligens
1792 1377 1909 1423 actu,
1943 1367 2062 1412 sicut

134 1448 192 1515 fr
216 1437 418 1499 speciem
441 1437 704 1483 sensibilem
720 1451 878 1482 sensus
901 1447 1003 1481 actu
1021 1437 1240 1492 sentiens;
1268 1446 1560 1494 comparatur
1583 1435 1719 1494 igitur
1745 1436 1919 1495 species
1941 1433 2069 1479 intel-

182 1502 299 1549 bilis
325 1504 382 1548 ad
407 1503 690 1549 intellectum
718 1505 834 1549 sicut
860 1514 988 1548 actus
1019 1504 1076 1548 ad
1101 1504 1367 1564 potentiam.
1387 1503 1464 1547 Si
1454 1503 1590 1562 lgitur
1606 1501 1862 1547 intellectus
1889 1502 2067 1547 divinus

56 1568 267 1631 aliqua
293 1571 382 1616 alia
414 1571 568 1631 specie
593 1570 867 1630 intelligibili
896 1570 1171 1630 intelligeret
1196 1584 1333 1630 quam
1367 1570 1534 1628 seipso,
1562 1579 1679 1614 esset
1702 1569 1750 1613 in
1775 1570 1980 1629 potentia
2003 1583 2071 1614 re·

40 1647 73 1670 ²
111 1647 268 1697 spectu
293 1637 498 1698 alicujus,
524 1637 646 1697 quod
674 1652 771 1682 esse
797 1652 891 1682 non
918 1648 1080 1715 potest,
1107 1648 1156 1682 ut
1186 1651 1320 1697 supra
1345 1647 1581 1682 ostensum
1607 1646 1676 1681 est
1701 1637 1763 1694 (c.
1796 1634 1861 1680 16.
1889 1647 1933 1681 et
1964 1636 2067 1694 17..)

197 1704 436 1764 Amplius:
454 1705 628 1764 species
643 1704 966 1763 intelligibilis·
954 1720 1001 1749 111
1013 1704 1246 1750 intellectu
1263 1714 1442 1764 praeter
1459 1704 1702 1749 essentiam
1721 1706 1818 1762 ejus
1835 1703 2068 1758 exsistens,

36 1765 55 1824 s·-
111 1784 210 1818 esse
235 1772 517 1817 accidentale
542 1772 694 1826 habet,
721 1772 896 1817 ratione
924 1774 1050 1831 cuius
1075 1772 1263 1817 scientia
1289 1782 1446 1816 nostra
1461 1772 1577 1816 inter
1603 1771 1857 1816 accidentia
1883 1785 2069 1830 compu-

9 1874 10 1877 ,
108 1848 243 1884 tatur.
275 1839 327 1884 In
358 1839 463 1884 Deo
495 1848 648 1884 autem
683 1853 779 1884 non
810 1849 961 1899 potest
995 1853 1094 1884 esse
1129 1839 1315 1898 aliquod
1356 1839 1582 1892 accidens,
1619 1848 1668 1883 ut
1704 1852 1839 1897 supra
1874 1838 1935 1896 (c.
1973 1838 2066 1897 23.)

111 1916 347 1952 ostensum
378 1916 474 1963 est3
499 1907 637 1966 igitur
661 1920 755 1952 non
782 1916 850 1951 est
874 1907 921 1951 in
946 1905 1180 1952 intellectu
1212 1908 1308 1966 ejus
1335 1905 1485 1966 aliqua
1510 1907 1685 1965 species
1716 1916 1895 1965 praeter
1918 1906 2067 1966 ipsam

29 1990 57 2038 s
111 1974 313 2019 divinam
344 1974 602 2019 essentiam.

199 2041 388 2086 Adhuc:
415 2041 592 2101 species
607 2040 904 2101 intelligibilis
929 2041 1179 2086 similitudo
1207 2052 1272 2087 est
1299 2041 1489 2100 alicujus
1513 2040 1746 2086 intellecti.
1780 2042 1831 2086 Si
1862 2042 1999 2121 igitur
2020 2042 2066 2087 in

2 2125 6 2148 z
110 2107 342 2154 intellectu
368 2108 525 2153 divino
557 2108 615 2153 sit
641 2108 793 2167 aliqua
814 2109 1133 2154 intellectualis
1160 2110 1335 2170 species
1361 2119 1540 2169 praeter
1566 2111 1810 2155 essentiam
1835 2110 1990 2170 ipsius,
2013 2112 2067 2156 si-

34 3278 44 3294 μ

60 2174 318 2220 militudo
352 2174 541 2233 alicujus
566 2175 785 2220 intellecti
811 2177 908 2231 erit,
936 2187 1012 2221 aut
1036 2177 1173 2236 igitur
1204 2176 1383 2221 divinae
1410 2177 1646 2231 essentiae,
1674 2187 1751 2222 aut
1776 2176 1960 2222 alterius
1985 2179 2065 2222 rei.

107 2242 254 2303 Ipsius
280 2242 466 2302 quidem
492 2242 672 2287 divinae
699 2244 921 2288 essentiae
946 2257 1041 2288 non
1067 2253 1216 2302 potest
1232 2258 1346 2299 esse,
1364 2245 1470 2304 quia
1488 2245 1553 2288 313
1580 2244 1733 2288 divina
1759 2245 1954 2289 essentia
1971 2258 2065 2288 non

72 2319 74 2322 ’
110 2319 230 2356 esset
250 2308 548 2368 intelligibilis
573 2323 653 2369 per
677 2310 889 2370 seipsam,
927 2310 1006 2355 sed
1037 2310 1116 2355 illa
1148 2311 1322 2370 species
1362 2310 1534 2355 faceret
1565 2325 1670 2356 eam
1705 2310 2067 2389 intelligibilem:

0 2245 75 2334 1

0 2337 87 2440 1ᾗ

90 2389 195 2425 nee
211 2376 351 2422 etiam
376 2385 525 2436 potest
550 2390 649 2422 esse
675 2377 722 2421 in
747 2377 979 2423 intellectu
1006 2379 1102 2438 ejus
1127 2379 1300 2438 species
1327 2378 1416 2422 alia
1437 2388 1617 2438 praeter
1642 2378 1885 2423 essentiam
1910 2379 2066 2438 ipsius,

59 2451 226 2507 quae
246 2443 304 2488 sit
328 2442 492 2488 alerius
509 2444 574 2488 rei
599 2444 878 2500 similitud03
898 2444 976 2489 illa
993 2446 1116 2490 enim
1133 2445 1412 2491 similitudo
1400 2448 1737 2506 1mprimeretur
1755 2446 1797 2490 ei
1815 2447 1868 2490 ab
1897 2445 2066 2505 aliquo,

70 2511 381 2563 {nouantem
407 2524 435 2555 a
459 2511 625 2570 seipse,
657 2512 763 2571 quia
794 2512 859 2556 sic
885 2512 1008 2557 idem
1042 2523 1161 2558 esset
1187 2527 1327 2572 agens
1359 2523 1404 2558 et
1429 2514 1618 2572 patiens,
1640 2523 1855 2591 essetque
1893 2513 2066 2573 aliquid

71 2588 251 2637 agens
277 2577 400 2637 quod
417 2591 511 2622 non
529 2592 674 2633 suam,
700 2579 778 2624 sed
798 2579 982 2625 alterius
1007 2579 1353 2625 similitudinem
1380 2580 1649 2625 inducer'et
1638 2595 1684 2625 m
1701 2581 1914 2640 patiente,
1933 2590 1976 2625 et
1998 2581 2063 2625 sic

34 2633 93 2667 “¹
109 2656 202 2691 non
228 2657 368 2690 omne
394 2658 534 2704 agens
570 2646 656 2690 sibi
686 2645 834 2691 simile
867 2656 1036 2706 ageret,
1062 2661 1146 2692 1133
1189 2648 1243 2691 31)
1272 2647 1388 2701 ali03
1415 2658 1531 2692 esset
1565 2648 1690 2692 enim
1718 2648 1889 2707 aliquid
1925 2662 2065 2707 agens

58 2709 232 2776 prius
258 2725 328 2755 eo.
355 2710 477 2770 Ergo
504 2711 786 2789 impossibile
820 2723 887 2757 est
922 2713 1082 2772 quod
1070 2729 1117 2757 m
1151 2714 1252 2773 ipso
1279 2714 1336 2758 sit
1362 2713 1512 2774 aliqua
1553 2714 1726 2774 species
1765 2713 2064 2774 intelligibilis

56 2731 285 2855 [ἑραειει-
307 2777 448 2837 ipsius
473 2779 732 2824 essentiam.

198 2844 458 2890 Praeterea:
486 2844 740 2904 intelligere
755 2846 845 2891 Dei
870 2856 938 2891 est
963 2847 1059 2906 ejus
1085 2861 1199 2902 esse,
1225 2857 1275 2892 ut
1300 2857 1535 2893 ostensum
1560 2859 1627 2894 est
1645 2850 1705 2906 (c.
1727 2861 1780 2907 45
1790 2848 1848 2906 .;)
1870 2849 1907 2894 si
1931 2850 2067 2908 igitur

59 2908 383 2970 intelligeret
408 2926 488 2971 per
513 2911 712 2971 aliquam
741 2915 956 2973 speciem,
983 2928 1098 2973 quae
1120 2928 1215 2958 non
1242 2915 1298 2959 sit
1314 2929 1396 2959 sua
1413 2916 1622 2970 essentia,
1645 2926 1764 2961 esset
1785 2931 1864 2976 per
1881 2915 2066 2975 aliquod
2106 2907 2110 2910 ⁴

63 2971 233 3038 ,Ῑρῖ31111ἀ
258 2991 285 3022 3
309 2992 392 3023 3113
418 2979 627 3035 essentia,
646 2980 777 3056 ‘quod
804 2989 871 3025 est
894 2980 1201 3057 impossibile3
1227 2995 1322 3026 non
1348 2982 1484 3042 igitur
1510 2982 1722 3043 intelligit
1752 2998 1834 3043 per
1865 2983 2066 3043 aliquam

60 3042 327 3126 {speciem,
353 3059 469 3104 quae
500 3060 595 3091 non
621 3046 678 3092 sit
704 3061 785 3092 sua
811 3048 1020 3093 essentia.

822 3194 1078 3251 CAPUT
1118 3195 1349 3252 XLVII.

436 3316 598 3363 QUOD
638 3318 779 3357 DEUS
813 3319 1091 3359 PERFECTE
1130 3320 1451 3360 INTELLIGIT
1493 3320 1736 3359 SEIPSUM.

718 3405 773 3463 (I.
797 3413 913 3466 part.
944 3414 1094 3467 quaest.
1123 3408 1240 3452 XIV.
1274 3414 1354 3452 art.
1383 3407 1457 3467 3.).

200 3503 267 3552 Ex
291 3505 383 3552 hoc
409 3517 563 3552 autem
587 3507 775 3555 ulterius
800 3520 936 3569 patet,
962 3511 1118 3570 quod
1108 3525 1203 3571 ipse
1229 3512 1431 3571 seipsum
1457 3511 1656 3571 perfecte
1681 3511 1906 3572 intelligit.
1941 3512 2065 3558 Cum

72 3558 238 3643 {cuim
266 3587 347 3634 per
369 3575 570 3634 speciem
595 3574 927 3636 intelligibilem
966 3577 1222 3623 intellectus
1262 3578 1310 3623 in
1345 3591 1444 3623 rem
1474 3577 1757 3625 intellectam
1788 3579 1978 3635 feratur,
2009 3593 2065 3626 ex
