2332 3854
293 194 399 250 232
699 208 701 211 ·
942 194 1096 233 LIBER
1137 195 1191 232 11.
1235 194 1355 232 CAP.
1391 192 1573 239 LXXVI,

290 297 477 341 scientia
512 305 667 340 nostra
704 295 927 354 dependet
962 295 1014 339 ab
1051 295 1285 340 intellectu
1324 304 1485 354 agente
1518 295 1635 340 sicut
1666 309 1719 340 ex
1746 295 1894 354 primo
1929 294 2250 354 principio-§i

289 364 426 421 igitur
450 362 705 407 intellectus
730 377 867 421 agens
889 372 956 406 est
980 362 1207 420 quaedam
1233 362 1482 406 substantia
1509 371 1726 421 separata,
1753 361 1878 405 nulla
1896 371 2028 415 esset,
2053 361 2128 409 vel
2152 376 2253 407 mo·

290 431 390 474 dica
423 429 674 474 differentia
706 429 820 472 inter
853 429 1118 487 opinionem
1151 429 1286 472 istam
1319 438 1364 472 et
1395 428 1674 487 platonicam
1709 443 1734 472 a
1766 427 2052 488 Philosoph'o
2083 424 2251 488 impro-

291 497 458 541 batam.

379 564 568 607 Adhuc:
593 563 629 607 si
656 561 910 606 intellectus
929 575 1067 619 agens
1086 571 1154 605 est
1170 561 1395 620 quaedam
1413 562 1660 606 substantia
1683 570 1902 620 separata,
1928 570 2109 620 oportet
2122 560 2252 621 Aquod

290 631 384 688 ejus
412 630 530 674 actio
553 630 609 673 sit
637 630 850 673 continua
884 638 929 672 et
953 642 1048 671 non
1074 628 1302 682 intercisa,
1329 628 1404 673 vel
1435 628 1597 672 saltem
1624 639 1806 686 oportet
1831 627 1981 672 dicere
2006 626 2134 687 quod
2144 641 2250 687 ,non

290 697 577 740 continuetur
604 706 648 739 et
673 695 965 739 intercidatur
992 695 1047 738 ad
1073 705 1282 739 nostrum
1308 696 1553 740 arbitrium.
1574 695 1709 739 Actio
1729 704 1882 739 autem
1901 695 1997 753 ejus
2014 703 2083 738 est
2096 692 2252 746 ‚facere

288 764 606 821 phantasmata
622 761 922 820 intelligibilia
946 771 1063 806 actu.
1092 762 1185 806 Aut
1207 762 1342 820 igitur
1362 762 1452 806 hoc
1470 777 1651 821 semper
1671 761 1820 816 faciet,
1844 771 1921 806 aut
1941 775 2035 806 non
2057 773 2251 819 semper.

290 829 336 873 Si
363 843 457 872 non
483 842 676 886 semper,
701 842 796 871 non
822 838 978 872 tamen
1003 828 1094 872 hoc
1121 827 1259 874 faciet
1284 830 1339 873 ad
1367 829 1601 873 arbitrium
1627 839 1859 873 nostrum:
1886 827 1966 873 sed
1992 837 2099 872 tunc
2124 826 2253 872 intel-

288 896 471 954 ligimus
495 905 598 938 actu
617 895 798 953 quando
816 895 1135 953 phantasmata
1156 895 1270 940 fiunt
1290 895 1592 954 intelligibilia
1615 905 1738 940 actu:
1765 895 1901 954 igitur
1924 903 2108 954 oportet
2127 894 2250 953 quod

287 962 360 1006 vel
385 977 566 1020 semper
581 961 906 1020 intelligamus,
922 961 996 1006 vel
1019 962 1141 1020 quod
1166 976 1261 1006 non
1287 962 1344 1006 sit
1368 962 1415 1006 in
1441 971 1663 1021 potestate
1684 971 1840 1006 nostra
1862 971 1966 1006 actu
1981 959 2249 1020 intelligere.

376 1031 637 1072 Praeterea:
667 1029 950 1087 comparatio
970 1028 1246 1072 substantiae
1274 1039 1507 1087 separatae
1531 1029 1586 1072 ad
1610 1029 1767 1072 omnia
1793 1029 2112 1086 phantasmata
2134 1041 2250 1086 quae

286 1106 390 1140 sunt
414 1096 460 1138 in
488 1095 848 1154 quibuscumque
874 1095 1153 1149 hominibus,
1181 1106 1248 1139 est
1269 1109 1384 1148 una;
1410 1096 1525 1139 sicut
1549 1096 1834 1154 comparatio
1857 1093 1967 1139 solis
1989 1103 2057 1138 est
2076 1107 2168 1137 una
2194 1093 2250 1137 ad

286 1177 447 1206 omnes
474 1161 664 1206 calores.
692 1162 781 1206 Res
810 1171 962 1206 autem
986 1161 1222 1206 sensibiles
1244 1161 1451 1206 similiter
1472 1162 1672 1205 sentiunt
1698 1163 1942 1205 sentientes
1968 1170 2013 1205 et
2037 1160 2182 1214 inscii,
2206 1169 2251 1204 et

286 1245 364 1288 per
397 1244 680 1288 consequens
713 1229 876 1273 eadem
909 1230 1229 1288 phantasmata
1260 1239 1365 1274 sunt
1395 1230 1441 1273 in
1474 1230 1689 1289 utrisque.
1724 1229 1942 1273 Similiter
1972 1229 2110 1288 igitur
2139 1227 2248 1273 fient

284 1296 586 1355 intelligibilia
612 1296 666 1339 ab
693 1295 926 1340 intellectu
953 1306 1130 1355 agente.
1158 1296 1362 1356 Uterque
1391 1309 1500 1355 ergo
1529 1295 1737 1341 similiter
1761 1295 1998 1355 intelliget.

374 1364 531 1407 Potest
556 1373 710 1407 autem
737 1363 826 1407 dici
852 1363 974 1422 quod
1001 1362 1258 1407 intellectus
1285 1377 1424 1421 agens
1452 1377 1630 1422 semper
1657 1365 1750 1422 agit
1774 1373 1994 1422 quantum
2016 1362 2062 1406 in
2084 1375 2135 1407 se
2160 1371 2251 1416 est,

285 1431 363 1474 sed
390 1445 483 1474 non
509 1444 690 1489 semper
715 1430 1035 1489 phantasmata
1061 1429 1174 1474 fiunt
1199 1429 1498 1489 intelligibilia
1527 1439 1646 1484 actu,
1668 1429 1747 1474 sed
1773 1430 1924 1474 solum
1943 1429 2126 1488 quando
2148 1438 2253 1473 sunt

287 1498 342 1541 ad
368 1498 458 1542 hoc
486 1497 728 1556 disposita3
757 1497 1054 1555 disponuntur
1083 1507 1234 1541 autem
1263 1497 1318 1540 ad
1344 1497 1435 1541 hoc
1469 1511 1549 1556 per
1575 1505 1726 1541 actum
1761 1496 2034 1556 cogitativae
2059 1495 2252 1550 virtutis,

287 1566 413 1623 cujus
447 1579 553 1608 usus
582 1574 650 1608 est
674 1564 720 1607 in
747 1574 902 1608 nostra
934 1573 1182 1622 potestate3
1211 1574 1256 1608 et
1280 1563 1385 1608 ideo
1417 1563 1672 1622 intelligere
1699 1574 1802 1608 actu
1829 1572 1897 1608 est
1919 1563 1968 1607 in
1993 1572 2150 1608 nostra
2174 1575 2253 1622 po-

284 1641 469 1686 testate3
493 1641 538 1675 et
563 1631 620 1674 ob
648 1631 738 1675 hoc
773 1631 909 1675 etiam
945 1632 1167 1690 contingit
1199 1631 1320 1690 quod
1352 1645 1446 1674 non
1481 1644 1642 1675 omnes
1668 1631 1881 1675 homines
1913 1629 2182 1688 intelligunt·
2197 1643 2254 1674 ea

286 1713 481 1757 quorum
507 1699 677 1742 habent
702 1698 1047 1756 phantasmata3
1074 1699 1179 1757 quia
1205 1712 1298 1741 non
1326 1712 1488 1742 omnes
1505 1698 1674 1742 habent
1701 1707 1854 1742 actum
1878 1696 2056 1742 virtutis
2081 1696 2252 1756 cogita-

283 1767 402 1810 tivae
430 1766 795 1818 convenientem,
822 1765 900 1808 sed
927 1764 1077 1808 solum
1101 1765 1177 1823 qui
1203 1774 1307 1809 sunt
1330 1765 1537 1809 instructi
1562 1774 1607 1808 et
1633 1764 1855 1809 consueti.

372 1833 564 1877 Videtur
582 1842 733 1876 autem
752 1832 874 1891 quod
892 1832 1005 1876 haec
1034 1833 1270 1891 responsio
1295 1846 1390 1876 non
1416 1833 1472 1876 sit
1498 1832 1689 1876 omnino
1716 1830 1959 1876 sufficiens.
1978 1830 2106 1876 Haec
2124 1830 2246 1876 enim

284 1900 535 1959 dispositio,
563 1914 678 1958 quae
705 1899 754 1943 fit
779 1913 858 1958 per
885 1899 1214 1957 cogitationem
1250 1899 1303 1942 ad
1331 1898 1696 1957 intelligendum,
1730 1908 1913 1958 oportet
1937 1897 2061 1957 quod
2091 1897 2151 1943 sit
2178 1896 2254 1941 vel

285 1967 520 2025 dispositio
547 1966 803 2011 intellectus
829 1965 1058 2025 possibilis
1086 1966 1140 2009 ad
1166 1966 1478 2024 recipiendum
1502 1965 1676 2010 formas
1707 1964 2017 2024 intelligibiles
2043 1965 2098 2009 ab
2124 1963 2253 2009 intel-

283 2033 404 2080 lectu
432 2043 594 2092 agente
621 2032 825 2086 fluentes,
853 2043 902 2076 ut
927 2033 1165 2076 Avicenna
1187 2033 1295 2076 dicit
1321 2033 1390 2089 (P.
1418 2033 1451 2076 Ι.
1478 2033 1550 2076 De
1584 2033 1750 2087 anima,
1778 2046 1815 2078 c,
1849 2031 1924 2090 5.)‚
1953 2030 2032 2079 vel
2054 2030 2162 2091 quia
2185 2031 2264 2075 di->

287 2110 542 2159 sponuntur
573 2100 892 2158 phantasmata
919 2109 968 2143 ut
991 2099 1102 2144 fiant
1133 2099 1436 2157 intelligibilia
1465 2110 1581 2152 actu,
1600 2099 1717 2143 sicut
1748 2100 1977 2144 Averroes
2000 2098 2152 2156 (tertio
2172 2097 2246 2142 De

283 2169 450 2221 anima,
475 2168 610 2212 Com.
641 2168 702 2225 5.)
729 2178 772 2211 et
798 2167 1057 2210 Alexander
1075 2167 1171 2225 (ubi
1191 2168 1345 2225 supra)
1370 2167 1537 2210 dicunt.
1566 2166 1773 2210 Primum
1793 2174 1946 2211 autem
1962 2166 2132 2211 horum
2151 2178 2246 2209 non

280 2236 456 2280 videtur
483 2250 581 2280 esse
609 2235 902 2289 conveniens,
930 2234 1035 2292 quia
1061 2233 1319 2278 intellectus
1345 2233 1572 2292 possibilis
1599 2234 1852 2278 secundum
1879 2246 2012 2277 suam
2037 2242 2248 2277 naturam

282 2314 350 2347 est
374 2304 421 2347 in
447 2302 650 2362 potentia
678 2302 733 2346 ad
761 2302 936 2360 species
968 2300 1277 2359 intelligibiles
1313 2310 1438 2354 actu3
1471 2301 1590 2344 unde
1624 2309 1917 2359 comparatur
1941 2299 1999 2344 ad
2025 2313 2102 2344 eas
2134 2298 2251 2343 sicut

281 2371 561 2429 diaphanum
596 2368 651 2412 ad
683 2368 832 2412 lucem
860 2367 935 2412 vel
968 2368 1023 2411 ad
1055 2368 1229 2426 species
1264 2367 1445 2412 coloris.
1479 2368 1585 2411 Non
1613 2378 1766 2411 autem
1792 2367 1967 2426 indiget
1993 2365 2176 2426 aliquid,
2201 2365 2250 2409 in

282 2439 408 2495 cujus
434 2447 597 2480 natura
619 2445 686 2480 est
708 2435 910 2494 recipere
927 2433 1126 2478 formam
1154 2434 1369 2493 aliquam,
1388 2434 1568 2492 disponi
1596 2434 1782 2478 ulterius
1810 2434 1864 2478 ad
1891 2433 2090 2478 formam
2106 2431 2248 2486 illam,

281 2505 368 2548 nisi
390 2503 507 2548 forte
534 2505 622 2547 sint
647 2503 692 2546 in
720 2502 800 2546 illo
828 2501 1080 2546 contrariae
1104 2501 1446 2560 dispositiones;
1473 2502 1591 2545 sicut
1613 2503 1801 2545 materia
1826 2514 1971 2561 aquae
1997 2499 2249 2560 disponitur

283 2571 337 2614 ad
355 2570 554 2615 formam
579 2570 693 2613 aeris
716 2583 793 2628 per
821 2569 1126 2613 remotionem
1145 2568 1399 2626 frigiditatis
1417 2578 1460 2612 et
1479 2568 1725 2612 densitatis.
1743 2567 1872 2611 Nihil
1898 2577 2051 2612 autem
2073 2576 2250 2611 contra-

279 2638 397 2681 rium
424 2647 492 2681 est
517 2637 563 2680 in
589 2635 821 2680 intellectu
848 2635 1066 2694 possibili,
1093 2635 1214 2694 quod
1234 2635 1377 2694 possit
1402 2635 1622 2692 impedire
1646 2635 1972 2694 cujuscumque
1994 2633 2163 2692 speciei
2185 2633 2249 2678 in-

278 2703 524 2763 telligibilis
557 2703 918 2762 susceptionem;
941 2716 1049 2746 nam
1076 2703 1249 2761 species
1283 2701 1607 2760 intelligibiles,
1641 2701 2163 2755 etiamcontrariorum,
2196 2699 2244 2744 in

278 2771 510 2815 intellectu
542 2785 636 2814 non
669 2780 773 2814 sunt
804 2769 1073 2823 contrariae,
1107 2779 1156 2813 ut
1186 2770 1349 2828 probat
1379 2768 1648 2813 Aristoteles
1680 2769 1727 2812 in
1760 2769 1956 2827 septimo
1987 2768 2242 2827 MetaphyS.

281 2839 329 2895 (t.
359 2854 397 2882 c,
426 2839 533 2897 23.)‚
561 2851 701 2897 quum
728 2851 869 2880 unum
897 2837 954 2880 sit
979 2837 1095 2880 ratio
1124 2836 1435 2894 cognoscendi
1464 2835 1610 2890 aliud;
1644 2835 1815 2879 falsitas
1847 2844 2017 2890 autem,
2035 2848 2151 2894 quae
2179 2847 2250 2879 ac·
2324 2863 2332 2866 -

281 2907 387 2951 cidit
408 2907 454 2950 in
472 2906 640 2964 judicio
659 2904 915 2949 intellectus
939 2905 1258 2963 componentis
1277 2913 1321 2947 et
1338 2903 1456 2947 divid
1465 2903 1593 2956 entis,
1619 2904 1830 2962 provenit
1849 2916 1955 2947 non*
1970 2916 2025 2947 ex
2050 2915 2107 2946 eo
2124 2900 2248 2960 quod

279 2976 324 3018 in
352 2973 584 3018 intellectu
611 2971 815 3031 possibili
842 2972 931 3015 sint
957 2971 1107 3030 aliqua
1133 2970 1380 3024 intellecta,
1408 2970 1485 3014 sed
1516 2984 1568 3013 ex
1596 2984 1651 3014 eo
1679 2969 1802 3029 quod
1825 2969 1867 3014 ei
1891 2968 2044 3028 aliqua
2070 2968 2247 3013 desunt.

278 3041 385 3086 Non
412 3041 563 3099 igitur,
591 3050 810 3098 quantum
837 3039 884 3082 in
911 3053 958 3082 se
987 3048 1067 3090 est,
1094 3037 1350 3082 intellectus
1377 3036 1603 3095 possibilis
1636 3037 1810 3095 indiget
1835 3035 1986 3096 aliqua
2011 3048 2249 3095 praepara·

278 3109 402 3153 tione
430 3118 478 3152 ut
504 3107 720 3166 suscipiat
746 3106 920 3165 species
946 3105 1254 3162 intelligibiles
1285 3105 1337 3147 ab
1365 3103 1600 3148 intellectu
1634 3113 1798 3161 agente
1830 3103 2035 3148 fluentes.

367 3176 628 3219 Praeterea:
658 3173 852 3227 colores,
879 3171 987 3216 facti
1019 3171 1217 3215 visibiles
1261 3181 1362 3215 actu
1398 3186 1476 3230 per
1507 3170 1673 3224 lucem,
1706 3184 1788 3228 pro
1821 3180 1947 3215 certo
1978 3169 2247 3228 imprimunt

280 3257 413 3287 suam
440 3241 786 3286 similitudinem
804 3241 850 3283 in
868 3239 1164 3298 diaphanum,
1192 3249 1235 3282 et
1257 3252 1335 3297 per
1354 3251 1637 3296 consequens
1655 3237 1701 3280 in
1727 3237 1890 3280 visum.
1914 3235 1964 3280 Si
1988 3235 2126 3295 igitur
2145 3234 2243 3295 ipsa

282 3312 616 3370 phantasmata,
643 3309 862 3353 illustrata
883 3308 935 3351 ab
959 3306 1190 3351 intellectu
1211 3316 1387 3364 agente,
1406 3319 1499 3348 non
1523 3304 1791 3363 imprimunt
1805 3317 1911 3349 suas
1927 3301 2245 3348 similitudines

282 3380 327 3422 in
355 3378 638 3422 intellectum
666 3375 943 3435 possibilem,
971 3374 1049 3419 sed
1083 3373 1234 3418 solum
1262 3373 1507 3431 disponunt
1532 3372 1682 3430 ipsum
1710 3371 1765 3415 ad
1790 3369 2116 3430 recipiendum,
2146 3381 2242 3414 non

283 3457 400 3490 esset
428 3444 712 3504 comparatio
731 3444 1103 3503 phantasmatum
1132 3441 1185 3485 ad
1213 3440 1496 3484 intellectum
1515 3437 1780 3498 possibilem
1806 3437 1923 3484 sicut
1947 3435 2159 3489 colorum
2185 3435 2240 3480 ad

281 3513 445 3566 visum,
474 3523 521 3556 ut
548 3510 819 3556 Aristoteles
843 3510 970 3569 ponit
997 3510 1151 3567 (tertio
1177 3508 1249 3552 De
1277 3506 1444 3560 anima,
1476 3517 1507 3550 t.
1535 3519 1574 3550 c.
1606 3505 1710 3564 30.).

367 3579 507 3624 Item:
536 3578 789 3624 secundum
807 3578 913 3632 hoc,
937 3577 1255 3637 phantasmata
1276 3588 1370 3618 non
1398 3583 1547 3619 essent
1574 3587 1653 3633 per
1677 3587 1726 3617 se
1752 3570 2008 3629 necessaria
2033 3569 2090 3615 ad
2116 3569 2246 3616 intel·
