2332 3854
304 209 413 280 586
989 227 1145 266 LtssER
1183 227 1255 267 1v.
1298 227 1418 267 CAP.
1458 228 1551 267 xx.

301 329 508 387 proprius
536 338 662 373 actus
689 328 864 372 domini
898 338 979 382 est,
1013 328 1340 373 convenienter
1365 329 1551 388 Spiritui
1578 329 1750 374 Sancto
1772 330 2030 376 dominium
2062 332 2260 378 attribui-

300 405 396 449 tur3
425 396 533 439 dicit
561 396 684 440 enim
706 395 958 452 Apostolus
987 395 1063 451 (II.
1093 395 1302 440 Corinth.
1327 395 1406 440 ΙΙΙ.
1445 396 1556 454 17.);
1584 397 1767 455 Spiritus
1787 404 1924 442 autem
1945 397 2158 444 Dominus
2172 406 2255 452 ειη·

302 472 346 506 et
377 464 422 506 in
449 463 661 521 symbolo
689 462 794 505 fidei
821 462 1006 505 dicitur:
1036 461 1170 506 Credo
1196 464 1242 505 in
1273 462 1477 521 Spiritum
1507 463 1705 507 Sanctum
1737 465 1989 508 Dominum.

389 531 529 574 Item:
556 529 649 573 vita
676 529 875 572 maxime
901 528 948 571 in
975 538 1105 572 motu
1131 527 1468 583 manifestatur3
1501 530 1736 574 moventia
1770 531 1892 574 enirn
1924 531 2074 590 seipsa
2104 531 2259 577 vivere

301 596 509 649 dicimus,
547 606 591 639 et
626 594 942 638 universaliter
974 608 1290 654 quaecumque
1328 609 1354 638 a
1389 596 1547 654 seipsis
1575 607 1770 654 aguntur
1795 597 1851 640 ad
1877 599 2174 656 operandum.
2209 598 2260 643 Si

300 663 452 720 igitur,
477 664 653 705 ratione
688 662 872 714 amoris,
906 661 1093 720 Spiritui
1121 661 1292 706 Sancto
1322 662 1538 721 impulsio
1577 672 1622 706 et
1651 663 1799 707 motio
1832 665 2065 723 competit,
2092 677 2260 710 conve-

299 730 476 772 nienter
502 730 639 771 etiam
656 728 741 771 sibi
769 727 1022 771 attribuitur
1047 727 1163 782 vita3
1189 727 1352 772 dicitur
1379 728 1501 772 enim
1528 729 1714 786 (Joann.
1738 730 1817 773 VI.
1844 729 1973 788 64..)
1994 731 2175 790 Spiritus
2201 738 2260 777 est

298 797 371 852 qui
400 795 617 852 zivzflcat;
647 804 691 837 et
716 794 903 870 (Ezech.
931 793 1166 839 XXXVII.
1190 792 1277 852 6):
1305 797 1431 840 Dabo
1462 798 1582 840 vobis
1609 798 1822 855 spiritum,
1859 804 1896 842 et
1925 796 2107 858 viveti55
2124 806 2182 844 et
2210 798 2257 844 in

297 860 509 919 symbolo
555 860 659 904 fidei
694 874 780 904 nos
816 861 862 904 in
906 861 1126 918 Spiritum
1166 861 1387 906 Sanctum
1422 864 1710 921 vivificantem
1748 864 1931 909 credere
1976 865 2256 924 profitemur.

299 927 441 979 Quod
469 927 606 971 etiam
641 937 685 971 et
715 927 895 971 nomini
918 929 1087 986 spiritus
1120 938 1367 983 consonat3
1398 942 1508 972 nam
1531 929 1668 973 etiam
1703 930 1952 989 corporalis
1976 932 2069 976 vita
2089 932 2260 977 anima-

295 993 408 1036 lium
432 1004 499 1038 est
524 1008 604 1052 per
637 994 844 1052 spiritum
877 993 1063 1038 vitalem
1090 1008 1116 1038 a
1151 995 1373 1054 principio
1400 996 1519 1040 vitae
1546 997 1592 1040 in
1625 1006 1772 1041 cetera
1799 998 2006 1043 membra
2027 998 2257 1045 diffusum.

1049 1127 1306 1206 CAPUT
1346 1149 1501 1206 xxi.

296 1276 369 1314 DE
402 1276 734 1315 EFFECTIBUS
773 1277 1103 1316 ATTRIBUTIS
1133 1277 1368 1316 SPIRITUI
1402 1277 1618 1316 SANCTO
1645 1279 1703 1317 IN
1735 1277 1910 1318 SACRA
1935 1277 2255 1330 SCR1PTURA‚

753 1352 1034 1390 RESPECTU
1075 1351 1406 1391 RATIONALIS
1449 1351 1792 1403 CREATURAE,

556 1425 831 1471 QUANTUM
870 1426 944 1463 AD
985 1426 1056 1464 EA
1096 1426 1246 1481 QUAE
1286 1426 1428 1464 DEUS
1468 1426 1629 1465 NOBIS
1669 1426 1999 1467 ELARGITUR.

386 1530 785 1575 Considerandum
813 1541 882 1576 est
913 1532 1067 1586 etiam,
1093 1542 1315 1591 quantum
1342 1531 1399 1576 ad
1426 1531 1613 1576 effectus
1634 1543 1755 1590 'quos
1796 1531 1988 1592 proprie*
2012 1530 2061 1576 in
2091 1541 2254 1576 natura

295 1598 507 1641 rationali
528 1597 650 1653 facit,
678 1599 816 1656 quod,
843 1613 896 1642 ex
922 1599 1014 1643 hoc
1037 1599 1160 1657 quod
1188 1599 1366 1643 divinae
1383 1598 1654 1657 perfectioni
1670 1609 1917 1658 utcumque
1934 1597 2257 1653 assimilamur,

293 1665 561 1723 hujusmodi
593 1664 812 1724 perfectio
845 1680 871 1709 a
896 1666 999 1710 Deo
1031 1666 1165 1710 nobis
1191 1666 1288 1710 dari
1314 1666 1501 1720 dicitur3
1535 1666 1651 1710 sicut
1676 1666 1898 1725 sapientia
1933 1680 1960 1710 a
1989 1666 2094 1710 Deo
2123 1665 2257 1710 nobis

293 1732 487 1775 donatur
504 1733 756 1795 secundum
774 1733 897 1791 quod
920 1733 1099 1777 divinae
1118 1734 1363 1792 sapientiae
1386 1743 1634 1791 utcumque
1650 1732 1974 1790 assimilamur.
1999 1732 2156 1785 Quum
2178 1731 2259 1791 igi-

293 1808 366 1841 tur
394 1798 587 1857 Spiritus
619 1799 815 1843 Sanctus
847 1800 1066 1857 procedat
1096 1814 1175 1858 per
1196 1799 1387 1844 modum
1417 1800 1586 1844 amoris
1623 1814 1714 1858 quo
1739 1800 1866 1844 Deus
1891 1801 2093 1858 seipsum
2116 1792 2258 1853 amat,

298 1875 347 1908 ut
364 1875 599 1909 ostensum
623 1876 689 1910 est
705 1867 766 1925 (c.
790 1880 804 1909 1
816 1866 894 1923 6.),
913 1881 966 1910 ex
983 1867 1074 1912 hoc
1097 1867 1220 1925 quod
1238 1867 1343 1911 huic
1363 1868 1511 1910 amori
1527 1866 1847 1921 assimilamur,
1864 1866 2016 1910 Deum
2033 1876 2256 1920 amantes,

295 1931 488 1989 Spiritus
507 1932 701 1977 Sanctus
720 1947 745 1976 a
761 1933 864 1977 Deo
882 1933 1014 1977 nobis
1042 1934 1138 1977 dari
1155 1934 1330 1978 dicitur.
1358 1934 1494 1977 Unde
1512 1933 1765 1992 Apostolus
1788 1933 1898 1978 dicit
1913 1933 2072 1992 (Rom.
2089 1931 2146 1977 V.
2169 1932 2253 1991 5.):

294 1998 468 2043 Caritas
499 2000 584 2043 Dei
615 1999 763 2058 diff-usa
794 2007 851 2046 est
885 2002 929 2045 in
971 2000 1163 2046 cordibus
1194 2002 1358 2045 nostris
1370 2008 1451 2060 per
1486 2001 1690 2059 Spiritum
1721 2000 1934 2056 Sanctum,
1956 2002 2030 2058 qui
2057 1999 2176 2045 dairas
2201 2005 2258 2044 est

290 2067 422 2110 nobis.
964 2084 967 2092 ¹

385 2132 634 2177 Sciendum
659 2143 816 2178 tamen
843 2143 911 2179 est
943 2134 1064 2193 quod
1102 2149 1156 2178 ea
1189 2149 1303 2193 quae
1331 2148 1356 2178 a
1381 2134 1523 2179 Deo
1512 2149 1559 2178 1n
1590 2133 1723 2178 nobis
1748 2143 1866 2189 sunt,
1906 2107 2219 2178 reducuntur’
2207 2147 2255 2177 m

293 2199 448 2243 Deum
464 2201 582 2244 sicut
597 2200 645 2244 in
663 2214 849 2245 causam
867 2200 1142 2245 efficientem
1161 2211 1204 2245 et
1221 2201 1555 2260 exemplarem:
1582 2201 1627 2245 in
1647 2214 1831 2246 causam
1853 2198 2040 2259 quidem
2060 2198 2257 2244 efficien-

296 2276 404 2320 tem,
430 2267 476 2310 in
504 2278 724 2325 quantum
750 2268 913 2312 virtute
941 2269 1174 2327 operativa
1201 2268 1354 2311 divina
1387 2267 1556 2326 aliquid
1585 2267 1633 2311 in
1664 2267 1798 2321 nobis
1831 2265 2085 2321 efficitur;‘
2073 2280 2119 2311 in
2140 2279 2255 2311 cau·

293 2347 391 2376 sam
417 2347 528 2377 vero
555 2333 878 2393 exemplarem,
901 2335 1151 2378 secundum
1179 2334 1302 2393 quod
1338 2334 1384 2378 id
1422 2335 1545 2393 quod
1570 2334 1617 2377 in
1647 2334 1780 2378 nobis
1806 2347 1833 2377 a
1864 2333 1968 2378 Deo
2004 2342 2074 2378 est
2098 2332 2254 2392 aliquo

294 2399 434 2443 modo
461 2401 615 2444 Deum
641 2402 855 2445 imitatur.
882 2402 1041 2454 Quum
1064 2415 1175 2459 ergo
1204 2402 1366 2445 eadem
1386 2403 1527 2446 virtus
1555 2401 1612 2445 sit
1633 2401 1779 2445 Patris
1802 2410 1847 2445 et
1865 2399 1968 2444 Filii
1993 2409 2040 2445 et
2060 2399 2254 2459 Spiritus

296 2466 466 2520 Sancti,
500 2467 617 2510 sicut
643 2478 687 2511 et
719 2468 879 2511 eadem
907 2470 1116 2521 essentia,
1145 2477 1326 2527 oportet
1352 2468 1474 2526 quod
1502 2481 1641 2511 omne
1668 2467 1712 2511 id
1740 2467 1863 2526 quod
1894 2467 2023 2511 Deus
2052 2467 2100 2511 in
2119 2466 2254 2512 nobis

293 2531 444 2586 efficit,
471 2533 540 2586 sit,
568 2534 684 2577 sicut
710 2548 735 2577 a
762 2548 899 2578 causa
931 2534 1170 2587 efficiente,
1204 2534 1342 2578 simul
1369 2549 1393 2578 a
1420 2534 1553 2578 Patre
1571 2545 1615 2578 et
1631 2534 1748 2578 Filio
1783 2544 1828 2578 et
1860 2533 2034 2592 Spiritu>
2057 2533 2252 2588 Sanct03

290 2600 480 2644 verbum
502 2610 655 2644 tamen
683 2602 946 2660 sapientiae,
980 2615 1070 2660 quo
1099 2603 1252 2646 Deum
1280 2603 1621 2660 cognoscimus,
1647 2601 1779 2645 nobis
1805 2615 1832 2645 a
1851 2601 1956 2645 Deo
1977 2601 2283 2656 immissum?

289 2677 356 2710 est
387 2667 568 2725 proprie
595 2669 1029 2725 repraesentativum
1066 2668 1190 2722 Filii3
1225 2679 1267 2712 et
1303 2668 1511 2713 similiter
1545 2683 1688 2722 amor,
1716 2668 1978 2727 quo—Deum
2002 2666 2250 2726 diligimus,

289 2745 355 2778 est
372 2735 606 2811 proprium
624 2736 1058 2793 repraesentativum
1088 2736 1279 2793 Spiritus
1299 2736 1468 2780 Sancti.
1488 2736 1543 2780 Et
1559 2737 1623 2780 sic
1643 2736 1806 2779 caritas
1825 2749 1940 2794 quae
1956 2734 2004 2778 in
2019 2734 2152 2779 nobis
2167 2743 2252 2789 est,

289 2800 395 2845 licet
429 2802 487 2845 sit
519 2801 706 2846 effectus
739 2803 886 2846 Patris
919 2812 964 2846 et
996 2802 1099 2846 Filii
1135 2813 1179 2846 et
1213 2803 1406 2861 Spiritus
1441 2803 1612 2856 Sancti,
1645 2811 1800 2846 tamen
1833 2801 2031 2861 quadam
2062 2800 2252 2861 speciali

289 2868 465 2911 ratione
494 2868 656 2912 dicitur
689 2883 786 2913 esse
818 2870 864 2912 in
891 2869 1023 2913 nobis
1049 2884 1128 2928 per
1162 2870 1382 2927 Spiritum
1407 2870 1642 2914 Sanctum.

299 2964 302 2966 -
380 2936 503 2988 Quia
528 2950 640 2980 vero
669 2935 855 2980 effectus
874 2937 1015 2980 divini
1041 2950 1135 2980 non
1162 2937 1313 2980 solum
1332 2936 1484 2980 divina
1507 2936 1773 2995 operatione
1796 2948 1895 2980 esse
1920 2935 2156 2994 incipiunt,
2172 2933 2252 2979 sed
2304 2931 2311 2987 ξ

290 3002 429 3046 etiam
457 3017 534 3060 per
561 3017 664 3046 eam
696 3013 907 3047 tenentur
931 3003 977 3046 in
1011 3017 1123 3060 esse,
1153 3013 1201 3047 ut
1227 3018 1280 3047 ex
1313 3004 1620 3062 superioribus
1646 3012 1782 3061 patet,
1814 2999 1931 3046 nihil
1961 3012 2116 3047 autem
2146 3014 2254 3061 ope·

287 3070 375 3112 rari
394 3079 541 3127 potest
568 3070 643 3113 ubi
666 3084 759 3113 non
782 3080 848 3114 est
876 3072 1080 3128 (oportet
1097 3070 1220 3113 enim
1247 3084 1441 3128 operans
1469 3080 1514 3113 et
1536 3079 1775 3128 operatum
1790 3069 1837 3112 in
1858 3077 1962 3112 actu
1978 3080 2077 3112 esse
2099 3067 2252 3123 simul,
2302 3061 2332 3127 3}

289 3136 404 3179 sicut
430 3151 622 3180 movens
656 3147 700 3181 et
726 3138 942 3193 motum),
974 3151 1163 3181 necesse
1191 3147 1258 3181 est
1284 3147 1345 3190 ut,
1365 3137 1640 3194 ubicumque
1673 3146 1740 3180 est
1757 3134 1918 3194 aliquis
1935 3133 2123 3179 effectus
2146 3127 2323 3197 Dei‚;{135}

288 3203 352 3246 ibi
385 3205 440 3247 sit
466 3213 511 3247 et
535 3204 631 3262 ipse
659 3205 784 3248 Deus
812 3203 1013 3247 effector,
1043 3204 1191 3258 Unde,
1234 3217 1374 3262 quum
1403 3204 1580 3256 caritas,
1624 3216 1714 3261 qua
1740 3202 1891 3246 Deum
1922 3201 2172 3260 diligimus,
2194 3200 2253 3246 sit

290 3270 334 3312 in
362 3270 494 3314 nobis
514 3284 592 3328 per
611 3270 827 3328 Spiritum
858 3271 1094 3324 Sanctum,
1122 3280 1305 3329 oportet
1337 3270 1458 3328 quod
1485 3270 1580 3328 ipse
1607 3271 1747 3313 etiam
1773 3268 1964 3327 Spiritus
1987 3267 2182 3312 Sanctus
2201 3266 2249 3313 in

288 3337 420 3380 nobis
439 3337 508 3391 sit,
529 3338 744 3396 quamdiu
773 3339 932 3381 caritas
951 3338 998 3380 in
1016 3338 1146 3381 nobis
1164 3347 1245 3381 est.
1264 3337 1397 3380 Unde
1415 3336 1667 3395 Apostolus
1693 3336 1802 3380 dicit
1817 3335 1873 3392 (1.
1891 3335 2005 3380 Cor.
2024 3334 2105 3379 111.
2134 3333 2253 3390 πόθε
2302 3339 2306 3395 ᾗ

286 3404 460 3447 Nescitis
490 3406 689 3461 quoniam
726 3404 922 3463 templum
946 3405 1031 3448 Dei
1062 3406 1163 3457 estis,
1192 3410 1230 3448 et
1258 3404 1442 3462 Spiritus
1465 3404 1640 3448 Sanctus
1672 3404 1832 3447 habitae
1851 3403 1899 3447 iu
1912 3402 2064 3447 vobis?
2086 3400 2245 3454 Quum
2328 3397 2332 3416 ³

290 3469 426 3527 igitur
458 3484 537 3528 per
569 3470 789 3530 Spiritum
824 3471 1045 3514 Sanctum
1072 3471 1160 3514 Dei
1199 3480 1427 3514 amatores
1462 3468 1728 3523 efficiamur,
1771 3481 1915 3514 omne
1942 3477 2101 3513 autem·
2129 3480 2252 3512 ama-

284 3545 382 3579 tum
421 3536 467 3579 in
509 3547 689 3580 amante
731 3546 812 3591 est,
853 3537 900 3580 in
933 3546 1154 3595 quantum
1187 3536 1466 3595 hujusmodi,
1498 3550 1686 3581 necesse
1724 3545 1791 3580 est
1831 3531 1958 3594 quod
1991 3547 2072 3594 per
2106 3532 2252 3598 spiri«

285 3612 383 3646 tum
417 3602 636 3647 Sanctum
670 3604 802 3648 Pater
829 3604 967 3648 etiam
1001 3613 1044 3648 et
1070 3603 1209 3648 Filius
1235 3604 1281 3647 in
1308 3603 1440 3648 nobis
1475 3603 1692 3648 habitent.
1720 3601 1854 3648 Unde
1886 3601 2116 3647 Dominus
2136 3600 2247 3647 dicit
