2332 3854
276 211 383 282 258
909 229 1066 268 LIBER
1104 230 1160 268 11.
1203 230 1323 269 cAP.
1363 230 1586 270 LXXXVI.

957 452 1210 518 CAPUT
1253 454 1564 512 LXXXVI.

437 591 596 636 QUOD
638 590 811 630 ANIMA
850 590 1083 630 HUMANA
1122 591 1240 631 NON
1278 578 1655 632 TRRDUCATUR
1697 583 1813 631 CUM
1853 593 2069 632 SEMINE.

850 693 904 749 (I.
925 700 1043 752 part.
1071 700 1222 752 quaest.
1253 695 1455 740 CXVIII.
1484 703 1566 741 art.
1593 696 1667 754 L).

365 805 429 848 Ex
456 803 716 863 praemissis
744 812 896 847 autem
923 804 1101 849 ostendi
1127 815 1277 864 potest
1302 806 1426 866 quod
1449 807 1602 851 anima
1627 807 1830 852 humana
1860 821 1955 852 non
1986 806 2235 854 traducitur

279 887 384 916 cum
412 871 600 924 semine,
627 870 754 929 quasi
780 885 859 929 per
883 871 1054 916 coitum
1082 874 1317 918 seminata.

368 939 782 996 Quorumcumque
825 938 947 981 enim
980 939 1306 998 principiorum
1341 941 1631 999 operationes
1662 955 1757 985 non
1789 950 1980 1000 possunt
2011 955 2108 986 esse
2138 941 2235 987 sine

278 1019 483 1064 corpore,
511 1018 594 1048 nec
623 1018 783 1048 eorum
807 1004 985 1049 initium
1011 1006 1109 1050 sine
1133 1020 1325 1066 corpore
1349 1021 1447 1051 esse
1464 1018 1638 1066 potest;
1665 1008 1728 1052 sic
1747 1008 1870 1052 enim
1886 1022 1957 1053 res
1977 1008 2116 1053 habet
2137 1022 2236 1054 esse

275 1073 392 1116 sicut
418 1082 462 1116 et
489 1082 715 1130 operatur,
743 1086 884 1130 quum
911 1074 1269 1132 unumquodque
1292 1084 1502 1132 operetur
1527 1075 1573 1117 in
1597 1083 1818 1133 quantum
1845 1085 1913 1120 est
1937 1089 2031 1119 ens.
2063 1075 2099 1119 E
2133 1089 2237 1120 con-

275 1140 413 1183 trario
438 1153 564 1192 vero,
591 1153 787 1197 quorum
813 1139 1142 1197 principiorum
1175 1141 1463 1199 operationes
1496 1141 1592 1185 sine
1626 1155 1818 1199 corpore
1850 1151 1968 1195 sunt,
2002 1141 2236 1200 generatio

277 1221 436 1251 eorum
463 1220 557 1248 non
585 1215 652 1249 est
677 1220 757 1264 per
784 1205 1128 1264 generationem
1156 1209 1372 1266 corporis.
1404 1207 1625 1266 Operatio
1650 1208 1773 1251 enim
1800 1208 1980 1253 animae
1997 1207 2238 1252 nutritivae

277 1284 321 1317 et
348 1273 588 1317 sensitivae
614 1287 707 1316 non
737 1282 886 1329 potest
918 1286 1015 1317 esse
1049 1274 1145 1317 sine
1179 1288 1385 1333 corpore,
1419 1284 1468 1318 ut
1500 1289 1553 1318 eX
1585 1274 1845 1333 praemissis
1877 1274 1939 1332 (c.
1976 1287 2041 1333 57.
2069 1284 2113 1319 et
2143 1271 2238 1332 68.)

276 1350 421 1398 patet;
449 1339 654 1398 operatio
684 1349 836 1382 autem
871 1339 1051 1383 animae
1076 1339 1382 1384 intellectivae
1409 1355 1502 1384 non
1531 1340 1579 1384 fit
1600 1355 1680 1399 per
1703 1355 1927 1400 organum
1950 1355 2238 1401 corporeum,

275 1418 325 1451 ut
350 1421 484 1466 supra
510 1407 571 1465 (c.
600 1404 693 1465 69.)
720 1406 928 1450 habitum
956 1416 1036 1451 est.
1067 1407 1208 1465 Igitur
1234 1407 1387 1451 anima
1408 1407 1624 1452 nutritiva
1652 1418 1695 1452 et
1717 1409 1930 1452 sensitiva
1955 1422 2035 1467 per
2054 1422 2238 1466 genera-

276 1476 451 1518 tionem
479 1474 683 1531 corporis
721 1482 1008 1530 generantur,
1044 1488 1138 1517 non
1176 1484 1329 1517 autem
1367 1475 1518 1518 anima
1557 1474 1848 1519 intellectiva.
1888 1474 1979 1519 Sed
2013 1474 2237 1521 traductio

278 1541 464 1585 seminis
493 1540 548 1584 ad
577 1541 781 1599 corporis
809 1541 1156 1598 generationem
1189 1541 1435 1587 ordinatur.
1464 1541 1608 1600 Igitur
1640 1542 1794 1586 anima
1824 1541 2038 1586 nutritiva
2069 1550 2117 1598 et
2143 1554 2241 1586 sen-

277 1609 408 1652 sitiva
435 1621 534 1652 esse
560 1607 783 1665 incipiunt
809 1622 888 1665 per
919 1607 1104 1651 seminis
1130 1607 1480 1662 traductionem,
1507 1623 1601 1652 non
1629 1618 1781 1654 autem
1808 1607 2096 1654 intellectiva.

367 1675 558 1719 Adhuc:
587 1674 624 1718 si
652 1675 805 1717 anima
831 1674 1034 1718 humana
1060 1688 1139 1733 per
1164 1675 1500 1718 traductionem
1533 1675 1719 1720 seminis
1755 1689 1852 1720 esse
1884 1675 2115 1734 inciperet,
2147 1673 2238 1720 hoc

282 1757 377 1786 non
402 1751 558 1801 posset
585 1755 682 1785 esse
707 1741 795 1784 nisi
820 1740 1081 1799 dupliciter:
1110 1755 1202 1785 uno
1230 1742 1386 1796 modo,
1419 1752 1468 1786 ut
1499 1742 1824 1799 intelligeretur
1857 1756 1955 1787 esse
1987 1743 2033 1786 in
2064 1741 2238 1787 semIne

281 1819 399 1863 actu,
427 1808 555 1867 quasi
581 1822 660 1866 per
688 1808 898 1851 accidens
921 1807 1063 1851 divisa
1092 1808 1144 1851 ab
1174 1808 1328 1851 anima
1354 1810 1610 1867 generantis
1643 1810 1758 1853 sicut
1791 1823 1950 1854 semen
1976 1809 2189 1854 dividitur
2214 1807 2240 1852 a

280 1890 487 1935 corpore,
514 1885 563 1918 ut
585 1874 791 1918 videmus
819 1875 864 1917 in
888 1874 1160 1918 animalibus
1187 1874 1386 1919 anulosis
1415 1890 1530 1934 quae
1558 1876 1707 1920 decisa
1734 1876 1905 1930 vivunt,
1931 1876 1979 1919 in
1996 1875 2156 1934 quibus
2173 1885 2241 1920 est

281 1944 434 1987 anima
461 1956 551 1986 una
577 1943 622 1985 in
652 1950 753 1985 actu
781 1951 825 1985 et
851 1941 1021 1985 multae
1044 1942 1091 1984 in
1108 1942 1324 2000 potentia,
1343 1942 1488 1986 diviso
1507 1953 1660 1986 autem
1680 1957 1872 2002 corpore
1891 1942 2101 1988 animalis
2116 1956 2242 2001 prae·

280 2010 402 2063 dicti,
429 2011 475 2054 in
502 2008 700 2068 qualibet
726 2021 850 2067 parte
877 2008 1058 2052 vivente
1083 2008 1243 2067 incipit
1269 2009 1421 2052 anima
1448 2023 1545 2053 esse
1571 2010 1618 2052 in
1645 2019 1774 2063 actu;
1798 2009 1889 2053 alio
1917 2009 2074 2064 modo,
2099 2019 2150 2055 ut
2178 2009 2242 2053 in-

281 2076 510 2135 telligatur
536 2076 582 2118 in
610 2075 783 2119 semine
813 2089 909 2118 esse
935 2076 1075 2118 virtus
1101 2075 1369 2133 productiva
1396 2076 1575 2119 animae
1602 2075 1922 2131 intellectivae‚
1939 2086 1988 2120 ut
2004 2075 2068 2121 sic
2088 2076 2241 2120 anima

277 2143 556 2188 intellectiva
581 2152 778 2201 ponatur
803 2142 850 2184 in
877 2142 1067 2196 semine,
1093 2142 1272 2196 virtute,
1300 2142 1379 2186 sed
1405 2157 1499 2186 non
1527 2144 1879 2188 actu.‘Primum
1906 2153 2058 2190 autem
2073 2143 2242 2189 horum

280 2222 348 2256 est
373 2209 658 2268 impossibile
686 2209 853 2268 duplici
879 2209 1069 2253 ratione.
1098 2209 1270 2263 Primo,
1298 2211 1416 2268 quia,
1443 2225 1583 2269 quum
1608 2211 1760 2254 anima
1776 2210 2053 2256 intellectiva
2075 2210 2132 2256 sit
2147 2224 2244 2270 per-

278 2277 524 2322 fectissima
544 2276 798 2319 animarum
820 2286 864 2319 et
880 2277 1106 2319 maximae
1125 2277 1315 2330 virtutis,
1334 2278 1429 2335 ejus
1446 2277 1682 2336 proprium
1703 2276 1980 2335 perfectibile
1997 2286 2064 2323 est
2079 2291 2243 2337 corpus

280 2344 454 2388 habens
481 2356 700 2401 magnam
727 2342 1033 2387 diversitatem
1061 2343 1106 2386 in
1141 2343 1324 2402 organis
1356 2358 1436 2401 per
1467 2358 1583 2402 quae
1615 2354 1806 2402 possunt
1836 2342 2111 2403 multiplices
2143 2344 2240 2402 ejus

282 2411 572 2470 operationes
601 2408 791 2468 expleri3
819 2409 939 2453 unde
962 2423 1056 2453 non
1084 2419 1234 2468 potest
1260 2423 1358 2453 esse
1385 2410 1507 2469 quod
1534 2410 1612 2454 fiat
1639 2423 1742 2454 actu
1776 2410 1823 2454 in
1859 2412 2034 2456 semine
2070 2410 2242 2465 decise,

281 2478 387 2537 quia
412 2491 497 2520 nec
521 2476 658 2520 etiam
678 2476 858 2519 animae
876 2477 1115 2520 brutorum
1138 2476 1443 2535 perfectorum
1465 2491 1544 2535 per
1565 2477 1848 2521 decisionem
1869 2476 2242 2537 multiplicantur,

280 2554 415 2604 prout
441 2543 665 2601 contingit
689 2543 736 2586 in
764 2542 1036 2587 animalibus
1063 2543 1277 2588 anulosis.
1307 2544 1536 2597 Secundo,
1564 2544 1683 2603 quia,
1707 2558 1847 2603 quum
1873 2543 2144 2599 intellectus,
2165 2543 2244 2604 qui

282 2621 350 2655 est
375 2610 558 2670 propria
585 2620 628 2654 et
653 2609 914 2668 principalis
940 2610 1080 2654 virtus
1109 2610 1288 2654 animae
1317 2609 1634 2664 intellectivae‚
1666 2625 1760 2654 non
1793 2611 1850 2655 sit
1881 2610 2073 2669 alicujus
2103 2611 2243 2670 partis

283 2678 487 2737 corporis
515 2687 656 2730 actus,
678 2691 772 2719 non
797 2686 948 2735 potest
965 2677 1100 2720 dividi
1120 2691 1198 2736 per
1216 2677 1426 2721 accidens
1445 2678 1696 2722 secundum
1716 2678 1920 2737 corporis
1942 2677 2242 2734 divisionem;

280 2746 400 2789 unde
426 2759 511 2788 nec
541 2744 693 2787 anima
723 2743 1015 2787 intellectiva.
1045 2743 1310 2787 Secundum
1334 2744 1470 2788 etiam
1504 2755 1573 2788 est
1602 2743 1899 2803 impossibile.
1930 2743 2085 2789 Virtus
2118 2744 2240 2791 enim

280 2812 428 2856 activa
447 2825 562 2870 quae
582 2820 648 2854 est
664 2810 710 2853 in
728 2812 902 2854 semine
921 2811 1013 2869 agit
1032 2810 1086 2854 ad
1104 2811 1449 2868 generationem
1469 2811 1678 2856 animalis
1694 2810 2042 2856 transmutando
2055 2824 2243 2871 corpus;

280 2894 373 2923 non
398 2879 520 2922 enim
549 2877 677 2921 aliter
704 2891 837 2935 agere
858 2887 1008 2935 potest
1024 2878 1163 2921 virtus
1183 2892 1298 2936 quae
1316 2887 1383 2921 est
1399 2878 1446 2920 in
1465 2877 1666 2920 materia.
1687 2877 1776 2921 Sed
1795 2877 1946 2930 omnis
1960 2876 2110 2922 forma
2127 2890 2245 2936 quae

279 2946 440 3005 incipit
466 2959 563 2989 esse
590 2958 669 3003 per
695 2945 1123 2988 transmutationem
1151 2942 1367 2986 materiae
1394 2943 1532 2986 habet
1557 2957 1654 2987 esse
1687 2957 1713 2986 a
1739 2943 1928 2988 materia
1955 2942 2245 3003 dependens;

2318 2278 2332 2322 ’Ξ

283 3013 602 3054 transmutatio
636 3008 757 3052 enim
778 3008 996 3052 materiae
1014 3009 1189 3052 reducit
1220 3023 1322 3052 eam
1339 3009 1392 3053 de
1410 3010 1613 3068 potentia
1629 3010 1675 3053 in
1694 3019 1860 3065 actum,
1877 3019 1922 3055 et
1937 3010 2002 3055 sic
2035 3010 2244 3056 determi·

280 3075 414 3120 natur
441 3076 496 3119 ad
525 3088 623 3119 esse
651 3083 753 3118 actu
781 3074 997 3118 materiae
1025 3075 1146 3133 quod
1175 3085 1243 3119 est
1267 3089 1346 3134 per
1373 3076 1592 3120 unionem
1616 3076 1817 3132 formae3
1835 3077 1969 3132 unde,
1987 3077 2025 3122 si
2045 3091 2126 3137 per
2146 3077 2238 3122 hoc

281 3143 421 3187 etiam
443 3141 631 3200 incipiat
657 3155 755 3184 esse
780 3140 972 3194 formae,
1000 3141 1265 3200 simpliciter
1293 3157 1390 3187 esse
1411 3141 1587 3187 formae
1614 3158 1709 3188 non
1737 3144 1820 3188 erit
1840 3143 1988 3189 nisiin
2006 3143 2098 3189 hoc
2121 3143 2245 3204 quod

284 3219 352 3254 cst
378 3209 495 3252 uniri
522 3208 726 3261 materia,
754 3217 798 3251 et
823 3207 887 3251 sic
915 3208 998 3251 erit
1024 3208 1275 3252 secundum
1309 3223 1406 3253 esse
1441 3224 1466 3252 a
1499 3210 1687 3254 materia
1720 3211 1994 3271 dependens.
2028 3210 2079 3255 Si
2108 3211 2245 3271 igitur

282 3276 435 3320 anima
462 3276 664 3319 humana
691 3275 968 3332 producatur
999 3274 1045 3317 in
1073 3289 1170 3319 esse
1197 3289 1275 3334 per
1299 3276 1512 3319 virtutem
1540 3278 1736 3321 activam
1764 3291 1879 3336 quae
1903 3287 1970 3322 est
1985 3276 2243 3335 in‘semine,
2308 3275 2327 3311 15

282 3343 484 3402 sequitur
511 3341 633 3400 quod
661 3355 759 3386 esse
788 3355 921 3385 suurn
944 3341 1001 3385 sit
1027 3340 1285 3400 dependens
1315 3357 1338 3386 a
1367 3344 1571 3397 materia,
1599 3344 1715 3388 sicut
1739 3357 1838 3389 esse
1864 3343 2056 3388 aliarum
2081 3341 2247 3390 forma-

282 3424 382 3453 rum
410 3408 740 3462 materialium3
770 3410 895 3467 cujus
924 3409 1202 3452 contrarium
1229 3422 1363 3467 supra
1392 3411 1451 3467 (c.
1477 3410 1569 3470 79.)
1598 3421 1834 3456 ostensum
1852 3420 1932 3456 est.
1950 3410 2092 3456 Nullo
2108 3411 2246 3470 igitur

283 3476 424 3520 modo
453 3476 606 3520 anima
631 3474 909 3520 intellectiva
935 3475 1198 3535 producitur
1225 3476 1269 3519 in
1298 3490 1395 3521 esse
1417 3491 1496 3536 per
1519 3477 1704 3522 seminis
1730 3477 2078 3524 traductionem.

371 3541 582 3601 Amplius
601 3557 609 3586 :
630 3542 779 3586 omnis
796 3541 945 3587 forma
963 3556 1078 3602 quae
1098 3542 1359 3587 educiturin
1375 3557 1472 3588 esse
1486 3558 1565 3603 per
1584 3545 1801 3590 materiae
1818 3545 2244 3591 transmutationem
2329 3527 2332 3542 Α

284 3620 350 3659 est
377 3609 524 3658 forma
552 3609 712 3658 educta
741 3609 795 3656 de
823 3609 1026 3670 potentia
1052 3609 1293 3667 materiae3
1319 3610 1410 3659 hoc
1439 3611 1560 3659 enim
1590 3621 1657 3657 est
1683 3612 1920 3659 materiam
1938 3611 2242 3669 transmutari,
