2294 3854
265 173 370 239 690
912 184 1067 223 11111111
1105 184 1179 222 1v.
1220 183 1343 229 CAP·
1364 182 1569 226 LXXXI..

260 285 378 329 talis.
406 286 577 329 Dicunt
609 294 764 329 autem
794 284 995 343 quidam,
1021 283 1144 342 quod
1169 283 1320 328 forma
1346 284 1484 342 partis
1510 283 1674 329 eadem
1706 293 1786 339 est,
1813 295 1857 329 et
1878 284 2214 344 formatotius:

260 352 339 396 sed
371 352 534 396 dicitur
558 351 708 396 forma
740 351 894 410 partis,
912 350 1163 394 secundum
1194 350 1319 408 quod
1345 350 1454 395 facit
1478 350 1717 395 materiam
1735 364 1833 397 esse
1856 351 1903 395 in
1920 351 2216 411 actu3fo‘1ma

258 432 366 461 vero
384 418 522 462 totius
540 418 700 462 dicitur
717 416 967 461 secundum
986 416 1107 474 quod
1126 416 1329 474 complet
1342 416 1511 493 speciei
1525 417 1776 461 rationem:
1794 426 1840 462 et
1855 406 2214 482 secundumhoc

258 484 518 528 humanitas
549 498 643 527 non
681 494 748 527 est
780 482 900 526 aliud
932 483 1114 527 realiter
1138 497 1277 541 quam
1311 484 1465 527 anima
1498 483 1751 531 rationalis.
1769 483 1905 529 Unde
1929 494 2061 543 patet
2074 486 2215 547 wod,

258 559 470 626 corrupto
487 564 694 607 corpore,
717 564 810 593 non
834 549 980 594 cedit
969 563 1013 592 111
1041 549 1251 593 nihilum.
1265 548 1357 594 Sed
1372 550 1479 608 quia
1495 549 1756 594 humanitas
1773 560 1842 595 est
1853 548 2217 600 essentiafhomi-

256 617 350 671 nis;
370 617 563 660 essentia
590 626 743 660 autem
760 616 826 659 rei
843 625 911 659 est
927 629 1066 674 quam
1083 616 1231 674 signat
1245 615 1478 660 diffinitio:
1503 615 1711 660 diffinitio
1741 625 1895 667 autem
1911 617 1979 668 rei
1996 602 2215 676 naturalis

256 698 349 727 non
376 684 524 740 signat
555 693 733 726 tantum
759 682 971 736 formam,
990 682 1068 726 sed
1083 681 1285 727 formam
1311 692 1356 727 et
1381 683 1646 737 materiam,
1672 682 1980 730 necessarium
2002 679 2210 744 estquod

257 750 517 793 humanitas
535 749 703 807 aliquid
730 749 955 806 significet
980 749 1290 807 compositum
1312 763 1368 793 ex
1394 748 1586 793 materia
1607 758 1652 792 et
1668 748 1838 806 forma,¹
1855 748 1971 801 sicut
1987 749 2212 805 ethome,

256 815 515 859 differenter
541 825 708 859 tamen.
727 816 850 859 Nam
875 815 1138 860 humanitas
1159 816 1386 874 significat
1401 816 1622 874 principia
1648 814 1905 872 essentialia
1915 815 2095 874 speciei
2119 825 2215 862 tam

255 882 466 926 formalia
501 897 638 940 quam
666 882 934 936 materialia,
960 896 1068 926 cum
1094 883 1379 941 praecisione
1402 883 1731 942 principiorum
1755 882 2128 942 individualium:
2155 884 2216 943 di-

255 949 370 992 citur
402 949 525 992 enim
557 949 818 992 humanitas
844 949 1097 993 secundum
1123 964 1263 1008 quam
1290 949 1453 1007 aliquis
1479 958 1548 993 est
1571 949 1742 1005 hom03
1772 949 1919 1004 homo
1940 959 2213 1009 autemnon

253 1025 322 1060 est
347 1015 508 1074 aliquis
533 1031 586 1060 ex
609 1017 699 1060 hoc
733 1015 855 1074 quod
882 1016 1019 1060 habet
1049 1016 1269 1075 principia
1295 1016 1605 1071 individuaiia,
1629 1016 1707 1060 sed
1730 1016 1894 1075 3111103
1912 1016 2068 1076 solum
2088 1019 2214 1078 guod

253 1082 390 1126 habet
411 1083 632 1141 principia
658 1081 916 1127 essentialia
938 1083 1121 1141 speciei.
1149 1083 1424 1140 Humanitas
1449 1083 1587 1140 igitur
1619 1082 1849 1143 significat
1868 1082 2213 1144 solafprincipia

254 1149 421 1207 speciei
453 1149 731 1193 essentialia:
762 1149 882 1193 unde
904 1149 1185 1208 significatur
1211 1163 1290 1208 per
1318 1149 1509 1193 modum
1530 1150 1685 1207 partis.
1710 1149 1868 1196 Homo
1900 1159 2056 1207 autern
2081 1150 2215 1211 §gni-

251 1215 357 1259 ficat
390 1216 585 1274 quedam
608 1216 830 1275 principia
864 1215 1120 1260 essentialia
1147 1217 1330 1275 speciei,
1360 1216 1443 1261 sed
1468 1229 1563 1260 non
1594 1215 1792 1261 excludit
1816 1215 2043 1276 9111131913
2057 1216 2214 1273 indivi-

253 1282 438 1326 duantia
470 1297 495 1326 a
526 1283 596 1326 sui
621 1283 976 1340 significatione:
999 1297 1108 1327 nam
1139 1283 1286 1327 homo
1312 1282 1476 1326 dicitur
1509 1282 1586 1341 qui
1617 1282 1757 1326 habet
1779 1279 2129 1345 humanitatem,
2159 1297 2213 1341 ex

250 1363 342 1407 quo
369 1363 463 1392 non
497 1349 748 1394 excluditur
781 1350 889 1408 quin
914 1349 1002 1394 alia
1034 1350 1203 1394 habere
1229 1350 1394 1408 possit.
1419 1358 1466 1394 et
1488 1358 1672 1426 propter
1697 1348 1788 1394 hoc
1813 1349 1975 1409 homo
1983 1349 2214 1412 significat

251 1430 332 1473 per
350 1415 539 1459 modum
566 1416 721 1470 totius;
746 1415 971 1474 significat
997 1416 1120 1460 enirn
1131 1416 1366 1475 principia
1393 1415 1562 1474 speciei
1579 1414 1858 1461 3333013113
1846 1429 1893 1461 m
1914 1419 2033 1475 actu,
2040 1415 2210 1478 indivi-

253 1482 436 1525 duantia
465 1474 574 1526 vero
603 1483 650 1526 in
673 1483 900 1541 potentia3
929 1468 1141 1527 Socrates
1167 1496 1278 1527 vero
1310 1482 1538 1540 significat
1568 1492 1758 1541 utraque
1791 1481 1838 1526 111
1867 1492 2005 1536 actu,
2016 1482 2140 1538 sicut
2169 1491 2215 1528 et

252 1547 554 1592 differentiam
581 1563 724 1607 genus
749 1549 888 1593 habet
930 1559 1170 1608 potestate,
1197 1549 1372 1607 species
1403 1562 1513 1592 vero
1553 1557 1671 1592 actu.
1697 1547 1843 1592 Unde
1853 1557 1982 1607 patet
2011 1548 2138 1613 quod
2166 1558 2211 1602 et

192 1650 196 1653 .
251 1614 396 1657 homo
431 1615 546 1658 redit
580 1615 702 1659 idem
738 1627 932 1659 numero
962 1615 1010 1658 in
1047 1615 1393 1669 resurrectione,
1434 1624 1478 1659 et
1510 1613 1770 1659 humanitas
1808 1614 1970 1661 eadem
2013 1620 2206 1670 numero

250 1689 432 1738 propter
454 1682 633 1725 animae
658 1681 893 1726 rationalis
921 1682 1298 1740 permanentiam,
1325 1692 1370 1726 et
1399 1681 1618 1726 materiae
1645 1681 1881 1725 unitatem.

342 1747 482 1799 Quod
508 1762 618 1792 vero
645 1748 778 1792 tertio
805 1748 1029 1807 objicitur,
1057 1749 1178 1807 quod
1206 1763 1304 1793 esse
1330 1762 1426 1792 non
1452 1757 1520 1792 est
1546 1761 1703 1800 unum,
1727 1747 1832 1807 quia
1855 1761 1953 1795 non
1978 1756 2047 1802 est
2074 1715 2214 1795 conti-

253 1827 412 1871 nuum,
438 1814 556 1858 falso
588 1815 792 1858 innititur
833 1814 1146 1860 fundamento.
1191 1814 1485 1859 Manifestum
1517 1823 1586 1858 est
1617 1813 1740 1858 enim
1769 1813 1915 1892 quod
1926 1811 2143 1874 materiae
2169 1824 2215 1860 et

250 1881 429 1925 formae
454 1896 598 1925 unum
624 1891 691 1925 est
708 1895 829 1936 esse;
846 1895 941 1926 non
966 1883 1090 1925 enim
1110 1882 1300 1926 materia
1325 1881 1463 1925 habet
1489 1895 1586 1925 esse
1603 1880 1651 1924 in
1668 1890 1771 1924 actu
1796 1880 1883 1933 nisi
1903 1894 1983 1939 per
1989 1869 2212 1939 formam.

250 1947 416 1992 Differt
440 1958 595 1991 tamen
622 1958 843 2006 quantum
877 1948 933 1992 ad
964 1949 1057 1993 hoc
1089 1948 1241 1991 anima
1275 1947 1507 1991 rationalis
1540 1947 1595 1990 ab
1629 1946 1728 1990 aliis
1757 1940 1940 1993 formis:
1972 1960 2080 1993 nam
2108 1958 2212 1995 esse

252 2014 445 2058 aliarum
467 2014 719 2058 formarum
747 2029 840 2059 non
874 2025 942 2059 est
972 2015 1060 2059 nisi
1084 2015 1130 2058 in
1157 2014 1451 2058 concretione
1477 2013 1731 2057 formarum
1756 2012 1815 2057 ad
1840 2007 2212 2068 materiamtnon
2288 2044 2291 2048 .

251 2082 374 2126 enim
406 2081 632 2125 excedunt
657 2083 897 2129 materiam
918 2095 1067 2141 neque
1092 2082 1139 2125 in
1162 2095 1274 2135 esse,
1300 2095 1448 2157 neque
1470 2081 1516 2124 in
1542 2081 1745 2139 operari;
1768 2079 1922 2140 anima
1937 2094 2059 2134 vero,
2081 2080 2213 2130 ratio·

249 2148 364 2193 nalis
387 2148 680 2192 manifestum
707 2158 774 2192 est
798 2149 921 2207 quod
944 2148 1120 2193 excedit
1142 2150 1380 2192 materiam
1406 2148 1454 2191 in
1481 2147 1674 2206 operari,
1698 2147 1838 2192 habet
1860 2147 1998 2195 3111111
2007 2142 2212 2208 aliquam
2286 2164 2294 2210 ξ

250 2215 565 2274 operationem
588 2215 756 2273 absque
779 2216 1125 2274 participatione
1144 2214 1305 2273 0183111
1322 2214 1590 2290 corporalis,
1602 2212 2211 2274 33ὓ133113ι31118313ξιι11313

248 2292 294 2326 et
311 2296 410 2327 esse
429 2296 562 2327 suum
578 2295 673 2327 non
694 2291 762 2326 est
788 2281 977 2327 solum
965 2297 1012 2326 m
1029 2282 1327 2326 concretione
1346 2282 1402 2325 ad
1418 2281 1673 2325 materiam.
1691 2280 1832 2326 Esse
1817 2280 1964 2341 igitur
1973 2281 2072 2340 ejus
2086 2278 2210 2348 Φρρᾶ

251 2359 347 2392 erat
373 2348 619 2425 compositi
662 2358 817 2393 manet
841 2349 942 2407 ipso
969 2363 1163 2408 corpore
1196 2347 1433 2403 dissoluto,
1465 2357 1510 2392 et
1539 2355 1749 2406 reparato
1776 2360 1970 2407 corpore
1990 2343 2042 2392 in
2066 2361 2213 2397 resur-

247 2416 451 2460 rectione
483 2416 530 2459 in
556 2415 678 2458 idem
700 2428 797 2460 esse
819 2415 1062 2469 reducitur,
1089 2415 1212 2474 quod
1237 2414 1455 2459 remansit
1476 2414 1525 2458 in
1553 2414 1719 2461 anima.

341 2482 481 2534 Quod
506 2481 647 2526 etiam
673 2491 834 2540 quarto
861 2482 1088 2541 objicitur,
1114 2481 1388 2540 resurgentis
1405 2481 1626 2524 unitatem
1643 2494 1738 2525 non
1762 2466 1898 2526 tollit.
1919 2454 2066 2537 Quod
2086 2455 2210 2530 enim

247 2563 340 2592 non
357 2549 548 2607 impedit
564 2548 784 2592 unitatem
810 2550 1063 2594 secundum
1080 2563 1325 2593 numerum
1342 2549 1388 2592 in
1403 2548 1594 2592 homine
1612 2547 1723 2592 dum
1745 2545 1961 2598 continue
1976 2547 2103 2606 vivit,
2114 2562 2212 2595 ma-

252 2614 466 2659 nifestum
494 2626 562 2660 est
594 2616 716 2675 quod
743 2630 837 2660 non
859 2626 1008 2673 potest
1029 2616 1250 2675 impedire
1277 2616 1497 2660 unitatem
1524 2614 1814 2674 resurgentis
1838 2614 1892 2659 In
1917 2628 2112 2674 corpore
2137 2629 2210 2679 30-

246 2692 340 2726 tem
366 2683 580 2736 hominis,
608 2683 824 2742 quamdiu
842 2683 966 2736 vivit,
992 2697 1086 2727 non
1118 2696 1298 2741 semper
1324 2692 1429 2727 sunt
1455 2682 1645 2727 eaedem
1662 2691 1812 2740 partes
1835 2681 2091 2728 secundum
2112 2676 2210 2728 1113-

246 2749 421 2802 teriam‚
441 2749 518 2794 sed
538 2749 689 2794 solum
709 2750 962 2793 secundum
979 2749 1196 2807 speciem,
1223 2750 1474 2793 secundum
1492 2762 1601 2792 vero
1622 2743 2027 2808 materiamvpartes
2047 2733 2206 2804 fluunt,

247 2825 291 2860 et
315 2816 522 2861 refluunt.
540 2816 638 2867 Nec
656 2825 837 2875 propter
854 2816 944 2859 hoc
961 2816 1204 2874 impeditur
1221 2816 1329 2874 quin
1347 2816 1492 2860 homo
1511 2815 1568 2859 sit
1585 2829 1700 2860 unus
1724 2828 1963 2876 numero-a
1983 2814 2207 2878 principio

245 2881 363 2926 vitae
381 2897 522 2941 usque
540 2884 584 2926 in
609 2882 772 2927 finem:
807 2884 934 2941 cujus
960 2882 1220 2941 exemplum
1239 2883 1385 2942 accipi
1401 2893 1551 2942 potest
1570 2897 1623 2927 ex
1640 2883 1760 2959 18113,
1775 2882 1853 2942 qui
1869 2895 1975 2927 cum
1993 2882 2207 2931 continue

246 2949 384 3002 ardet,
412 2964 526 2993 unus
551 2963 746 2994 numero
773 2950 950 3003 dicitur,
978 2959 1162 3008 propter
1182 2950 1274 2994 hoc
1300 2951 1422 3009 quod
1449 2951 1623 3008 species
1650 2950 1746 3008 ejus
1763 2957 1932 3004 manet,
1957 2944 2064 2998 licet
2079 2945 2207 3013 ligna

247 3016 637 3070 consummantur,
655 3027 698 3061 et
715 3016 770 3060 de
786 3030 910 3060 novo
929 3026 1227 3093 apponantur.
1248 3017 1323 3061 Sic
1337 3018 1475 3060 etiam
1493 3026 1560 3060 est
1572 3017 1619 3060 in
1637 3030 1829 3075 corpore
1839 3015 2076 3077 humano:
2093 3029 2204 3079 nam

245 3081 394 3126 forma
422 3093 465 3127 et
490 3084 663 3141 species
690 3081 1012 3141 singularium
1014 3083 1210 3142 partium
1238 3084 1332 3141 eius
1361 3083 1574 3127 continue
1602 3091 1755 3128 manet
1781 3096 1861 3141 per
1885 3091 2032 3140 totam
2047 3082 2205 3138 vitam,

247 3150 326 3193 sed
353 3150 543 3193 materia
575 3151 771 3208 partium
808 3149 1048 3194 resolvitur
1081 3164 1160 3208 per
1196 3150 1426 3194 actionem
1463 3149 1628 3194 caloris
1659 3148 1892 3204 naturalis,
1926 3158 1970 3194 et
2001 3132 2059 3195 de
2076 3161 2204 3195 novo

245 3216 542 3274 adgeneratur
573 3231 653 3275 per
680 3217 965 3261 alimentum.
997 3217 1104 3261 Non
1136 3227 1204 3261 est
1236 3226 1388 3261 autem
1415 3216 1529 3261 alius
1560 3230 1755 3262 numero
1780 3216 1931 3280 1101110
1950 3216 2205 3262 secundum

246 3283 443 3327 diversas
469 3294 615 3341 partes
634 3294 678 3327 et
705 3293 889 3337 aetates,
912 3285 1120 3359 quamvis
1145 3298 1239 3328 non
1266 3283 1481 3342 quidquid
1510 3283 1825 3328 materialiter
1834 3290 1917 3329 est
1933 3282 1981 3327 in
2010 3276 2202 3329 homine

245 3349 495 3392 secundum
513 3364 656 3394 unum
682 3360 849 3394 statum
877 3354 933 3394 sit
965 3351 1012 3394 in
1039 3365 1095 3394 eo
1124 3351 1374 3394 secundum
1398 3350 1554 3394 alium.
1583 3349 1659 3394 Sic
1686 3349 1838 3408 igitur
1846 3363 1945 3394 non
1962 3337 2206 3412 requiritur
2278 3371 2294 3405 9.

247 3415 302 3458 ad
329 3416 418 3459 hoc
448 3417 569 3474 quod
596 3427 801 3474 resurgat
826 3417 970 3460 homo
998 3417 1118 3460 idem
1151 3430 1359 3470 numero,
1393 3417 1515 3475 quod
1552 3416 1773 3476 quidquid
1798 3414 1883 3466 fuit
1911 3413 2205 3475 materiali&
2292 3430 2294 3437 '

247 3482 293 3525 in
312 3496 368 3526 eo
391 3483 643 3527 secundum
669 3493 818 3527 totum
845 3493 1025 3542 tempus
1042 3483 1161 3527 vitae
1190 3497 1301 3527 suae
1326 3492 1596 3537 resumatur,
1615 3483 1695 3528 sed
1710 3492 1890 3537 tantum
1909 3495 1974 3543 ep
1987 3495 2045 3539 ep
2061 3494 2203 3545 qpan-

247 3558 343 3592 tum
377 3549 542 3594 sufficit
569 3550 623 3594 ad
652 3549 1039 3608 complementum
1078 3549 1256 3595 debitae
1281 3550 1559 3608 quantitatis,
1591 3559 1636 3594 et
1671 3549 1940 3609 praecipue
1933 3532 2058 3601 111118
2083 3560 2202 3609 13311-
2250 3600 2255 3605 ,
