2332 3854
310 228 412 283 180
963 242 1119 280 LrssER
1157 241 1213 279 11.
1256 239 1375 279 cAP.
1417 239 1584 281 xmrn.

300 356 387 401 tur,
413 347 693 406 operationis
721 347 859 392 etiam
882 345 1202 404 consequentis
1229 343 1488 404 dominium
1512 346 1709 392 habebit.
1735 346 1931 392 Formae
1954 358 2109 394 autem
2132 357 2260 398 natu-

302 415 434 469 rales,
468 430 522 460 ex
548 415 708 474 quibus
734 423 981 473 sequuntur
1012 423 1165 457 motus
1198 422 1243 457 et
1275 413 1563 472 operationes
1588 414 1832 469 naturales,
1857 429 1953 459 non
1979 424 2086 460 sunt
2108 414 2163 460 ab
2187 415 2264 460 his

302 496 496 541 quorum
523 491 626 526 sunt
657 482 848 534 formae,
875 480 954 524 sed
987 480 1040 524 ab
1074 480 1370 524 exterioribus
1405 479 1640 539 agentibus
1676 481 1891 536 totaliter,
1918 495 2025 526 cum
2059 496 2141 542 per
2172 481 2264 527 for-s

302 563 427 593 mam
453 548 706 593 naturalem
733 547 1090 605 unumquodque
1109 560 1207 591 esse
1224 546 1390 592 habeat
1406 548 1450 591 in
1476 561 1559 593 sua
1583 558 1757 592 natura.
1784 548 1915 595 Nthl
1934 559 2090 595 autem
2110 551 2265 610 potest

301 630 398 660 esse
416 616 500 659 sibi
516 631 653 659 causa
672 614 874 667 essendi3
901 623 945 657 et
959 613 1064 657 ideo
1085 627 1200 672 quae
1222 624 1464 658 moventur
1477 614 1754 669 naturaliter,
1770 629 1866 660 non
1884 626 2073 662 movent
2087 619 2256 679 seipsa:

300 697 394 726 non
411 684 534 726 enim
558 696 696 740 grave
719 690 876 724 movet
897 681 1098 738 seipsum
1120 680 1349 736 deorsum,
1366 682 1444 726 sed
1461 696 1684 741 generans
1702 683 1825 742 quod
1849 683 1971 728 dedit
1987 684 2030 729 ei
2045 684 2259 733 formam.

299 751 351 793 In
375 749 644 792 animalibus
677 748 815 791 etiam
847 747 988 791 brutis
1022 747 1199 791 formae
1221 747 1445 804 sensatae,
1468 749 1542 794 vel
1573 751 1850 808 imaginatae
1881 758 2264 808 moventew'tm

301 826 405 860 sunt
437 816 673 859 adiventae
701 815 753 857 ab
782 816 889 873 ipsis
917 815 1188 859 animalibus
1213 815 1372 869 brutis,
1398 816 1477 860 sed
1503 826 1608 861 sunt
1637 826 1848 876 receptae
1874 817 1921 861 in
1950 818 2023 863 eis
2063 819 2264 867 abente-

299 883 490 926 rioribus
519 881 816 936 sensibilibus,
839 895 954 939 quae
977 891 1117 940 agunt
1137 882 1183 925 in
1206 895 1404 935 sensum,
1427 893 1472 927 et
1497 883 1767 942 dijudicatae
1789 898 1869 943 per
1894 885 2150 930 naturalem
2174 889 2265 932 exi-

299 950 631 994 stimationem:
661 948 780 991 unde
806 947 912 992 licet
938 948 1146 992 dicantur
1171 949 1518 1008 quodammodo
1556 964 1744 995 movere
1770 951 1933 1011 seipsa,
1955 954 2001 996 in
2038 964 2259 1012 quantum

228 1069 235 1078 .
299 1031 458 1060 eorum
493 1030 581 1059 una
608 1029 708 1074 pars
736 1024 802 1059 est
827 1029 1034 1068 movens,
1057 1025 1102 1060 et
1128 1016 1216 1059 alia
1244 1026 1311 1060 est
1336 1027 1477 1070 mota,
1503 1026 1658 1061 tamen
1684 1020 1832 1077 ipsum
1859 1030 2048 1064 movere
2071 1031 2166 1065 nnn
2189 1031 2261 1067 est

299 1084 362 1127 eis
400 1098 453 1127 ex
484 1083 656 1141 seipsis,
684 1082 762 1126 sed
798 1082 962 1141 partim
1000 1097 1055 1126 ex
1089 1083 1384 1127 exterioribus
1420 1084 1624 1138 sensatis,
1663 1094 1707 1128 et
1741 1085 1909 1144 partim
1932 1100 1959 1130 a
1993 1095 2168 1132 natura.
2204 1089 2257 1133 In

299 1161 519 1209 quantum
547 1150 669 1193 enim
697 1150 919 1208 appetitus
946 1159 1103 1194 movet
1135 1150 1356 1204 membra,
1384 1151 1593 1195 dicuntur
1625 1152 1773 1210 seipsa
1804 1165 1991 1198 movere
2022 1154 2149 1214 quod
2176 1155 2261 1200 ha-

296 1218 405 1261 bent
430 1231 565 1275 supra
590 1217 839 1260 inanimata
872 1226 917 1260 et
941 1215 1131 1274 plantas.
1160 1217 1213 1260 In
1240 1227 1460 1275 quantum
1485 1231 1594 1262 vero
1620 1219 1771 1278 ipsum
1794 1229 2005 1278 appetere
2025 1222 2082 1265 de
2105 1232 2262 1267 neces-

299 1286 428 1329 sitate
454 1284 655 1342 sequitur
686 1284 733 1326 in
759 1283 824 1327 eis
857 1297 911 1327 ex
942 1283 1100 1327 formis
1132 1283 1330 1342 acceptis
1363 1297 1443 1342 per
1479 1297 1680 1339 sensum,
1708 1295 1754 1330 et
1787 1285 2010 1345 judicium
2040 1288 2260 1334 naturalis

296 1350 656 1404 existimationis,
679 1364 774 1394 non
801 1350 886 1394 sibi
911 1359 1015 1394 sunt
1042 1364 1179 1394 causa
1205 1351 1328 1409 quod
1355 1361 1642 1406 moveantur,
1668 1352 1787 1396 unde
1808 1364 1904 1397 non
1924 1353 2260 1400 habentdomi-

295 1420 423 1462 nium
450 1419 519 1462 sui
553 1427 692 1461 actus.
719 1418 888 1461 Forma
915 1428 1068 1462 autem
1093 1417 1340 1471 intellecta,
1366 1432 1447 1477 per
1479 1433 1618 1477 quam
1654 1419 1903 1464 substantia
1936 1419 2261 1468 intellectualis

294 1496 520 1544 operatur,
555 1495 622 1529 est
644 1486 697 1528 ab
725 1487 823 1543 ipso
850 1484 1098 1539 intellectu,
1115 1494 1272 1544 utpote
1299 1499 1379 1544 per
1403 1485 1555 1544 ipsum
1577 1496 1814 1545 concepta,
1841 1497 1886 1532 et
1910 1489 2256 1547 quodammodo
2328 1508 2332 1510 ·

294 1553 565 1611 excogitata,
591 1562 641 1596 ut
665 1562 789 1611 patet
814 1552 869 1596 de
900 1551 1050 1595 forma
1077 1552 1196 1605 artis,
1224 1566 1362 1610 quam
1390 1551 1547 1598 artifex
1574 1553 1775 1612 concipit
1792 1563 1836 1598 et
1853 1555 2095 1614 excogitat,
2113 1566 2158 1601 et
2177 1571 2258 1616 per

297 1634 399 1663 eam
426 1629 652 1678 operatur.
682 1619 968 1662 Substantiae
1006 1619 1141 1677 igitur
1166 1618 1497 1662 intellectuales
1534 1620 1704 1680 seipsas
1733 1630 1874 1679 agunt
1889 1621 1945 1666 ad
1969 1623 2253 1681 operandum

295 1696 343 1730 ut
368 1686 586 1729 habentes
613 1700 720 1730 suae
748 1686 1024 1744 operationis
1054 1685 1322 1730 dominium.
1347 1686 1527 1731 Habent
1553 1687 1690 1744 igitur
1714 1687 2014 1749 voluntatem.

381 1753 521 1796 Item:
557 1753 755 1796 activum
783 1762 962 1811 oportet
985 1767 1082 1796 esse
1109 1753 1506 1811 proportionatum
1529 1754 1726 1812 passivo,
1754 1765 1797 1798 et
1823 1754 2252 1802 motivum'mobili.

294 1819 384 1864 Sed
410 1820 457 1863 in
483 1820 751 1863 habentibus
785 1820 1112 1877 cognitionem,
1143 1820 1211 1863 vis
1246 1820 1575 1878 apprehensiva
1607 1835 1654 1864 se
1691 1822 1828 1867 habet
1865 1825 1921 1867 ad
1959 1825 2254 1883 appetitivam

291 1887 409 1931 sicut
434 1888 660 1930 motivum
688 1887 743 1929 ad
771 1886 962 1940 mobile;
994 1901 1102 1930 nam
1131 1887 1467 1945 apprehensum
1504 1902 1582 1946 per
1615 1902 1814 1942 sensum,
1848 1889 1922 1933 vel
1953 1890 2251 1949 imaginatio-

292 1968 414 2006 nem,
442 1953 515 1997 vel
540 1951 823 1996 intellectum
849 1963 1007 1997 movet
1029 1954 1280 2011 appetitum
1313 1953 1684 2008 intellectualem,
1701 1955 1776 1999 vel
1803 1956 2064 2001 animalem.
2082 1957 2254 2018 Appre-

292 2021 453 2064 hensio
483 2030 634 2063 autem
666 2019 942 2063 intellectiva
973 2034 1067 2063 non
1101 2020 1426 2064 determinatur
1454 2021 1508 2063 ad
1536 2021 1777 2079 quaedam,
1805 2023 1882 2066 sed
1919 2032 1988 2068 est
2013 2025 2250 2070 omnium:

291 2088 409 2131 unde
436 2097 480 2131 et
506 2087 560 2131 de
592 2086 827 2131 intellectu
854 2087 1060 2146 possibili
1086 2087 1396 2145 Philosophus
1419 2088 1527 2131 dicit
1543 2088 1589 2131 in
1611 2089 1744 2132 tertio
1764 2089 1834 2134 De
1853 2090 2005 2134 anima
2023 2092 2075 2149 (t.
2088 2102 2126 2136 c.
2143 2093 2251 2150 10.),

290 2155 412 2214 quod
436 2166 503 2199 est
530 2169 620 2213 quo
648 2164 715 2198 est
741 2156 898 2198 omnia
925 2155 1035 2198 fieri.
1056 2155 1296 2213 Appetitus
1318 2155 1455 2212 igitur
1474 2155 1792 2200 intellectualis
1810 2157 2086 2203 substantiae
2108 2160 2250 2204 estad

291 2224 447 2266 omnia
469 2237 516 2267 se
541 2222 728 2266 habens.
752 2222 854 2266 Hoc
875 2232 1027 2266 autem
1055 2230 1122 2265 est
1146 2221 1381 2280 proprium
1407 2221 1653 2266 voluntatis
1681 2232 1730 2267 ut
1761 2223 1818 2267 ad
1843 2224 1969 2268 omia
1994 2230 2043 2270 se
2069 2225 2249 2272 habeat.

291 2289 439 2343 Unde,
465 2290 512 2332 in
537 2289 670 2334 tertio
698 2289 844 2333 Ethic.
874 2290 934 2346 (c.
965 2290 1040 2346 5.)‚
1068 2289 1379 2347 Philosophus
1407 2289 1526 2343 dicit,
1551 2290 1673 2348 quod
1692 2300 1760 2335 est
1777 2291 2077 2350 possibiHum,
2099 2302 2145 2340 et
2163 2294 2250 2340 im·
2325 2315 2332 2325 ’ν

289 2356 590 2420 possibilium.
614 2356 902 2401 Substantiae
923 2356 1061 2414 igitur
1086 2354 1415 2400 intellectuales
1439 2356 1609 2401 habent
1633 2356 1934 2405 voluntatem.

997 2526 1251 2583 CAPUT
1285 2527 1543 2584 XLVIII.

717 2665 876 2711 QUOD
927 2664 1301 2704 SUBSTANTIAE
1348 2665 1835 2706 INTELLECTUALES
1886 2719 1890 2721 ῃ

781 2739 922 2780 SUNT
951 2739 1126 2779 LIBERI
1157 2740 1395 2778 ARBITRII
1426 2740 1483 2781 IN
1515 2740 1763 2781 AGENDO.

918 2841 971 2899 (I.
987 2848 1101 2902 part.
1130 2848 1283 2901 quaest.
1308 2842 1419 2887 LIX.
1444 2847 1523 2887 art.
1547 2843 1619 2901 3.).

373 2958 440 3000 Ex
465 2956 536 3000 his
564 2965 716 3000 autem
743 2965 939 3015 apparet,
967 2956 1089 3014 quod
1122 2956 1379 3015 praedictae
1407 2956 1682 3001 substantiae
1715 2965 1819 3002 sunt
1843 2953 1973 3002 liberi
2003 2957 2170 3003 arbitrii
2201 2958 2250 3004 in

285 3026 478 3083 agendo.
509 3024 650 3078 Quod
675 3024 797 3068 enim
825 3023 1007 3067 arbitrio
1036 3034 1186 3082 agant,
1210 3022 1505 3067 manifestum
1529 3034 1595 3068 est
1618 3038 1672 3068 eo
1697 3024 1820 3084 quod
1837 3037 1920 3083 per
1937 3025 2250 3084 cognitionem

283 3091 609 3136 intellectivam
636 3091 855 3150 judicium
887 3091 1057 3134 habent
1093 3091 1148 3134 de
1185 3091 1442 3150 operandis.
1478 3091 1758 3135 Libertatem
1785 3094 1939 3136 autem
1962 3103 2151 3137 necesse
2183 3101 2252 3138 est

285 3173 360 3203 eas
386 3159 571 3210 habere,
599 3156 637 3202 si
659 3158 830 3202 habent
852 3158 1108 3202 dominium
1127 3158 1196 3202 sui
1214 3167 1354 3211 actus,
1373 3167 1422 3202 ut
1439 3166 1673 3202 ostensum
1692 3168 1758 3203 est
1775 3159 1836 3217 (c.
1853 3154 1962 3217 47.).
1982 3158 2096 3204 Sunt
2112 3159 2251 3220 igitur

283 3227 540 3284 praedictae
569 3225 843 3270 substantiae
870 3224 1001 3268 liberi
1024 3225 1193 3269 arbitrii
1220 3226 1265 3269 in
1294 3225 1486 3283 agendo.
1530 3255 1539 3263 -

372 3294 511 3339 Item:
535 3293 729 3337 liberum
749 3302 815 3337 est
838 3292 959 3351 quod
977 3293 1046 3336 sui
1070 3306 1206 3335 causa
1225 3302 1316 3345 est;
1345 3293 1466 3350 quod
1485 3306 1594 3351 ergo
1617 3307 1710 3337 non
1730 3302 1796 3337 est
1812 3293 1897 3337 sibi
1915 3305 2052 3337 causa
2070 3293 2248 3353 agendi,

282 3376 376 3405 non
404 3373 471 3406 est
496 3361 688 3405 liberum
716 3362 762 3404 in
791 3361 983 3419 agendo.
1015 3359 1348 3418 Quaecumque
1373 3369 1526 3403 autem
1544 3374 1637 3404 non
1661 3370 1919 3415 moventur,
1943 3372 2093 3419 neque
2109 3371 2250 3420 agunt

282 3429 369 3472 nisi
396 3429 449 3471 ab
478 3428 574 3472 aliis
593 3438 734 3482 mota,
756 3442 849 3472 non
872 3437 976 3488 sunt
994 3427 1204 3486 sibiipsis
1231 3440 1368 3470 causa
1387 3427 1564 3483 agendi.
1594 3426 1705 3471 Sola
1722 3440 1837 3486 ergo
1850 3428 2085 3472 moventia
2100 3427 2248 3487 seipsa

281 3495 536 3539 libertatem
554 3495 599 3538 in
618 3496 795 3553 agendo
815 3495 1005 3539 habent:
1027 3494 1080 3538 ed
1093 3494 1207 3538 haec
1227 3493 1326 3538 sola
1343 3493 1511 3551 judicio
1532 3503 1693 3552 agunt:
1711 3505 1820 3538 nam
1838 3506 2032 3539 movens
2043 3493 2247 3553 seipsum

280 3561 493 3606 dividitur
517 3563 563 3606 in
591 3576 782 3606 movens
809 3572 854 3607 et
880 3571 1073 3607 motum.
1102 3563 1282 3606 Motum
1310 3570 1462 3605 autem
1486 3571 1554 3606 est
1582 3561 1806 3621 appetitus
1826 3562 1883 3606 ab
1903 3559 2153 3616 intellectu,
2169 3560 2246 3606 vel

280 3629 532 3688 phantasia,
565 3639 641 3674 aut
674 3643 807 3674 sensu
840 3639 1005 3683 motus,
1039 3642 1235 3689 quorum
1269 3637 1335 3673 est
1364 3628 1579 3687 judicare.
1621 3629 1801 3674 Horum
1830 3627 1968 3689 igitur
1995 3626 2113 3673 haec
2143 3626 2245 3673 sola
