2332 3854
269 255 379 323 306
936 269 1092 308 mmm
1132 268 1210 307 111.
1252 267 1372 308 cAP.
1411 269 1551 309 xva.-

1012 466 1267 523 CAPUT
1307 468 1489 524 XVII.

378 610 537 657 QUOD
581 609 758 649 OMNIA
799 608 1163 648 ORDINANTUR
1195 610 1251 648 IN
1277 609 1436 650 UNUM
1469 612 1654 663 FINEM,
1686 611 1784 658 QUI
1816 611 1917 650 EST
1949 612 2110 651 DEUS.
2190 664 2193 666 q

849 718 903 774 (Ι.
930 723 1047 777 part.
1081 724 1232 777 quaest.
1260 718 1418 764 XLIV.
1452 726 1532 764 art.
1565 722 1644 778 4.).

353 837 419 880 Ex
444 837 535 880 hoc
570 846 722 880 autem
756 846 942 895 apparet
974 837 1097 896 quod
1123 837 1280 882 omnia
1312 837 1578 883 ordinantur
1598 838 1646 883 in
1672 852 1814 884 unum
1838 839 2013 884 bon-um
2038 840 2157 887 sicut
2173 840 2222 886 in

264 903 477 947 ultimum
505 903 657 947 finem.

353 971 403 1014 Si
436 971 558 1014 enirn
599 970 712 1014 nihil
753 971 897 1015 tendit
937 973 983 1015 in
1016 970 1184 1030 aliquid
1227 965 1344 1016 sicut
1373 973 1421 1016 in
1463 972 1602 1016 finem
1633 973 1721 1018 nisi
1751 973 1798 1018 in
1829 982 2050 1033 quantum
2074 975 2224 1033 ipsum

264 1047 332 1081 est
356 1038 544 1097 bonurn,
573 1047 752 1095 oportet
779 1037 901 1096 quod
934 1038 1122 1092 bonum,
1148 1038 1195 1082 in
1226 1049 1447 1098 quantum
1478 1039 1666 1094 bonum,
1699 1041 1755 1084 sit
1780 1040 1896 1086 finis.
1926 1040 2067 1093 Quod
2088 1041 2228 1101 igitur

262 1114 330 1147 est
365 1118 599 1147 summum
636 1105 809 1148 bonum
842 1114 909 1149 est
940 1107 1138 1150 maxime
1171 1105 1381 1150 omnium
1412 1106 1525 1150 finis.
1564 1106 1655 1151 Sed
1687 1121 1921 1151 summum
1951 1107 2124 1152 bonum
2158 1117 2227 1152 est

263 1185 405 1214 unum
436 1180 628 1224 tantum,
657 1171 778 1247 quo-d
812 1181 880 1216 est
918 1171 1060 1226 Deus,
1087 1182 1134 1215 ut
1166 1172 1409 1230 probatum
1450 1182 1518 1217 est
1547 1173 1595 1216 in
1634 1173 1784 1232 primo
1817 1174 1877 1231 (c.
1909 1174 2019 1230 41..)
2053 1173 2226 1246 Omnia

261 1238 398 1296 igitur
431 1237 696 1282 ordinantur
722 1238 838 1283 sicut
863 1238 910 1282 in
936 1238 1076 1283 finem
1109 1241 1156 1283 in
1188 1253 1331 1282 unum
1357 1240 1547 1293 bonum,
1580 1239 1702 1298 quod
1729 1250 1796 1284 est
1827 1240 1967 1284 Deus.

277 1342 285 1351 .
349 1305 486 1349 Item·
520 1305 643 1363 quod
670 1314 737 1349 est
769 1305 1024 1349 maximum
1055 1305 1103 1349 in
1135 1318 1414 1365 unoquoque
1437 1320 1603 1364 genere
1637 1320 1779 1350 causa·
1797 1316 1866 1351 est
1891 1306 2103 1351 omnium
2119 1306 2223 1352 illo-

261 1385 363 1414 rum
395 1385 511 1430 quae
543 1381 647 1416 sunt
672 1371 791 1416 illius
814 1372 1018 1430 generis;
1046 1368 1164 1417 sicut
1189 1373 1323 1430 ignis,
1348 1375 1426 1432 qui
1453 1383 1521 1416 est
1553 1372 1869 1426 calidissimus,
1889 1382 1965 1418 est
1991 1387 2128 1419 causa
2153 1387 2224 1419 ca-

259 1437 443 1482 liditatis
469 1439 515 1482 in
538 1438 637 1483 aliis
655 1439 935 1496 corporibus.
961 1439 1207 1483 Summum
1229 1440 1367 1498 igitur
1389 1440 1576 1493 bonum,
1603 1439 1726 1498 quod
1750 1450 1818 1484 est
1840 1440 1982 1495 Deus,
2001 1449 2070 1486 est
2085 1454 2224 1486 causa

259 1506 473 1549 bonitatis
499 1505 546 1549 in
574 1506 788 1550 omnibus
813 1506 957 1550 bonis.
991 1506 1114 1564 Ergo
1143 1516 1187 1550 et
1213 1515 1280 1550 est
1308 1521 1444 1551 causa
1471 1506 1711 1565 cujuslibet
1734 1506 1836 1552 finis
1861 1508 1984 1566 quod
2009 1507 2068 1552 sit
2105 1506 2225 1561 finis,

261 1586 401 1630 quum
429 1572 646 1631 quidquid
669 1582 739 1617 est
758 1573 860 1617 finis
886 1573 942 1618 sit
972 1573 1239 1630 hujusmodi
1263 1573 1311 1616 in
1333 1583 1554 1632 quantum
1583 1583 1651 1618 est
1675 1574 1865 1618 bonum.
1889 1574 2081 1633 Propter
2100 1575 2226 1634 quod

262 1649 416 1683 autem
449 1650 516 1683 est
541 1640 915 1699 unumquodque,
942 1649 985 1684 et
1012 1639 1123 1684 illud
1157 1640 1319 1698 magis.
1353 1641 1479 1684 Deus
1505 1634 1650 1699 igitur
1667 1641 1868 1686 maxime
1904 1651 1989 1687 est.
2012 1641 2223 1687 omnium

262 1719 416 1750 rerum
441 1706 557 1750 finis.
1643 1727 1646 1730 ⁴

352 1773 543 1817 Adhuc:
576 1774 622 1817 in
650 1773 853 1832 quolibet
869 1787 1036 1832 genere
1065 1787 1320 1828 causarum,
1344 1786 1482 1818 causa
1504 1774 1652 1832 prima
1674 1786 1742 1819 est
1762 1775 1908 1833 magis
1931 1788 2070 1820 causa
2083 1788 2242 1834 quam*

262 1854 399 1884 causa
432 1842 660 1895 secunda;
693 1856 801 1885 narn
836 1855 972 1885 causa
1004 1842 1203 1885 secunda
1220 1855 1315 1884 non
1341 1851 1409 1886 est
1432 1856 1568 1886 causa
1589 1842 1676 1886 nisi
1693 1855 1773 1901 per
1796 1855 1980 1887 causam
2005 1843 2218 1900 primam.

260 1906 377 1950 Illud
403 1908 540 1966 igitur
572 1909 694 1966 quod
718 1918 786 1952 est
812 1922 946 1952 causa
964 1908 1111 1966 prima
1136 1907 1183 1951 in
1210 1907 1368 1952 ordine
1393 1923 1633 1953 causarum
1658 1908 1880 1962 finalium,
1899 1917 2079 1968 oportet
2098 1907 2223 1968 quod

262 1974 318 2017 sit
344 1975 492 2032 magis
520 1971 657 2019 causa
682 1974 829 2019 finalis
857 1975 1106 2034 cujuslibet,
1136 1989 1275 2033 quam
1303 1989 1440 2018 causa
1471 1974 1619 2018 finalis
1636 1975 1858 2033 proxima.
1887 1974 1977 2020 Sed
2003 1975 2130 2020 Deus
2155 1985 2225 2020 est

261 2041 407 2098 prima
452 2056 588 2086 causa
628 2042 674 2085 in
719 2042 877 2086 ordine
921 2056 1163 2085 causarum
1194 2041 1416 2095 finalium,
1451 2056 1591 2100 quum
1629 2044 1685 2086 sit
1716 2056 1951 2085 summum
1982 2042 2031 2086 in
2062 2041 2223 2088 ordine

256 2108 499 2152 bonorum.
518 2109 597 2153 Est
613 2109 750 2166 igitur
767 2109 915 2167 magis
932 2108 1032 2153 finis
1058 2109 1412 2167 uniuscujusque
1431 2109 1496 2152 rei
1514 2123 1653 2167 quam
1671 2107 1832 2167 aliquis
1852 2108 1955 2153 finis
1973 2109 2222 2167 proximus.

346 2175 579 2233 Amplius:
606 2176 652 2219 in
680 2177 891 2220 omnibus
919 2176 1081 2219 finibus
1108 2175 1327 2220 ordinatis
1351 2184 1532 2234 oportet
1558 2175 1681 2234 quod
1708 2174 1896 2221 ultimus
1919 2174 2023 2220 finis
2043 2175 2229 2222 sit'finis*

257 2245 467 2287 omnium
500 2243 870 2302 praecedentium
901 2243 1086 2297 finium;
1119 2244 1248 2297 sicut,
1275 2243 1313 2287 si
1346 2243 1474 2302 potio
1508 2242 1748 2287 conficitur
1779 2253 1828 2287 ut
1856 2243 1990 2288 detur
2015 2252 2222 2302 aegroto,

259 2310 389 2354 datur
421 2320 572 2355 autem
605 2320 655 2355 ut
680 2320 909 2369 purgetur,
942 2319 1160 2368 purgatur
1186 2320 1339 2354 autem
1374 2320 1424 2353 ut
1461 2319 1742 2363 extenuetur,
1770 2319 2038 2357 extenua-tur
2067 2320 2222 2355 autem

258 2387 306 2420 ut
338 2388 534 2432 sanetur,
567 2387 749 2435 oportet
775 2377 896 2436 quod
929 2378 1097 2421 sanitas
1123 2377 1180 2421 sit
1211 2376 1312 2420 finis
1340 2386 1384 2420 et
1420 2376 1753 2420 extenuationis
1787 2386 1831 2421 et
1861 2376 2146 2436 purgationis
2177 2387 2223 2422 et

260 2443 455 2488 aliorum
487 2444 871 2503 praecedentium.
901 2444 991 2488 Sed
1024 2445 1180 2488 omnia
1213 2443 1504 2488 inveniuntur
1535 2444 1580 2486 in
1613 2442 1800 2487 diversis
1837 2443 2050 2502 gradibus
2081 2444 2222 2489 boni—

2321 2418 2332 2482 ἐ

256 2513 359 2555 tatis
387 2512 594 2555 ordinata
620 2511 700 2555 sub
729 2526 821 2555 uno
849 2525 1032 2555 summo
1050 2511 1188 2565 bono,
1217 2511 1339 2570 quod
1367 2520 1432 2555 est
1460 2524 1596 2554 causa
1623 2512 1775 2555 omnis
1796 2510 2036 2566 bonitatis;
2063 2525 2118 2556 ac
2140 2524 2222 2570 per
2317 2539 2332 2566 ,ς

256 2578 362 2631 hoc,
390 2593 532 2637 quum
563 2579 739 2622 bonum
770 2579 937 2622 habeat
966 2578 1194 2622 rationem
1226 2577 1342 2632 finis,
1369 2577 1526 2621 omnia
1560 2578 1826 2621 ordinantur
1855 2577 1937 2621 sub
1969 2577 2076 2623 Deo
2106 2577 2224 2623 sicut
2316 2602 2332 2629 1³

257 2645 369 2689 fines
384 2645 706 2703 praecedentes
720 2646 800 2689 sub
820 2645 907 2688 fine
927 2644 1102 2689 ultimo.
1133 2645 1330 2703 Oportet
1355 2644 1490 2703 igitur
1508 2644 1629 2702 quod
1653 2643 1862 2688 omnium
1884 2643 1985 2688 finis
2003 2644 2061 2690 sit
2074 2644 2221 2690 Deus.
2305 2629 2332 2727 ξ

348 2713 614 2758 Praeterea:
647 2713 822 2756 bonum
854 2711 1124 2771 particulare
1166 2711 1398 2756 ordinatur
1434 2713 1479 2754 in
1522 2712 1696 2754 bonum
1738 2724 1987 2755 commune
2028 2711 2145 2756 sicut
2173 2710 2222 2755 in
2289 2723 2332 2799 ’,Ξ

255 2779 418 2834 finem;
453 2794 550 2824 esse
585 2780 709 2824 enim
741 2780 879 2838 partis
914 2789 978 2823 est
1011 2790 1193 2838 propter
1226 2793 1323 2823 esse
1356 2778 1528 2832 totius;
1561 2779 1680 2822 unde
1708 2787 1752 2822 et
1782 2778 1956 2822 bonum
1982 2778 2130 2838 gentis
2148 2786 2222 2824 est

256 2847 450 2891 divinius
488 2861 627 2906 quarn
663 2847 835 2891 bonum
858 2847 1007 2890 ,unius
1040 2846 1256 2890 hominis.
1299 2845 1481 2890 Bonum
1523 2855 1676 2889 autem
1709 2858 1960 2899 summum,
1992 2845 2116 2904 quod
2151 2853 2221 2890 est
2299 2799 2332 2929 Ξ

256 2916 397 2969 Deus,
430 2925 498 2959 est
529 2915 703 2959 bonum
731 2929 994 2967 commune,
1028 2928 1170 2972 quum
1203 2927 1256 2957 ex
1289 2927 1346 2957 eo
1380 2913 1698 2956 universorum
1730 2912 1904 2956 bonum
1938 2912 2230 2970 'dependeau'
2294 2949 2326 2975 ,3

255 2982 430 3026 bonum
457 2992 610 3026 autem
643 2995 734 3057 quo
768 2981 998 3040 quaelibet
1027 2995 1097 3025 res
1132 2980 1252 3023 bona
1285 2990 1366 3033 est,
1399 2989 1465 3023 est
1496 2979 1670 3023 bonum
1703 2978 1972 3037 particulare
2005 2979 2223 3038 ipsiuset

257 3048 467 3102 aliorum,
487 3063 601 3107 quae
629 3049 716 3092 ab
706 3063 806 3107 ipso
831 3047 1101 3107 dependent.
1131 3047 1309 3092 Omnes
1337 3046 1473 3105 igitur
1499 3061 1569 3090 res
1592 3046 1859 3091 ordinantur
1873 3045 1991 3092 sicut
2009 3046 2059 3091 in
2078 3045 2230 3091 finem»

257 3116 302 3159 in
335 3129 478 3159 unum
511 3117 700 3169 bonum,
729 3115 850 3174 quod
879 3125 947 3159 est
977 3115 1118 3159 Deus.

345 3184 487 3227 Item:
518 3183 572 3226 ad
600 3182 809 3226 ordinem
843 3183 1075 3240 agentium
1109 3181 1309 3239 sequitur
1336 3180 1450 3224 ordo
1484 3180 1531 3224 in
1558 3180 1747 3235 finibus;
1782 3193 1892 3224 nam
1924 3179 2042 3225 sicut
2051 3192 2230 3240 supre··

258 3264 386 3293 mum
419 3264 558 3310 agens
591 3259 748 3293 movet
781 3250 938 3293 omnia
970 3247 1169 3293 secunda
1213 3247 1407 3305 agentia,
1441 3249 1501 3291 ita
1544 3247 1600 3291 ad
1641 3247 1780 3292 finem
1813 3247 2015 3307 supremi
2045 3246 2229 3307 agentis>
2284 3247 2321 3307 ³5⁵

259 3327 438 3376 oportet
464 3317 584 3375 quod
613 3317 878 3360 ordinentur
900 3330 1061 3359 omnes
1091 3315 1202 3359 fines
1230 3315 1536 3359 secundorum
1566 3314 1827 3373 agentium;
1851 3314 2069 3374 quidquid
2093 3314 2217 3365 enim

258 3385 350 3442 agit
369 3398 633 3443 supremum
657 3398 796 3442 agens
820 3383 913 3441 agit
936 3393 1120 3441 propter
1146 3381 1284 3425 finem
1313 3396 1459 3424 suurn.
1480 3383 1591 3440 Agit
1613 3391 1767 3426 autem
1792 3395 2054 3441 supremum
2077 3393 2230 3440 agen*

256 3451 457 3495 actiones
484 3452 691 3494 omnium
718 3449 988 3495 inferiorum
1015 3449 1261 3507 agentium,
1280 3448 1509 3493 movendo
1537 3462 1698 3492 omnes
1725 3447 1782 3492 ad
1799 3461 1903 3493 suas
1929 3448 2164 3502 actiones,
2172 3457 2228 3506 et
2256 3443 2282 3494 ,ἶ
2299 3455 2309 3474 '²

257 3532 336 3575 per
362 3532 646 3576 consequens
679 3517 732 3560 ad
760 3531 867 3562 suos
894 3516 1029 3570 fines;
1053 3515 1172 3559 unde
1196 3515 1397 3574 sequitur
1419 3514 1542 3573 quod
1570 3529 1732 3559 omnes
1753 3515 2063 3561 secundorum
2083 3526 2270 3574 agen-

256 3584 370 3628 tium
403 3585 605 3629 actiones
639 3584 903 3628 ordinentur
935 3599 961 3628 a
994 3583 1142 3642 primo
1175 3591 1339 3641 agente
1365 3581 1412 3626 in
1446 3581 1585 3626 finem
1617 3596 1751 3626 suum
1783 3582 2032 3642 proprium.
2059 3580 2225 3640 Agens
2254 3555 2294 3636 ᾗ
2330 3603 2332 3605 ·

258 3661 410 3696 autem
436 3651 634 3710 primum
658 3665 810 3695 rerum
833 3651 1041 3695 omnium
1068 3658 1134 3695 est
1156 3649 1295 3703 Deus,
1318 3658 1365 3693 ut
1387 3648 1434 3692 in
1456 3649 1658 3693 secundo
1680 3648 1923 3708 probatum
1945 3658 2013 3727 est
2029 3648 2091 3708 (e.
2110 3659 2159 3706 ις
2165 3645 2267 3721 Q
2234 3653 2283 3680 ³
2325 3707 2327 3710 ι
