2332 3854
260 217 367 272 390
923 216 1078 255 LIBER
1114 216 1191 256 111.
1233 215 1352 254 CAP.
1393 214 1539 254 Lxm.

254 329 304 363 ut
327 328 425 363 tota
450 318 616 363 domus
641 317 811 363 habeat
835 318 1111 366 firmitatem.
1147 316 1252 370 Sed,
1275 317 1311 361 si
1335 316 1512 362 malum
1539 330 1566 361 a
1591 316 1862 376 quibusdam
1887 317 2100 376 partibus*
2118 318 2216 362 uni·

256 385 375 429 versi
399 385 750 438 subtraheretur,
768 383 964 428 multum
987 383 1210 441 deperiret
1236 381 1526 441 perfectionis
1561 383 1773 438 universi,
1793 384 1919 442 cujus
1951 380 2209 443 pulcritudo

258 465 313 496 ex
338 451 546 495 ordinata
570 451 799 494 bonorum
823 460 867 493 et
893 449 1123 493 malornm
1150 449 1424 494 adunatione
1449 451 1694 510 consurgit,
1720 451 1830 494 dum
1856 449 1980 494 mala
2006 464 2060 497 ex
2081 451 2214 500 bonis

258 517 570 562 deficientibus
603 517 889 575 proveniunt,
917 525 961 559 et
991 525 1146 559 tamen
1186 529 1241 559 ex
1273 515 1337 560 eis
1373 516 1597 574 quaedam
1633 517 1755 560 bona
1792 526 2131 575 consequuntur
2150 531 2217 562 ex

259 584 544 642 providentia
571 582 877 640 gubernantis,
910 582 1026 625 sicut
1058 591 1103 625 et
1127 580 1296 625 silentii
1330 581 1615 641 interpositio
1657 582 1765 626 facit
1801 581 2076 634 cantilenam
2116 576 2216 639 esse

258 664 460 694 suavem.
488 649 595 693 Non
621 649 758 706 igitur
783 662 862 706 per
885 647 1087 691 divinam
1105 647 1438 705 providentiam
1463 649 1615 694 debuit
1632 648 1806 692 malum
1826 663 1851 692 a
1870 645 2003 693 rebus
2026 642 2217 715 exclqdi.

349 716 536 759 Adhuc:
565 728 634 758 res
663 713 793 767 aliae,
822 724 865 757 et
896 714 1140 771 praecipue
1166 713 1400 759 inferiores
1429 716 1484 759 ad
1510 717 1684 759 bonurn
1716 715 1918 759 hominis
1950 697 2216 763 ordinantur

262 782 379 826 sicut
405 781 460 824 ad
486 780 638 824 finem.
669 780 718 823 Si
751 790 905 824 autem
931 779 1057 824 nulla
1089 779 1212 832 mala
1239 791 1390 825 essent
1415 781 1463 825 in
1495 782 1643 837 rebus,
1675 781 1873 826 multum
1900 781 1956 827 de
1976 778 2104 827 bono
2135 771 2216 828 ho-

260 847 398 890 minis
426 846 766 900 diminueretur,
794 855 838 890 et
863 856 1084 905 quantum
1111 846 1167 890 ad
1194 847 1521 906 cognitionem,
1549 858 1593 892 et
1624 858 1846 907 quantum
1878 847 1935 899 ad
1962 848 2076 907 ¹boni
2106 842 2219 899 desi-

261 914 438 957 derium
463 912 538 956 vel
563 927 796 967 amorem;
821 927 932 956 narn
956 913 1130 958 bonum
1157 929 1210 959 ex
1237 914 1579 973 comparatione
1607 913 1719 958 mali
1740 913 1890 973 magis
1908 914 2218 973 cognoscitur,

264 989 322 1034 et,
350 979 459 1023 dum
487 979 638 1038 aliqua
664 979 786 1023 mala
811 990 1139 1038 perpetrantur,
1166 982 1393 1026 ardentius
1425 981 1545 1025 bona
1578 979 1961 1039 optamus;,sicut
1995 979 2218 1040 quantum

258 1046 434 1090 bonum
460 1046 518 1089 sit
541 1046 726 1100 sanitas,
751 1045 921 1090 infirmi
942 1047 1140 1091 maxime
1164 1057 1464 1107 cognoscunt,
1482 1048 1559 1106 qui
1576 1048 1714 1092 etiam
1733 1047 1790 1091 ad
1806 1060 1910 1093 eam
1926 1046 2078 1106 magis
2097 1061 2220 1092 exar-

267 1112 375 1156 dent
401 1125 540 1170 quam
561 1112 673 1156 sani.
700 1112 808 1157 Non
835 1113 971 1171 igitur
1001 1114 1196 1172 pertinet
1218 1114 1274 1157 ad
1300 1113 1501 1158 divinam
1526 1113 1861 1173 providentiam
1882 1111 2005 1161 mala
2027 1127 2054 1171 a
2083 1112 2217 1163 rebus

261 1178 461 1223 totaliter
488 1178 741 1223 excludere.

349 1245 541 1303 Propter
567 1245 690 1304 quod
716 1245 880 1290 dicitur
906 1247 1013 1305 (Isa.
1041 1246 1181 1295 XLV.
1211 1247 1297 1305 7)·
1325 1247 1502 1292 Faciens
1522 1255 1688 1306 pacem,
1721 1253 1758 1293 et
1788 1260 1931 1296 creans
1954 1245 2142 1300 malum5
2171 1256 2217 1292 et

265 1312 435 1370 (Amos
461 1310 728 1370 111.6.):Si
759 1314 837 1357 erit
866 1313 1026 1357 malum
1057 1315 1101 1357 in
1127 1316 1298 1359 civitate
1329 1313 1436 1372 quod
1460 1315 1672 1358 Dominus
1697 1327 1780 1358 non
1802 1314 1966 1374 fecerit.
2021 1357 2023 1360 .

350 1378 439 1423 Per
463 1379 555 1422 hoc
581 1389 736 1423 autem
763 1379 1016 1424 excluditur
1043 1381 1349 1439 quorumdam
1376 1394 1514 1434 error,
1532 1380 1609 1439 qui
1630 1389 1815 1439 propter
1838 1380 1930 1428 hoc
1952 1366 2086 1444 quod
2097 1356 2220 1424 mala

267 1447 315 1490 in
340 1445 514 1490 mundo
542 1446 722 1494 evenire
740 1446 967 1500 videbant,
986 1446 1195 1491 dicebant
1210 1447 1363 1491 Deum
1379 1461 1473 1490 non
1500 1460 1623 1500 esse;
1650 1446 1766 1490 sicut
1792 1445 1978 1506 Boetius
2002 1444 2050 1491 in
2069 1444 2220 1510 primo

266 1513 338 1556 De
352 1511 667 1557 consolatione
686 1513 850 1570 (Prosa
860 1513 961 1569 IV.)
978 1513 1225 1558 introducit
1237 1512 1485 1572 quemdam
1501 1512 1884 1572 philosophorum
1901 1521 2222 1573 quaerentem:

267 1579 317 1623 Si
341 1579 468 1623 Deus
501 1589 581 1634 est,
608 1580 728 1623 unde
755 1579 960 1623 malurn?
994 1579 1125 1624 Esset
1151 1590 1303 1624 autem
1326 1593 1350 1623 e
1378 1579 1628 1630 contrario
1641 1578 1954 1638 arguendum:
1982 1578 2021 1623 si
2030 1576 2221 1655 malum

267 1654 347 1699 est,
373 1645 499 1691 Deus
526 1655 606 1690 est.
631 1646 740 1699 Non
768 1646 891 1689 enirn
918 1656 1036 1691 esset
1057 1645 1246 1700 malurn,
1263 1645 1441 1690 sublato
1460 1645 1618 1690 ordine
1643 1645 1769 1702 boni,
1791 1645 1918 1704 cujus
1939 1632 2138 1710 privatio
2149 1653 2223 1690 est

266 1712 465 1756 malum·
492 1712 568 1757 hic
595 1722 751 1757 autern
773 1713 887 1757 ordo
914 1727 1010 1757 non
1036 1722 1155 1757 esset
1179 1714 1215 1757 si
1242 1713 1368 1756 Deus
1394 1727 1489 1756 non
1515 1722 1646 1757 esset.

355 1777 555 1825 Tollitur
568 1779 708 1823 etiam
729 1779 893 1823 erroris
913 1779 1097 1824 occasio
1115 1793 1194 1837 per
1210 1779 1459 1838 praemissa
1471 1778 1559 1822 illis
1577 1779 1652 1837 qui
1671 1777 1871 1823 divinam
1885 1748 2220 1837 providentiam

264 1858 407 1903 usque
435 1846 491 1889 ad
516 1845 632 1890 haec
652 1844 962 1904 corruptibilia
989 1846 1169 1890 extendi
1193 1845 1436 1904 negabant,
1453 1854 1638 1904 propter
1654 1845 1746 1889 hoc
1769 1844 1924 1903 quod'
1912 1857 1961 1888 m
1987 1843 2052 1888 eis
2077 1842 2223 1890 multa

262 1911 386 1957 mala
413 1911 593 1956 evenire
621 1912 975 1971 conspiciebant.
1004 1912 1115 1956 Sola
1142 1922 1296 1957 autem
1319 1910 1680 1970 incorruptibilia
1703 1910 1883 1957 divinae
1900 1901 2220 1976 providentiae

263 1978 395 2023 subdi
420 1978 642 2033 dicebant,
669 1979 716 2022 in
743 1979 904 2037 quibus
930 1978 1081 2023 nullus
1109 1978 1312 2023 defectus
1339 1992 1423 2022 nec
1451 1977 1627 2022 malum
1654 1977 1840 2053 aliquod
1865 1974 2107 2023 invenitur.

347 2045 435 2088 Per
467 2044 558 2089 hoc
586 2046 724 2089 etiam
749 2044 923 2088 tollitur
950 2045 1129 2089 errandi
1155 2045 1339 2089 occasio
1366 2044 1666 2098 Manichaeis,
1699 2044 1777 2102 qui
1808 2043 1898 2088 duo
1924 2038 2073 2103 prima
2102 2042 2221 2102 prin·

267 2111 384 2170 cipia
417 2111 599 2170 agentia
634 2121 898 2169 posuerunt,
933 2111 1108 2155 bonum
1142 2121 1187 2156 et
1222 2111 1412 2165 malum,
1446 2111 1574 2171 quasi
1609 2109 1784 2154 malurn
1819 2109 1900 2155 sub
1940 2106 2224 2175 providentia

259 2178 369 2222 boni
400 2178 491 2222 Dei
515 2177 674 2222 locum
699 2178 866 2222 habere
892 2192 987 2222 non
1013 2188 1181 2237 posset.

352 2243 554 2288 Solvitur
581 2245 720 2288 etiam
747 2245 1052 2321 quorumdam
1080 2245 1313 2299 dubitatio,
1337 2254 1489 2289 utrum
1515 2243 1690 2289 scilicet
1722 2244 1925 2288 actiones
1936 2219 2102 2289 malae
2134 2243 2223 2288 sint

262 2325 288 2355 a
313 2311 438 2365 Deo;
463 2324 573 2354 narn
601 2325 707 2355 cum
734 2321 969 2355 ostensum
995 2311 1054 2355 sit
1079 2312 1138 2368 (c.
1175 2313 1266 2369 70.)
1301 2325 1440 2356 omne
1472 2325 1611 2370 agens
1645 2311 1875 2355 actionem
1900 2323 2041 2365 suam
2055 2310 2222 2371 produ-

261 2391 363 2421 cere
388 2377 435 2420 in
462 2387 684 2436 quantum
717 2387 822 2435 agat
852 2378 1016 2422 virtute
1053 2378 1231 2432 divina;
1271 2387 1314 2422 et
1341 2392 1394 2423 ex
1421 2378 1513 2422 hoc
1541 2378 1695 2422 Deum
1718 2391 1815 2422 esse
1843 2378 2052 2423 omnium
2071 2386 2124 2421 ·et
2155 2374 2219 2421 ef·-

260 2443 465 2487 fectuum
494 2449 549 2488 'et
586 2444 724 2487 etiam
759 2444 994 2488 actionum
1031 2458 1242 2488 causam:
1279 2445 1480 2503 itemque
1522 2454 1759 2488 ostensum
1801 2443 1858 2488 sit
1892 2443 2058 2502 (ibid.)‚
2099 2442 2223 2502 quod
2299 2477 2301 2479 .

261 2510 438 2555 malum
466 2520 512 2554 et
538 2510 755 2565 defectus,
781 2511 828 2554 in
850 2511 921 2555 his
939 2525 1055 2570 quae
1082 2511 1369 2569 providentia
1397 2511 1550 2555 divina
1576 2520 1808 2570 reguntur,
1834 2510 2013 2556 accidat
2037 2525 2092 2561 ex
2119 2524 2225 2555 con-

262 2577 434 2621 ditione
460 2578 765 2621 secundarum
799 2592 1054 2631 causarum,
1080 2578 1127 2621 in
1161 2578 1321 2636 quibus
1354 2588 1503 2637 potest
1540 2591 1638 2622 esse
1672 2577 1899 2632 defectus;
1929 2575 2224 2623 manifestum

263 2654 344 2697 est,
372 2644 494 2702 quod
522 2645 723 2688 actiones
751 2643 915 2720 malae,
943 2645 1196 2688 secundum
1223 2645 1345 2703 quod
1373 2644 1634 2689 deficientes
1661 2654 1780 2698 sunt,
1805 2657 1901 2688 non
1925 2653 2030 2689 sunt
2055 2658 2080 2688 a
2101 2643 2222 2698 Deo,

264 2710 343 2754 sed
360 2725 386 2754 a
414 2711 561 2754 causis
583 2711 800 2769 proximis
820 2711 1146 2755 deficientibus.
1169 2711 1221 2755 In
1239 2722 1459 2770 quantum
1483 2721 1637 2756 autem
1663 2712 1719 2755 ad
1746 2711 1790 2755 id
1817 2710 1939 2770 quod
1966 2710 2022 2755 de
2044 2709 2224 2755 actione

265 2787 308 2821 et
335 2778 520 2822 entitate
557 2778 739 2832 habent,
768 2789 948 2837 oportet
960 2777 1096 2837 quod
1130 2779 1218 2823 sint
1255 2794 1280 2823 a
1311 2780 1430 2833 Deo,
1468 2779 1585 2823 sicut
1611 2777 1882 2823 claudicatio
1909 2787 1977 2822 est
2001 2792 2028 2823 a
2057 2777 2223 2823 virtute

264 2845 439 2889 motiva
466 2855 687 2903 quantum
706 2845 762 2889 ad
780 2847 839 2889 id'
843 2845 965 2904 quod
987 2846 1126 2889 habet
1152 2846 1206 2890 de
1230 2856 1382 2890 motu·
1373 2855 1628 2905 ,quantum
1653 2859 1763 2890 vero
1790 2845 1848 2891 ad
1871 2843 1918 2893 id
1940 2836 2064 2904 quod
2084 2842 2225 2889 habet

265 2912 322 2956 de
349 2911 544 2967 defectu,
571 2923 638 2957 est
670 2926 725 2957 ex
758 2914 978 2958 curvitate
1003 2913 1158 2957 cruris.

980 3065 1234 3122 CAPUT
1277 3066 1507 3121 LXXII.

602 3202 760 3248 QUOD
802 3201 998 3240 DIVINA
1029 3201 1406 3240 PROVIDENTIA
1445 3200 1562 3241 NON
1600 3198 1887 3241 EXCLUDIT

862 3275 1329 3315 CONTINGENTIAM
1367 3276 1402 3312 A
1441 3275 1630 3315 REBUS.

358 3385 486 3430 Sicut
505 3394 657 3430 autem
677 3385 827 3429 divina
849 3385 1135 3443 providentia
1159 3399 1253 3429 non
1272 3384 1470 3430 excludit
1491 3383 1805 3431 universaliter
1830 3382 2007 3440 malum
2028 3396 2056 3428 a
2075 3381 2224 3439 rebus,

268 3452 330 3495 ita
363 3452 502 3496 etiam
527 3466 621 3496 non
648 3452 846 3496 excludit
872 3452 1247 3511 contingentiam,
1269 3465 1354 3496 nec
1381 3452 1702 3497 necessitatem
1727 3451 1860 3498 rebus
1884 3450 2093 3511 imponit.
2121 3449 2224 3508 Jam

270 3518 392 3562 enim
420 3528 654 3564 ostensum
682 3530 750 3564 est
773 3519 937 3576 (ibid.)‚
960 3519 1082 3579 quod
1109 3518 1314 3578 operatio
1332 3519 1657 3578 providentiae,
1679 3532 1768 3578 qua
1794 3518 1920 3571 Deus
1942 3526 2157 3576 operatur
2176 3516 2225 3561 in

268 3584 413 3640 rebus,
439 3599 533 3629 non
557 3585 754 3631 excludit
781 3599 940 3631 causas
966 3586 1202 3640 secundas,
1225 3584 1304 3630 sed
1328 3599 1406 3643 per
1423 3599 1499 3630 eas
1521 3584 1748 3645 impletur,
1773 3585 1821 3630 in
1839 3590 2063 3645 quantum
2085 3591 2226 3644 agunt

2278 3699 2292 3708 ‘⁴
2280 3514 2300 3689 -2r2122ss23-Q..*-.-
2298 3481 2301 3483 ,
