2332 3854
830 225 984 264 LmssR
1023 223 1078 262 n.
1121 223 1245 263 cap·
1282 222 1369 261 ιν.
1978 205 2077 275 189

151 348 154 350 ·
209 330 397 375 Adhuc:
418 329 469 374 in
491 328 623 373 omni
652 328 959 388 corruptione,
990 337 1171 373 remoto
1204 336 1308 373 actu
1339 334 1546 372 remanet
1576 326 1803 385 potentia:
1837 339 1933 370 non
1957 326 2081 371 enim

45 387 57 461 Γ,
123 396 427 456 corrumpitur
452 394 620 453 aliquid
646 394 692 438 in
719 395 912 439 omnino
938 409 1033 439 non
1059 408 1154 449 ens,
1185 395 1304 440 sicut
1325 407 1412 440 nec
1438 402 1679 452 generatur
1706 391 1876 452 aliquid
1902 406 1956 437 ex
1981 406 2082 437 om-

56 475 59 477 ·
121 463 234 508 nino
256 475 350 507 non
375 471 495 507 eme.
520 461 573 506 In
598 461 856 506 substantiis
883 471 1036 506 autem
1052 460 1449 515 intellectualibus,
1474 469 1524 505 ut
1549 469 1785 505 ostensum
1802 467 1870 504 est
1891 459 1952 516 (c.
1976 458 2081 516 53.)‚

62 588 64 590 v
121 535 250 575 actus
275 538 344 574 est
365 528 517 588 ipsum
542 541 665 582 esse;
688 527 787 587 ipsa
812 536 965 572 autem
990 528 1239 572 substantia
1265 537 1334 572 est
1358 527 1475 572 sicut
1499 525 1718 586 potentia.
1745 525 1796 569 Si
1819 525 1958 584 igitur
1982 525 2085 569 sub-

55 596 59 633 ἶ
120 597 286 644 mrim
298 595 616 641 intellectualis
633 605 964 654 corrumpatur,
981 596 1234 640 remanebit
1249 606 1354 655 post
1364 609 1494 640 suam
1507 594 1854 654 corruptionem
1873 592 1996 652 quod
2014 605 2083 638 est

60 712 62 714 ,
123 665 314 777 effluo
357 662 649 723 impossibile.
688 662 856 708 Omnis
891 662 1030 721 igitur
1064 663 1313 707 substantia
1351 661 1670 707 intellectualis
1710 669 1779 706 est
1816 659 2084 717 incorrupti·

209 797 350 842 Item:
371 799 415 841 in
434 796 563 841 omni
587 795 710 855 quod
733 795 1051 854 corrumpitur,
1075 804 1255 855 oportet
1279 796 1401 854 quoi
1424 796 1480 840 sit
1496 794 1701 855 potentia
1712 793 1769 839 ad
1783 806 1880 839 nou
1895 807 2010 838 esse.
2032 792 2083 837 Si

47 885 52 914 ς
122 863 233 925 quid
255 864 394 923 igitur
419 873 488 908 est
511 864 559 907 in
585 877 676 922 quo
702 877 797 906 non
823 872 891 907 est
911 862 1115 920 potentia
1141 862 1197 906 ad
1222 876 1316 906 non
1342 876 1456 915 esse,
1473 862 1563 906 hoc
1581 875 1676 906 non
1691 870 1842 919 potest
1866 873 1966 905 esse
1983 873 2080 904 cor-

42 926 59 977 ⁵.
122 930 345 991 ruptibile.
372 931 425 974 In
450 930 699 974 substantia
726 939 878 973 autem
903 928 1200 974 intellectuali
1221 943 1315 973 non
1331 939 1410 973 -est
1434 929 1638 987 potentia
1664 928 1720 972 ad
1746 941 1840 972 non
1858 939 1972 972 esse.
1988 926 2084 972 Ma-

121 997 337 1044 nis-stum
369 1006 438 1042 est
467 996 591 1041 enim
623 1010 677 1040 ex
710 997 840 1040 dictis
873 997 933 1053 (c.
960 997 1147 1054 praec.),
1180 996 1303 1055 quod
1337 995 1585 1040 substantia
1618 994 1847 1054 completa
1878 1004 1947 1039 est
1978 1007 2082 1053 pro-

43 1070 47 1074 ’
86 1119 92 1126 ·
122 1065 272 1125 prium
297 1064 609 1123 susceptivum
635 1063 776 1122 ipsius
804 1077 917 1107 esse.
942 1063 1187 1122 Proprium
1213 1072 1367 1107 autem
1391 1062 1701 1120 susceptivum
1734 1060 1926 1120 alicujus
1952 1070 2080 1107 actus

37 1115 46 1193 s
121 1133 184 1177 ita
209 1141 501 1190 comparatur
526 1140 575 1174 ut
595 1130 800 1189 potentia
832 1130 887 1173 ad
906 1140 1059 1174 actum
1085 1129 1232 1183 illurn,
1259 1129 1382 1188 quod
1406 1128 1535 1173 nullo
1563 1128 1705 1173 modo
1731 1128 1862 1174 estin
1878 1127 2084 1187 potentia

47 1241 51 1258 ὲ
123 1198 181 1244 ad
204 1197 490 1258 oppositum3
517 1197 633 1241 sicut
658 1197 775 1254 ignis
805 1197 870 1241 ita
896 1206 1187 1255 comparatur
1214 1197 1270 1241 ad
1303 1196 1506 1241 calorem
1531 1206 1580 1240 ut
1605 1196 1808 1255 potentia
1834 1195 1891 1239 ad
1913 1203 2085 1250 actum,

50 1259 52 1261 ’
123 1264 249 1325 quod
270 1263 399 1309 nullo
425 1264 570 1308 modo
593 1273 660 1308 est
685 1264 733 1308 in
758 1264 962 1323 potentia
989 1263 1045 1307 ad
1069 1263 1235 1322 frigus3
1262 1263 1382 1308 unde
1406 1277 1490 1308 nec
1508 1262 1556 1307 iu
1571 1263 1680 1322 ipsis
1701 1262 1961 1308 substantiis
1986 1275 2084 1307 cor·

46 1358 47 1362 =
122 1330 351 1392 puralibus
379 1340 448 1376 est
471 1331 674 1389 potentia
707 1331 762 1375 ad
788 1345 883 1375 non
910 1344 1010 1375 esse
1042 1330 1089 1374 in
1119 1331 1218 1389 ipsa
1248 1330 1497 1375 substantia
1523 1329 1770 1388 completa,
1793 1328 1882 1373 nisi
1905 1327 2083 1374 ratione

121 1398 368 1452 materiae:
392 1398 440 1442 in
462 1398 721 1443 substantiis
745 1408 897 1442 autem
913 1396 1292 1442 intellectualibus
1309 1411 1404 1442 non
1426 1407 1495 1443 est
1514 1396 1723 1451 materia,
1737 1396 1818 1447 sed
1835 1396 1961 1455 ipsae
1977 1404 2084 1441 sunt

47 1465 54 1500 ἰ
119 1465 397 1511 submantiae
422 1464 680 1524 completae
706 1464 951 1524 simplices.
977 1465 1121 1522 Igitur
1145 1464 1193 1508 in
1219 1464 1286 1508 eis
1309 1477 1406 1508 non
1435 1473 1505 1509 est
1528 1463 1732 1523 potentia
1757 1463 1815 1509 ad
1838 1476 1934 1508 non
1966 1475 2081 1509 esse.

50 1531 51 1534 ’
121 1532 237 1578 Sunt
259 1531 396 1591 igitur
421 1531 800 1591 incorruptibiles.

33 1638 41 1662 ,ἶ
207 1599 468 1643 Praeterea:
503 1599 550 1642 in
585 1598 945 1657 quibuscumque
983 1606 1051 1642 est
1086 1597 1364 1656 compositio
1389 1597 1621 1655 potentiae
1648 1605 1693 1640 et
1718 1605 1859 1654 actus,
1884 1595 1930 1640 id
1957 1594 2083 1654 quod

50 1682 57 1699 ³<
118 1675 246 1712 tenet
266 1664 424 1710 locum
450 1665 624 1724 primae
659 1665 904 1724 potentiae,
930 1665 1023 1709 sive
1049 1665 1185 1723 primi
1215 1665 1420 1723 subjecti,
1460 1673 1531 1709 est
1568 1661 1933 1722 incorruptibile:
1960 1662 2081 1707 unde

40 1726 50 1771 s
120 1733 260 1780 etiam
282 1733 330 1776 in
355 1732 614 1777 substantiis
646 1731 1010 1792 corruptibilibus
1032 1732 1223 1776 materia
1248 1731 1396 1790 prima
1422 1741 1490 1776 est
1519 1729 1887 1790 incorruptibilis.
1916 1729 2008 1775 Sed
2033 1729 2082 1773 in

43 1830 59 1846 ν.
119 1799 380 1845 substantiis
393 1798 773 1844 intellectualibus
799 1799 844 1843 id
871 1799 993 1858 quod
1013 1809 1139 1843 tenet
1162 1795 1519 1858 locum‘primae
1539 1797 1787 1856 potentiae,
1814 1806 1858 1841 et
1874 1795 2080 1855 subJecti‚

37 1870 53 1915 2
121 1876 191 1912 est
211 1866 310 1925 ipsa
336 1880 494 1910 earum
519 1866 768 1910 substantia
795 1865 1037 1923 completa.
1064 1866 1205 1924 Igitur
1226 1866 1474 1910 substantia
1499 1866 1596 1924 ipsa
1622 1874 1691 1910 est
1711 1863 2080 1922 incorruptibilis.

13 1985 16 1987 ,
39 1933 50 1995 J
118 1933 248 1978 Nihil
274 1942 426 1978 autem
454 1942 522 1977 est
552 1931 842 1991 corruptibile
874 1932 962 1976 nisi
987 1946 1067 1990 per
1098 1933 1188 1976 hoc
1221 1933 1343 1991 quod
1376 1946 1458 1976 sua
1487 1931 1737 1976 substantia
1763 1931 2079 1989 corrumpitur.

34 1998 52 2058 ‘f
119 2001 262 2060 Igitur
285 2013 448 2044 omnes
474 1998 803 2043 intellectuales
828 2009 1024 2044 naturae·
1043 2009 1147 2043 sunt
1171 1998 1554 2058 incorruptibiles.

41 2103 56 2121 ,
210 2066 445 2127 Amplius:
468 2080 606 2111 omne
639 2066 761 2125 quod
795 2066 1112 2124 corrumpitur,
1141 2065 1215 2110 vel
1247 2067 1551 2124 corrumpitur
1577 2079 1656 2124 per
1688 2080 1752 2120 se,
1773 2064 1848 2110 vel
1880 2078 2082 2109 corrum-

47 2162 52 2170 2
120 2134 240 2194 pitur
260 2149 340 2193 per
361 2133 587 2202 accidens.
614 2133 902 2177 Substantiae
931 2142 1083 2177 autem
1109 2131 1440 2177 intellectuales
1466 2147 1559 2176 non
1582 2142 1772 2191 possunt
1803 2146 1884 2190 per
1910 2145 1957 2176 se
1980 2144 2081 2175 cor-

121 2201 286 2260 rumpi.
320 2200 489 2246 Omnis
521 2200 645 2245 enim
677 2200 908 2259 corruptio
941 2210 1009 2244 est
1049 2214 1075 2244 a
1108 2201 1350 2245 contrario.
1387 2200 1545 2258 Agens
1579 2200 1700 2244 enim
1742 2212 1848 2244 cum
1881 2208 1988 2257 agat
2018 2212 2084 2242 se-

32 2264 67 2314 Ψ),
122 2268 323 2312 cundum
345 2266 467 2326 quod
494 2276 672 2311 est·ens
696 2277 799 2310 actu
826 2280 1005 2324 semper
1031 2267 1209 2325 agendo
1236 2266 1360 2310 ducit
1386 2267 1442 2310 ad
1469 2266 1654 2326 aliquod
1681 2280 1779 2311 esse
1807 2274 1934 2311 actu:
1962 2265 2082 2309 unde

122 2334 265 2394 siper
290 2334 553 2393 hujusmodi
586 2348 688 2378 esse
711 2344 815 2378 actu
842 2333 1011 2393 aliquid
1044 2343 1360 2393 corrumpatur
1391 2334 1602 2379 desinens
1635 2348 1733 2379 esse
1757 2343 1874 2387 actu,
1901 2341 2083 2392 oportet

64 2420 67 2421 ’
125 2401 250 2462 quod
279 2401 372 2446 hoc
403 2401 641 2460 contingat
669 2415 749 2460 per
782 2401 1149 2446 contrarietatem
1182 2415 1343 2446 eorum
1376 2401 1432 2445 ad
1457 2401 1682 2456 invicem;
1713 2415 1822 2445 nam
1855 2399 2082 2445 contraria

45 2462 75 2524 J
126 2478 232 2515 suut
260 2482 377 2528 quae
408 2477 569 2512 mutuo
602 2482 651 2512 se
683 2467 936 2526 expellunt;
968 2478 1014 2512 et
1043 2479 1226 2527 propter
1247 2468 1337 2512 hoc
1364 2478 1546 2527 oportet
1577 2482 1716 2513 omne
1738 2468 1861 2527 quod
1883 2481 2083 2511 corrum-

2 2531 15 2552 *
34 2540 48 2594 '2
129 2535 249 2595 pitur
272 2548 354 2594 per
378 2548 442 2589 se,
467 2533 542 2579 vel
565 2534 734 2579 habere
752 2535 1046 2589 contrarium,
1062 2534 1138 2579 vel
1154 2548 1252 2580 esse
1279 2549 1333 2579 ex
1350 2536 1587 2580 contrariis
1617 2535 1940 2594 compositum.
1963 2533 2082 2578 Neu-

127 2610 249 2647 trum
281 2611 436 2647 autem
470 2602 639 2646 horum
670 2601 931 2646 substantiis
960 2601 1343 2647 intellectualibus
1376 2603 1605 2656 convenit,
1638 2604 1766 2661 cujus
1799 2602 1981 2661 signum
2014 2610 2082 2645 est

0 2673 65 2729 {5
127 2668 234 2729 quia
255 2669 306 2713 in
334 2667 569 2713 intellectu
601 2682 656 2713 ea
688 2670 826 2714 etiam
862 2683 978 2727 quae
1010 2670 1262 2714 secundum
1297 2684 1430 2714 suam
1461 2680 1672 2714 naturam
1703 2679 1809 2715 sunt
1839 2667 2080 2721 contraria,

0 2738 4 2779 :3
126 2734 338 2782 desinunt
362 2750 461 2782 esse
487 2735 727 2782 contraria.
755 2736 926 2780 Album
953 2737 1091 2791 enim,
1117 2747 1163 2781 et
1193 2738 1377 2795 nigrum
1402 2737 1449 2781 in
1466 2736 1700 2781 intellectu
1725 2751 1820 2781 nou
1845 2746 1951 2781 sunt
1977 2753 2083 2783 con-

43 2819 88 2866 «ᾗ,
122 2803 285 2858 traria3
308 2817 404 2848 non
440 2805 563 2848 enim
601 2817 649 2848 se
682 2802 924 2862 expellunt,
962 2804 1108 2847 immo
1142 2804 1289 2862 magis
1321 2818 1370 2848 se
1401 2813 1765 2862 consequuntur;
1796 2817 1876 2862 per
1910 2804 2083 2851 intelle-

0 2870 2 2896 ἕ
50 2869 81 2925 [J
120 2880 249 2915 ctum
275 2870 397 2915 enim
430 2870 563 2914 unius
596 2884 757 2914 eorum
791 2869 1057 2928 intelligitur
1093 2870 1227 2915 aliud.
1266 2870 1554 2915 Substantiae
1584 2871 1721 2929 igitur
1751 2870 2080 2918 intellectuales

123 2950 219 2982 unu
241 2947 348 2982 sunt
373 2936 689 2997 corruptibiles
714 2951 795 2996 per
819 2951 881 2981 se.
907 2937 1127 2982 Similiter
1154 2948 1307 2982 autem
1333 2952 1480 2997 neque
1507 2952 1586 2997 per
1609 2938 1844 2982 accidens:
1867 2939 1932 2983 sic
1956 2939 2080 2984 enim

0 3020 2 3067 j
124 3013 475 3064 corrumpuntur
507 3004 774 3058 accidentia,
807 3015 850 3049 et
874 3004 1050 3049 formae
1082 3018 1177 3049 non
1208 3005 1515 3050 subsistentes.
1545 3005 1798 3051 Ostensum
1833 3015 1901 3050 est
1927 3015 2081 3051 autem

19 3096 25 3136 3
56 3110 76 3130 „
126 3084 262 3131 supra
285 3071 346 3129 (c.
378 3070 483 3129 51.),
509 3071 632 3130 quod
664 3071 939 3116 substantiae
964 3070 1295 3116 intellectuales
1326 3081 1431 3117 sunt
1456 3072 1763 3118 subsistentes.
1797 3071 1913 3117 Sunt
1942 3073 2081 3132 igitur

34 3148 77 3214 32³
120 3137 311 3182 omnino
336 3137 716 3197 incorruptibiles.

208 3203 400 3249 Adhuc:
438 3205 668 3263 corruptio
705 3215 774 3249 est
808 3205 1001 3250 mutatio
1035 3205 1276 3264 quaedam,
1309 3220 1448 3264 quam
1485 3215 1665 3265 oportet
1702 3220 1800 3251 esse
1832 3209 2080 3253 terminum

122 3278 288 3324 motus,
320 3280 369 3314 ut
393 3270 441 3315 in
466 3272 625 3329 quinto
651 3272 789 3331 Phys.
816 3273 868 3330 (t.
888 3286 926 3316 c.
947 3273 1010 3330 7.)
1048 3282 1115 3317 est
1150 3273 1416 3330 probatum:
1444 3274 1563 3317 unde
1590 3283 1771 3332 oportet
1793 3274 1915 3332 quod
1938 3289 2078 3321 omne

18 3359 75 3401 2-'2
121 3336 249 3396 quod
269 3337 587 3395 corrumpitur,
612 3347 865 3382 moveatur.
886 3339 1137 3384 Ostensum
1156 3350 1308 3384 autem
1332 3340 1461 3384 estin
1487 3339 1766 3384 naturalibus
1790 3342 1939 3399 (sexto
1959 3341 2079 3401 Phy-

119 3403 200 3448 sic.
223 3413 255 3449 t.
289 3417 328 3448 c.
353 3401 460 3462 36.)‚
491 3404 614 3462 quod
645 3418 784 3450 omne
817 3406 940 3464 quod
977 3416 1187 3450 movetur
1229 3416 1297 3450 est
1328 3420 1507 3464 corpus.
1543 3407 1744 3465 Oportet
1767 3407 1905 3466 igitur
1936 3421 2076 3454 omne

22 3530 66 3550 δ
120 3470 243 3529 quod
268 3471 571 3528 corrumpitur
605 3484 704 3515 esse
730 3485 909 3530 corpus,
934 3473 973 3516 si
1006 3487 1086 3532 per
1112 3487 1160 3517 se
1183 3482 1523 3531 corrumpatur;
1550 3473 1623 3518 vel
1650 3473 1851 3532 aliquam
1876 3474 2078 3521 formam

120 3548 206 3581 seu
224 3536 440 3582 virtutem
463 3537 666 3596 corporis
694 3550 720 3581 a
746 3552 937 3598 corpore
963 3540 1312 3599 dependentem,
1338 3540 1378 3583 si
1402 3550 1718 3598 corrumpatur
1744 3555 1825 3601 per
1851 3542 2075 3588 accidens.

119 3600 408 3649 Substantiae
429 3613 584 3649 autem
600 3603 935 3651 intellectuales
950 3620 1046 3650 non
1063 3615 1166 3651 sunt
1184 3620 1394 3665 corpora,
1410 3620 1559 3666 neque
1580 3608 1780 3662 virtutes,
1800 3622 1881 3654 seu
1895 3607 2075 3656 formae
