2332 3854
286 205 394 260 230
953 206 1109 245 LIBER
1147 206 1202 243 11.
1246 206 1366 244 CAP.
1407 206 1568 246 LXXV·

286 307 475 351 ultimus
510 307 557 351 in
594 307 753 351 ordine
794 306 1147 366 intelligibilium
1190 307 1570 363 substantiarum;
1612 322 1728 368 quae
1760 309 1959 369 quidem,
1996 307 2247 355 secundum

286 374 452 433 ipsum,
475 384 578 418 sunt
598 374 762 433 plures.

376 441 475 484 Nec
503 450 654 498 potest
685 440 775 484 dici
807 440 915 498 quin
949 439 1127 498 aliquae
1159 440 1446 499 superiorum
1479 442 1831 487 substantiarum
1865 442 2063 488 habeant
2097 442 2252 501 cogni-

287 508 462 551 tionem
477 522 636 551 eorum
655 521 770 565 quae
788 505 1044 550 intellectus
1062 506 1289 564 possibilis
1303 509 1556 565 cognoscit.
1574 509 1626 552 In
1645 509 1899 553 motoribus
1917 510 2040 554 enim
2054 509 2250 564 orbium,

287 584 335 618 ut
366 574 462 632 ipse
488 566 632 617 ‘etiam
666 573 787 626 dicit,
821 583 925 616 sunt
955 572 1132 616 formae
1165 586 1325 617 eorum
1359 588 1475 632 quae
1513 585 1757 619 causantur
1787 589 1867 634 per
1899 575 2021 619 orbis
2053 585 2248 621 motum.

287 641 453 684 Adhuc
480 641 615 697 igitur
642 639 909 694 remanebit,
935 638 1043 683 licet
1067 638 1325 684 intellectus
1350 641 1579 699 possibilis
1604 642 1662 686 sit
1684 657 1814 696 unus,
1841 641 1964 701 quod
1988 641 2165 691 formae
2185 642 2249 687 in-

286 706 544 764 telligibiles
573 705 928 763 multiplicentur
954 706 1001 749 in
1028 706 1215 751 diversis
1241 707 1557 752 intellectibus

375 773 504 817 Licet
542 782 695 815 autem
729 772 973 816 dixerimus
1006 773 1128 831 quod
1161 774 1335 832 species
1373 774 1671 833 intelligibilis
1702 775 1750 819 in
1780 774 2014 821 intellectu
2045 774 2249 834 possibili

286 849 469 898 recepta
494 853 588 882 non
616 839 673 882 sit
699 839 820 897 quod
847 838 1127 898 intelligitur,
1154 840 1234 884 sed
1261 855 1352 899 quo
1378 841 1658 900 intelligitur,
1684 856 1778 886 non
1803 852 1959 887 tamen
1991 851 2253 887 removetur

286 907 408 964 quin,
435 920 514 964 per
545 905 841 950 reflexionem
873 907 1136 965 quamdam,
1169 906 1426 952 intellectus
1461 909 1661 967 seipsum
1693 908 1918 968 intelligat
1947 918 1992 954 et
2023 923 2156 954 suum
2188 909 2253 952 in-

283 971 491 1029 telligere
525 982 568 1016 et
600 973 802 1031 speciem
835 987 924 1031 qua
955 972 1179 1031 intelligit.
1215 973 1359 1018 Suum
1395 985 1548 1019 autern
1578 975 1834 1035 intelligere
1865 975 2079 1035 intelligit
2110 975 2251 1034 dupli·

286 1039 414 1083 citer:
433 1053 525 1083 uno
545 1039 704 1093 modo,
723 1040 769 1082 in
790 1039 1076 1098 particulari;
1103 1039 1315 1099 intelligit
1340 1041 1463 1084 enim
1482 1055 1529 1085 se
1551 1056 1671 1086 nunc
1690 1041 1966 1101 intelligere;
1983 1042 2076 1086 alio
2091 1042 2250 1098 mode,

285 1106 330 1148 in
364 1106 624 1160 universali,
651 1107 904 1151 secundum
933 1107 1055 1165 quod
1087 1107 1384 1151 ratiocinatur
1411 1107 1466 1153 de
1498 1108 1638 1166 ipsius
1673 1118 1799 1153 actus
1831 1118 2007 1153 natura.
2038 1107 2174 1152 Unde
2206 1118 2251 1152 et

283 1172 567 1217 intellectum
600 1183 645 1218 et
676 1174 876 1232 speciem
915 1172 1252 1232 intelligibilem
1289 1173 1503 1233 intelligit
1539 1176 1703 1219 eodem
1737 1176 1879 1220 modo
1914 1174 2172 1235 dupliciter:
2205 1184 2251 1220 et

283 1240 577 1299 percipiendo
610 1254 658 1284 se
692 1254 791 1284 esse
824 1250 869 1284 et
899 1240 1068 1285 habere
1103 1241 1304 1298 speciem
1336 1241 1686 1299 intelligibilem,
1719 1241 1842 1301 quod
1869 1251 1937 1286 est
1969 1255 2252 1300 cognoscere

282 1307 328 1350 in
354 1307 634 1364 particulari3
669 1317 714 1351 et
740 1307 1074 1351 considerando
1108 1321 1239 1352 suam
1273 1316 1316 1352 et
1347 1308 1518 1367 speciei
1548 1307 1846 1367 intelligibilis
1870 1318 2096 1363 naturam,
2125 1307 2250 1367 quod

283 1383 351 1418 est
377 1388 659 1432 cognoscere
690 1375 737 1418 in
769 1374 1039 1431 universali3
1070 1384 1114 1419 et
1146 1374 1399 1419 secundum
1431 1375 1523 1419 hoc
1556 1375 1612 1420 de
1644 1374 1881 1420 intellectu
1906 1385 1952 1420 et
1976 1374 2252 1436 intelligibili

282 1450 500 1485 tractatur
525 1442 572 1485 in
605 1442 820 1486 scientiis.

371 1508 459 1552 Per
484 1509 598 1553 haec
626 1519 780 1553 autern
807 1522 922 1568 quae
951 1508 1072 1552 dicta
1098 1519 1202 1553 sunt
1229 1518 1273 1552 et
1298 1508 1458 1553 tertiae
1480 1509 1669 1553 rationis
1695 1518 1885 1568 apparet
1903 1507 2088 1553 solutio.
2107 1507 2250 1562 Quod

283 1575 406 1619 enim
434 1576 543 1620 dicit
568 1576 806 1620 scientiam
832 1577 878 1619 in
904 1575 1128 1635 discipulo
1156 1586 1201 1620 et
1225 1576 1271 1620 in
1298 1577 1518 1634 magistro
1552 1590 1649 1620 esse
1682 1589 1876 1620 numero
1903 1589 2059 1632 unam,
2083 1575 2251 1635 partim

281 1643 467 1701 quidem
489 1658 596 1687 vere
618 1643 794 1697 dicitur,
821 1643 986 1701 partim
1017 1652 1171 1686 autem
1199 1657 1315 1698 non3
1343 1653 1410 1686 est
1444 1640 1567 1687 enim
1594 1645 1787 1687 numero
1819 1657 1908 1687 una
1941 1651 2162 1701 quantum
2194 1642 2251 1686 ad

282 1710 327 1754 id
362 1710 485 1769 quod
517 1710 670 1764 scitur,
702 1725 798 1754 non
829 1720 986 1754 tamen
1018 1719 1238 1768 quantum
1272 1710 1328 1753 ad
1361 1711 1534 1768 species
1565 1709 1872 1767 intelligibiles
1905 1709 2066 1769 quibus
2097 1708 2250 1763 scitur,

281 1791 429 1835 neque
456 1787 677 1836 quantum
705 1777 760 1820 ad
785 1777 938 1836 ipsum
965 1777 1182 1821 scientiae
1208 1777 1429 1822 habitum.
1445 1776 1551 1820 Non
1573 1786 1729 1820 tamen
1745 1785 1929 1835 oportet
1945 1775 2067 1835 quod
2084 1775 2250 1821 eodem

282 1845 424 1888 modo
451 1845 670 1902 magister
693 1853 848 1888 causet
873 1844 1110 1887 scientiam
1137 1844 1184 1888 in
1211 1843 1434 1902 discipulo
1458 1844 1574 1887 sicut
1595 1843 1712 1902 ignis
1736 1853 1926 1901 generat
1949 1843 2127 1902 ignem;
2151 1856 2248 1886 non

282 1912 407 1956 enim
433 1907 556 1954 idem
590 1921 658 1955 est
689 1910 855 1955 modus
882 1924 1044 1954 eorum
1077 1924 1194 1969 quae
1227 1925 1253 1954 a
1283 1921 1446 1954 natura
1478 1919 1750 1968 generantur
1776 1919 1821 1953 et
1852 1923 2012 1954 eorum
2045 1921 2162 1968 quae
2195 1908 2249 1952 ab

283 1989 391 2022 arte.
420 1978 542 2037 Ignis
565 1977 751 2036 quidem
769 1987 958 2036 generat
974 1977 1131 2038 ignem
1153 1976 1419 2021 naturaliter
1434 1976 1695 2020 reducendo
1714 1976 1954 2020 materiam
1973 1975 2028 2020 de
2045 1975 2250 2035 potentia

281 2048 326 2090 in
356 2055 509 2089 actum
537 2059 646 2089 suae
672 2043 874 2098 formae3
904 2043 1122 2102 magister
1147 2058 1257 2088 vero
1286 2053 1443 2087 causat
1470 2043 1709 2087 scientiam
1735 2043 1783 2086 in
1809 2041 2032 2102 discipulo
2054 2056 2134 2102 per
2150 2055 2250 2086 mo-

281 2113 389 2156 dum
420 2113 548 2168 artis;
581 2112 636 2155 ad
663 2111 753 2155 hoc
782 2113 905 2156 enirn
933 2111 1064 2155 datur
1092 2125 1163 2155 ars
1190 2111 1564 2164 demonstrativa,
1583 2125 1722 2169 quam
1744 2109 2016 2155 Aristoteles
2034 2109 2080 2153 in
2098 2109 2248 2168 primo

280 2180 455 2223 Poster.
483 2180 534 2238 (t.
564 2193 602 2224 c.
632 2179 692 2236 ς.)
719 2178 854 2223 tradit
864 2194 875 2232 ;
903 2178 1233 2222 demonstratio
1262 2178 1385 2222 enirn
1405 2187 1474 2222 est
1500 2177 1795 2236 syllogismus
1821 2176 1994 2222 faciens
2019 2176 2149 2222 scire.

370 2247 619 2291 Sciendum
641 2256 798 2291 tamen
824 2246 962 2305 quod,
989 2246 1242 2290 secundum
1273 2245 1394 2304 quod
1420 2244 1691 2289 Aristoteles
1723 2244 1769 2287 in
1792 2254 1958 2288 octavo
1990 2243 2247 2303 Metaphys.

281 2315 331 2372 (t.
351 2329 389 2357 c.
409 2315 502 2373 29.)
522 2314 669 2367 docet,
699 2313 864 2357 artium
881 2313 1108 2372 quaedam
1127 2322 1231 2357 sunt
1247 2312 1293 2355 in
1315 2326 1509 2371 quarum
1529 2311 1719 2355 materia
1735 2324 1829 2355 non
1847 2320 1916 2355 est
1931 2310 2116 2370 aliquod
2133 2310 2251 2370 prin·

281 2381 450 2440 cipium
469 2395 608 2439 agens
635 2380 690 2424 ad
718 2379 932 2424 effectum
960 2380 1064 2423 artis
1091 2379 1454 2438 producendum,
1472 2378 1590 2422 sicut
1610 2387 1734 2437 patet
1753 2378 1800 2421 in
1819 2376 2125 2432 aedificativa;
2150 2390 2246 2421 non

281 2449 404 2493 enirn
422 2458 488 2492 est
509 2450 555 2492 in
581 2447 718 2506 lignis
745 2457 789 2491 et
814 2447 1038 2506 lapidibus
1067 2447 1217 2505 aliqua
1238 2447 1307 2489 vis
1335 2446 1482 2489 activa
1500 2459 1693 2489 movens
1712 2445 1767 2488 ad
1785 2445 1950 2489 domus
1968 2444 2250 2489 constitutio·

279 2529 402 2569 nem,
421 2515 498 2559 sed
525 2514 728 2573 aptitudo
755 2515 936 2573 passiva
958 2523 1150 2558 tanturn.
1170 2513 1336 2571 Aliqua
1353 2526 1463 2556 vero
1483 2522 1550 2556 est
1574 2527 1642 2556 ars
1669 2513 1714 2555 in
1733 2513 1860 2571 cujus
1877 2511 2069 2556 materia
2090 2521 2158 2556 est
2173 2510 2250 2555 ali-

279 2582 402 2642 quod
416 2582 615 2626 activum
631 2582 904 2640 principium
926 2595 1117 2625 movens
1132 2580 1187 2624 ad
1201 2579 1548 2639 producendum
1568 2578 1781 2624 effectum
1795 2579 1915 2633 artis,
1928 2579 2046 2624 sicut
2062 2587 2185 2638 patet
2200 2578 2248 2622 in

280 2650 575 2703 medicativa3
596 2663 705 2693 nam
731 2650 777 2692 in
804 2663 996 2707 corpore
1025 2647 1207 2692 infirmo
1226 2658 1293 2692 est
1321 2647 1502 2706 aliquod
1529 2647 1729 2691 activum
1756 2645 2031 2706 principium
2059 2645 2115 2690 ad
2133 2645 2248 2690 sani-

278 2728 434 2762 tatem.
462 2717 518 2761 Et
542 2717 645 2761 ideo
674 2715 889 2761 effectum
922 2716 1028 2760 artis
1061 2716 1196 2774 primi
1230 2715 1407 2773 generis
1438 2728 1675 2772 nunquam
1707 2713 1917 2773 producit
1947 2723 2136 2767 natura;
2166 2712 2246 2757 sed

279 2799 460 2844 semper
484 2784 535 2828 fit
561 2784 614 2827 ab
644 2793 753 2838 arte,
786 2785 903 2827 sicut
934 2783 1099 2835 domus
1133 2783 1283 2826 omnis
1318 2792 1386 2826 est
1418 2782 1471 2825 ab
1505 2792 1612 2826 arte.
1647 2780 1847 2826 Effectus
1880 2790 2031 2825 autem
2059 2779 2248 2825 secundi

280 2852 458 2911 generis
484 2851 534 2895 fit
559 2861 603 2895 et
629 2851 682 2894 ab
706 2860 814 2904 arte,
833 2860 878 2895 et
905 2865 929 2894 a
955 2859 1117 2894 natura
1144 2850 1240 2894 sine
1269 2859 1386 2903 arte3
1416 2848 1548 2892 multi
1570 2849 1708 2902 enim,
1730 2862 1810 2907 per
1837 2848 2152 2907 operationem
2172 2860 2248 2892 na-

277 2929 422 2973 turae,
447 2920 543 2963 sine
585 2928 678 2962 arte
705 2911 961 2962 medicinae
988 2926 1217 2961 sanantur.
1244 2917 1296 2960 In
1323 2917 1393 2960 his
1421 2926 1574 2960 autem
1601 2930 1717 2974 quae
1743 2914 2062 2975 possunt'fieri
2086 2924 2133 2960 et
2153 2924 2247 2959 arte

281 2997 326 3032 et
349 2997 524 3039 natura,
548 2999 618 3029 ars
646 2987 848 3028 imitatur
873 2994 1106 3037 naturam3
1135 2984 1170 3028 si
1199 2984 1298 3042 quis
1323 2983 1444 3026 enim
1471 2997 1522 3026 ex
1545 2982 1707 3041 frigida
1728 2996 1865 3027 causa
1885 2981 2152 3035 infirmetur,
2172 2995 2250 3025 na-

278 3063 378 3097 tura
406 3067 512 3097 eum
539 3051 849 3095 calefaciendo
878 3061 1030 3105 sanat3
1055 3051 1173 3095 unde
1213 3061 1256 3094 et
1289 3049 1510 3102 medicuS,
1544 3050 1579 3093 si
1608 3064 1713 3093 eum
1741 3062 1898 3093 curare
1931 3048 2106 3103 debeat,
2134 3046 2244 3092 cale-

277 3120 488 3167 faciendo
517 3129 660 3164 sanat.
679 3119 796 3162 Huic
817 3129 970 3163 autem
994 3118 1077 3162 arti
1093 3117 1254 3161 similis
1272 3127 1339 3161 est
1356 3131 1425 3160 ars
1444 3116 1660 3170 docendi;
1677 3116 1724 3160 in
1737 3129 1793 3160 eo
1812 3115 1935 3160 enim
1953 3115 2031 3175 qui
2052 3115 2244 3160 docetur

280 3199 347 3233 est
372 3187 644 3246 principium
672 3186 872 3230 activum
906 3185 961 3229 ad
995 3184 1249 3237 scientiam,
1282 3182 1458 3227 scilicet
1484 3182 1754 3237 intellectus,
1781 3193 1826 3227 et
1846 3196 1900 3227 ea
1925 3195 2041 3242 quae
2067 3191 2245 3227 natura-

277 3255 380 3299 liter
411 3253 737 3312 intelliguntur,
770 3253 943 3297 scilicet
975 3252 1121 3311 prima
1153 3251 1396 3310 principia3
1425 3261 1467 3294 et
1494 3250 1597 3294 ideo
1625 3250 1814 3295 scientia
1837 3249 2083 3309 acquiritur
2107 3248 2247 3308 dupli-

280 3324 414 3375 citer3
441 3331 484 3365 et
509 3321 605 3365 sine
640 3320 846 3364 doctrina
872 3334 951 3378 per
975 3318 1304 3371 inventionem,
1324 3327 1366 3361 et
1390 3331 1468 3375 per
1494 3317 1764 3361 doctrinam.
1787 3316 1973 3362 Docens
1995 3316 2131 3376 igitur
2153 3316 2245 3362 hoc

279 3389 419 3432 modo
447 3387 601 3447 incipit
623 3387 790 3432 docere
816 3387 934 3431 sicut
965 3385 1201 3430 inveniens
1233 3384 1392 3442 incipit
1423 3384 1640 3438 invenire,
1668 3382 1904 3430 offerendo
1936 3382 2110 3429 scilicet
2130 3396 2244 3428 con·

279 3455 541 3500 siderationi
573 3454 782 3513 discipuli
814 3453 1034 3513 principia
1067 3453 1120 3496 ab
1155 3466 1210 3496 eo
1243 3461 1377 3505 nota3
1411 3451 1515 3509 quia
1556 3451 1707 3495 omnis
1749 3449 1988 3510 disciplina
2017 3460 2063 3495 et
2092 3450 2244 3495 omnis

278 3522 467 3567 scientia
494 3536 547 3565 ex
573 3522 917 3580 praeexsistenti
943 3520 992 3564 fit
1018 3519 1297 3578 cognitione,
1325 3528 1369 3562 et
1395 3517 1472 3561 illa
1499 3518 1720 3577 principia
1746 3517 1792 3561 in
1826 3515 2146 3563 conclusiones
2171 3516 2247 3562 de·

279 3589 503 3642 ducendo,
531 3600 574 3632 et
606 3588 905 3648 proponendo
932 3586 1139 3647 exempla
1163 3585 1393 3631 sensibilia
1421 3599 1473 3629 ex
1497 3585 1658 3644 quibus
1680 3585 1726 3629 in
1753 3584 1907 3629 anima
1928 3582 2137 3644 discipuli
2158 3582 2245 3628 sor-

2324 3639 2332 3761 ξ

2317 3762 2332 3854 ἒ
