2332 3854
805 207 961 246 mma
999 205 1055 244 11.
1098 205 1219 245 CAP.
1259 204 1368 243 xm.
1959 188 2057 257 169

29 320 44 329 ³
102 307 256 353 cidens
280 306 438 352 incidit
461 306 508 351 in
542 305 774 351 effectibus
801 321 1056 352 causarum.
1081 307 1189 351 Non
1214 307 1352 366 igitur
1384 315 1452 350 est
1481 318 1653 365 ponere
1685 319 1828 350 unum
1863 306 2061 364 primum

99 374 372 436 principium
404 373 613 418 omnium
638 373 883 419 malorum.

47 484 51 489 ,
188 441 453 485 Praeterea:
482 440 815 484 contrariorum
844 441 1077 500 agentium
1105 451 1207 485 sunt
1226 439 1480 485 contrariae
1498 439 1714 484 actiones.
1739 438 1912 483 Eorum
1927 437 2064 497 igitur

44 534 62 565 ·.
101 521 218 568 quae
244 520 324 566 per
348 521 488 551 unam
515 506 743 552 actionem
771 507 1081 566 producuntur
1105 521 1200 551 non
1225 516 1330 552 sunt
1350 505 1563 566 ponenda
1580 506 1800 566 principia
1823 504 2063 549 contraria.

47 603 49 606 -
102 575 285 620 Bonum
311 583 462 618 autem
491 583 535 619 et
560 572 735 617 malum
768 573 931 618 eadem
958 574 1137 618 actione
1164 573 1489 633 producuntur.
1516 573 1690 617 Eadem
1724 572 1845 617 enim
1884 571 2064 615 actione

40 648 48 693 f
101 655 220 701 aqua
256 640 573 699 corrumpitur,
602 649 646 685 et
672 643 748 684 aer
784 650 1038 699 generatur.
1077 641 1186 684 Non
1227 650 1332 685 sunt
1361 640 1497 700 igitur
1537 649 1722 700 propter
1762 637 2065 683 differentiam

36 706 46 749 -Ῑ
99 708 211 753 boni
236 717 287 752 et
305 707 413 752 mali
439 707 487 751 in
512 707 644 751 rebus
669 706 903 751 inventam
935 707 1147 765 ponenda
1179 707 1400 766 principia
1433 707 1678 752 contraria.

190 774 423 833 Amplius:
446 773 567 834 quod
591 774 782 818 omnino
809 787 903 818 non
927 784 1007 827 est,
1030 788 1114 817 nec
1131 774 1320 827 bonum,
1339 789 1424 818 nec
1445 774 1618 818 malum
1646 784 1736 828 est;
1762 771 1884 833 quod
1912 780 2063 816 autem

31 857 36 869 ‘
101 851 186 896 est,
209 842 256 886 in
272 851 492 900 quantum
515 851 600 894 est,
623 841 797 885 bonum
823 851 904 894 est,
931 851 980 884 ut
1005 850 1241 885 ostensum
1268 850 1335 885 est
1360 840 1520 900 (paulo
1548 839 1688 898 ante).
1713 840 1909 899 Oportet
1930 839 2066 897 igitur

37 956 39 958 ,
103 906 278 952 malum
309 921 409 952 esse
441 906 608 966 aliquid
640 907 686 951 in
713 917 935 966 quantum
968 916 1033 951 est
1059 921 1153 951 non
1181 921 1282 961 ens;
1309 907 1399 951 hoc
1428 917 1579 952 autem
1613 918 1680 952 est
1705 921 1785 952 ens
1817 907 2064 965 privatum:

32 986 37 1018 ³
102 973 277 1020 malum
302 974 452 1033 igitur,
473 974 520 1018 in
547 984 767 1033 quantum
793 973 1073 1033 hujusmodi,
1097 983 1164 1018 est
1190 987 1269 1018 ens
1296 974 1538 1032 privatum,
1562 983 1604 1018 et
1625 974 1775 1034 ipsum
1801 973 1977 1018 malum
1999 981 2067 1017 est

12 1080 18 1095 ἵ
100 1041 200 1102 ipsa
230 1041 437 1100 privatio.
464 1041 662 1086 Privatio
690 1051 844 1085 autem
868 1055 962 1085 non
994 1041 1131 1085 habet
1157 1054 1343 1084 causam
1365 1054 1443 1100 per
1470 1055 1518 1085 se
1545 1050 1773 1100 agentem,
1799 1042 1904 1100 quia
1927 1053 2066 1084 omne

84 1121 243 1168 agens
269 1108 363 1167 agit
390 1107 439 1152 in
460 1117 680 1167 quantum
705 1108 844 1152 habet
865 1106 1086 1161 formam3
1114 1117 1159 1152 et
1182 1108 1247 1152 sic
1272 1117 1454 1167 oportet
1475 1122 1554 1166 per
1579 1122 1628 1152 se
1655 1107 1870 1153 effectum
1892 1106 2071 1166 agentis

12 1187 39 1233 >2
104 1188 203 1221 esse
227 1175 401 1219 habens
417 1173 630 1228 formam,
650 1189 756 1219 cum
775 1188 915 1233 agens
933 1185 1039 1233 agat
1055 1174 1139 1219 sibi
1156 1173 1318 1228 simile,
1336 1174 1424 1219 nisi
1441 1189 1520 1234 per
1538 1175 1763 1219 accidens.
1781 1174 2069 1233 Relinquitur

102 1242 243 1301 igitur
276 1242 399 1301 quod
424 1240 598 1286 malum
626 1256 719 1286 non
744 1242 883 1286 habet
914 1256 1099 1286 causam
1126 1255 1205 1301 per
1231 1255 1278 1286 se
1305 1242 1533 1300 agentem,
1565 1241 1644 1286 sed
1669 1242 1829 1286 incidit
1849 1255 1928 1301 per
1954 1240 2069 1286 acci-

13 1302 36 1374 ξζῖ
103 1309 215 1356 dens
239 1308 287 1352 in
313 1307 547 1353 effectibus
574 1323 814 1354 causarum
841 1323 920 1368 per
946 1323 993 1353 se
1020 1309 1267 1368 agentium.
1293 1309 1400 1353 Non
1428 1319 1496 1353 est
1520 1309 1657 1367 igitur
1682 1323 1826 1353 unum
1851 1308 2066 1366 primum,

103 1385 149 1421 et
172 1389 252 1435 per
282 1389 331 1420 se
356 1375 586 1420 malorum
627 1375 916 1435 principium,
949 1375 1027 1420 sed
1058 1375 1258 1434 primum
1291 1375 1500 1419 omnium
1527 1375 1800 1435 principium
1833 1384 1900 1419 est
1924 1389 2066 1419 unum

43 1459 46 1461 “
100 1442 520 1503 Ρῐὶῐῐιιιωμδοιωιῃ,
552 1444 597 1487 in
631 1443 758 1501 cujus
791 1441 1024 1487 effectibus
1051 1442 1344 1501 consequitur
1371 1442 1545 1486 malurn
1578 1456 1658 1502 per
1684 1442 1908 1487 accidens.

195 1508 314 1553 Hinc
341 1519 408 1553 est
433 1509 556 1568 quod
583 1509 692 1568 (Isa.
718 1508 860 1553 XLV.
893 1508 935 1553 6.
968 1518 1012 1553 et
1039 1508 1101 1567 7.)
1129 1509 1315 1553 dicitur:
1342 1510 1429 1567 Ego
1453 1510 1675 1564 Dominus,
1708 1515 1744 1554 et
1769 1525 1852 1554 non
1881 1515 1939 1554 est
1963 1508 2070 1554 alter

15 1574 41 1618 ‘³1
101 1575 244 1631 Deus,
259 1576 458 1635 formans
482 1576 614 1621 lucem
638 1583 675 1622 et
696 1590 840 1621 creans
862 1577 1046 1621 tenebras
1056 1591 1072 1628 ;
1093 1577 1257 1634 faciens
1275 1583 1438 1635 pacem,
1462 1583 1500 1621 et
1522 1591 1665 1621 creans
1685 1577 1873 1622 malum:
1896 1590 1965 1634 ego
1983 1576 2071 1620 Do-

14 1653 54 1693 ᾗ
102 1643 240 1689 minus
254 1643 419 1702 faciens
449 1644 592 1693 omnia
617 1644 742 1696 haec;
771 1653 815 1688 et
842 1642 1003 1701 (Eccli.
1027 1643 1105 1686 XI.
1139 1642 1251 1699 14.):
1280 1644 1399 1688 Bona
1420 1649 1457 1688 et
1481 1643 1611 1697 mala,
1638 1645 1732 1688 vita
1756 1650 1793 1688 et
1817 1658 1945 1697 mors,
1964 1650 2071 1702 pau-

15 1703 43 1776 ΒΓ
99 1716 242 1770 pertas
261 1716 298 1755 et
324 1709 508 1755 honestas
529 1724 556 1754 a
581 1711 673 1755 Deo
699 1716 818 1763 sunt‚·
839 1718 882 1754 et
899 1710 968 1768 (in
994 1710 1159 1754 eodem
1186 1710 1397 1754 XXXIII.
1422 1710 1534 1768 15.):
1557 1711 1718 1756 Contra
1734 1710 1894 1755 malum
1917 1711 2069 1754 bonnm

32 1771 46 1814 ’ἶ
103 1782 173 1831 est,
199 1782 239 1822 et
262 1782 409 1822 contra
437 1778 575 1821 vitam
605 1791 744 1822 mors:
776 1778 833 1822 sic
865 1783 904 1821 et
929 1784 1077 1822 contra
1108 1778 1254 1821 virum
1271 1780 1430 1835 justum
1450 1784 1650 1837 peccator
1659 1793 1677 1831 ,⁴
1704 1783 1742 1823 et
1760 1779 1819 1822 sic
1844 1779 2003 1822 intuere
2024 1778 2070 1820 in

14 1850 48 1890 ·ῗ’
105 1844 249 1888 omnia
281 1851 406 1903 opera
437 1843 657 1898 Altissimi,
685 1842 764 1888 duo
788 1850 934 1888 contra
965 1843 1062 1897 duo,
1089 1858 1219 1888 unum
1252 1849 1399 1888 contra
1424 1860 1570 1890 unum.

11 1949 15 1972 5
40 1906 45 1914 ’
193 1910 373 1956 Dicitur
399 1921 553 1955 autem
577 1911 704 1955 Deus
730 1910 880 1955 facere
906 1910 1042 1965 mala,
1079 1910 1152 1955 vel
1187 1925 1355 1965 creare,
1382 1912 1428 1955 in
1455 1921 1676 1970 quantum
1708 1921 1832 1956 creat
1856 1925 1926 1966 ea,
1953 1924 2069 1970 quae

9 1975 39 2039 ‚s
106 1977 359 2024 secundum
383 1991 432 2024 se
456 1977 579 2023 bona
604 1988 723 2032 sunt,
756 1987 801 2022 et
825 1988 983 2022 tamen
1009 1977 1108 2022 aliis
1135 1987 1239 2022 sunt
1260 1978 1450 2033 nociva;
1474 1979 1591 2023 sicut
1615 1978 1763 2038 lupus,
1790 1978 1999 2038 quamvis
2022 1977 2070 2022 in

18 2046 30 2085 -T
106 2058 189 2090 sua
213 2044 365 2104 specie
390 2044 624 2105 quoddam
648 2045 822 2089 bonum
853 2054 1042 2090 naturae
1080 2045 1151 2099 sit,
1191 2055 1347 2089 tamen
1374 2046 1451 2090 ovi
1483 2055 1551 2090 est
1582 2045 1754 2090 malus:
1789 2055 1833 2090 et
1864 2044 2072 2090 similiter

3 2129 42 2174 13
105 2112 224 2172 ignis
242 2126 399 2171 aquae,
415 2111 463 2156 in
480 2122 701 2172 quantum
720 2122 788 2157 est
804 2112 900 2171 ejus
918 2112 1225 2171 corruptivus:
1254 2123 1298 2157 et
1324 2127 1403 2172 per
1421 2112 1620 2158 similem
1638 2113 1831 2157 modum
1849 2121 1917 2157 est
1933 2125 2070 2156 causa

40 2186 51 2211 ’-
106 2178 336 2224 malorum
362 2179 409 2223 in
435 2179 648 2223 omnibus
681 2193 797 2238 quae
828 2193 1003 2238 poenae
1036 2179 1259 2224 dicuntur.
1298 2179 1433 2224 Unde
1474 2180 1638 2224 dicitur
1668 2180 1840 2238 (Amos
1870 2180 1948 2224 111.
1983 2177 2069 2236 6.):

106 2246 153 2292 Sa·
182 2252 239 2292 est
265 2246 423 2290 malum
454 2247 500 2290 in
526 2247 714 2299 civitate,
753 2246 861 2305 quod
891 2247 1005 2291 Deus
1039 2261 1124 2290 non
1141 2247 1292 2305 fecerit
1302 2262 1317 2299 ;
1361 2257 1406 2291 et
1440 2247 1530 2291 hoc
1565 2258 1632 2292 est
1663 2247 1784 2307 quod
1819 2247 2070 2306 Gregorius

45 2315 55 2338 ⁵
100 2313 239 2359 dicit:
268 2329 293 2355 α
319 2311 471 2357 Etiam
497 2312 620 2356 mala
646 2327 761 2372 quae
794 2312 919 2357 nulla
951 2327 1031 2357 sua
1057 2323 1218 2357 natura
1254 2313 1502 2358 subsistunt
1534 2325 1744 2358 creantur
1782 2329 1808 2358 a
1839 2314 2068 2358 Domino:

37 2383 57 2438 j
107 2378 186 2426 sed
212 2392 366 2424 creare
393 2378 516 2423 mala
541 2379 718 2435 dicitur,
753 2394 858 2425 cum
885 2394 956 2425 res
987 2379 1035 2424 in
1061 2394 1109 2425 se
1141 2381 1284 2424 bonas
1316 2391 1506 2434 creatas,
1527 2381 1659 2426 nobis
1683 2380 1804 2426 male
1830 2381 2071 2440 agentibus

48 2455 60 2488 1
105 2446 154 2493 in
178 2445 413 2507 flagellum
438 2445 608 2491 format
633 2464 656 2489 >³
687 2447 840 2505 (tertio
867 2446 1030 2492 Moral.
1059 2462 1097 2492 c.
1131 2462 1171 2507 9.
1202 2458 1246 2493 et
1270 2448 1317 2492 in
1338 2448 1423 2506 Job
1452 2463 1489 2492 c.
1518 2448 1595 2506 2.).

55 2558 59 2571 γ’
195 2513 285 2558 Per
307 2514 400 2558 hoc
423 2522 576 2558 autem
602 2513 855 2559 excluditur
880 2529 1007 2559 error
1027 2515 1296 2574 ponentium
1319 2517 1465 2575 prima
1487 2515 1708 2575 principia
1731 2516 1972 2570 contraria,
1995 2515 2073 2575 qui

36 2597 50 2635 j
109 2593 236 2627 error
265 2580 414 2658 primo
441 2580 610 2640 incepit
637 2580 690 2624 ab
718 2580 1022 2640 Empedocle:
1044 2582 1202 2658 posuit
1229 2582 1353 2626 enim
1380 2582 1471 2627 duo
1502 2583 1649 2642 prima
1676 2582 1898 2642 principia
1933 2597 2071 2642 agen—

108 2647 186 2705 tia,
212 2647 462 2692 amicitiam
487 2658 532 2692 et
555 2646 708 2692 litem:
741 2662 938 2707 quorum
965 2649 1214 2693 amicitiam
1246 2649 1356 2693 dixit
1389 2663 1487 2693 esse
1526 2664 1713 2694 causam
1750 2649 2072 2726 generationis,

0 2757 4 2774 3
44 2714 65 2738 ³
108 2712 236 2761 litem
257 2728 368 2759 vero
396 2714 713 2773 corruptionis.
741 2714 807 2759 Ex
825 2729 915 2774 quo
932 2715 1126 2771 videtur,
1142 2726 1191 2759 ut
1206 2716 1477 2761 Aristoteles
1511 2715 1647 2760 dicit'
1635 2731 1682 2760 m
1699 2717 1849 2794 primo
1871 2717 2071 2776 Metaph.

0 2785 4 2809 ²²
49 2799 56 2839 ςι
98 2782 174 2842 ,(ο
199 2781 281 2839 4),
294 2781 410 2826 haec
433 2781 540 2835 duo,
561 2781 735 2825 bonum
759 2791 803 2826 et
827 2781 1017 2836 malum,
1035 2783 1180 2841 prima
1198 2783 1418 2841 principia
1436 2785 1662 2827 contraria
1678 2784 1899 2842 posuisse.
1914 2783 2075 2828 Posuit

59 2888 73 2908 ,Υ
93 2857 265 2894 <autem
295 2847 582 2907 Pythagoras
607 2848 699 2892 duo
731 2849 967 2908 principia,
1000 2849 1173 2893 bonum
1206 2860 1250 2894 et
1276 2849 1466 2904 malum,
1508 2850 1586 2894 sed
1630 2864 1724 2894 non
1758 2865 1839 2909 per
1881 2849 2073 2894 modum

0 2948 2 2950 ψ
109 2914 436 2975 principiorum
475 2915 723 2974 agentium,
749 2915 828 2960 sed
855 2930 934 2974 per
971 2916 1161 2960 modum
1195 2915 1460 2961 formalium
1487 2917 1831 2976 principiorum.
1867 2916 2075 2961 Ponebat

19 2979 25 2996 ³
50 2983 75 3036 ,Ϊ
110 2981 236 3027 enim
259 2981 377 3027 haec
403 2981 493 3026 duo
521 2995 620 3026 esse
646 2996 830 3041 genera,
856 2982 937 3026 sub
965 2983 1125 3042 quibus
1163 2984 1322 3028 omnia
1355 2983 1441 3028 alia
1481 2983 1994 3044 comprehenderentur,
2026 2992 2076 3028 ut

47 3050 67 3055 “
112 3058 237 3108 patet
258 3062 340 3107 per
364 3047 701 3108 Philosophum
727 3049 774 3093 in
801 3049 950 3109 primo
976 3049 1177 3108 Metaph.
1207 3050 1267 3107 (c.
1300 3051 1374 3108 5.).

23 3117 74 3175 ’,ζ
140 3148 143 3151 μ
199 3113 300 3160 Hos
325 3124 479 3160 autern
506 3115 927 3175 antiquissimorum
954 3116 1340 3175 philosophorum
1367 3131 1559 3172 errores,
1586 3118 1664 3177 qui
1701 3118 1838 3163 etiam
1881 3132 1962 3177 per
2000 3131 2078 3177 po-

113 3180 324 3226 steriores
356 3181 658 3242 philosophos
692 3193 794 3228 sunt
822 3182 1097 3228 sufficienter
1123 3183 1309 3239 exclusi,
1346 3185 1532 3243 quidam
1568 3185 1767 3244 perversi
1802 3198 1963 3229 sensus
1996 3184 2079 3229 ho·

28 3257 86 3308 {21
114 3247 260 3294 mines
286 3248 520 3293 doctrinae
547 3249 819 3295 christianae
846 3250 1093 3309 adjungere
1120 3262 1536 3311 praesumpserunt,
1564 3266 1760 3310 quorum
1794 3252 1966 3311 primus
1993 3250 2077 3296 fuit

22 3313 79 3372 {34
106 3312 347 3363 „Marchius
374 3329 399 3358 a
425 3329 516 3391 quo
548 3315 803 3361 Marchiani
828 3327 932 3361 sunt
958 3317 1086 3362 dicti:
1120 3318 1198 3382 qui
1233 3318 1314 3362 sub
1351 3319 1538 3363 nomine
1567 3319 1815 3363 christiano
1847 3318 2075 3364 haeresim

109 3371 332 3435 3condidit,
365 3381 576 3441 opinatus
601 3382 692 3427 duo
719 3383 802 3428 sibi
829 3383 1016 3428 adversa
1044 3385 1286 3443 principia3
1314 3399 1450 3444 quem
1478 3385 1622 3429 secuti
1644 3395 1751 3430 sunt
1775 3384 2074 3440 Cerdoniani‚

76 3478 79 3481 κ
105 3456 165 3493 ,et
185 3447 481 3507 postmodum
498 3449 868 3509 Marchionistae,
885 3460 930 3495 et
947 3449 1110 3495 ultimo
1127 3450 1401 3506 Manichaei,
1420 3452 1497 3511 qui
1513 3452 1635 3496 hunc
1654 3466 1855 3497 errorem
1873 3451 2073 3497 maxime

70 3552 75 3562 J.
119 3513 404 3564 diffuderunt.
