2332 3854
0 2170 25 2330 ‘ew‘

3 2334 25 2370 (²53
33 2366 37 2373 ἃ

859 281 1016 322 LIBER
1055 283 1126 321 ιν.
1169 282 1289 321 CAP.
1331 282 1384 319 x.
1986 270 2086 339 563

119 389 217 442 ‘⁵e'st,
242 386 413 432 animal
440 394 530 441 est;
557 395 601 430 et
626 384 848 439 similiter,
875 399 1016 444 quum
1034 384 1219 430 dicitur:
1247 383 1460 429 Socrates
1480 391 1546 428 est
1563 383 1723 437 homo,
1741 382 1864 443 quod
1890 397 1995 428 vere
2015 383 2115 429 So?

116 460 280 499 'crates
306 464 388 508 est,
420 453 565 498 homo
599 462 678 497 est.
712 452 779 496 Ex
819 466 909 511 quo
940 451 1119 496 videtur
1158 451 1286 511 sequi
1322 451 1445 510 quod
1481 449 1762 510 impossibile
1794 449 1852 495 sit
1883 465 1937 494 ex
1963 459 2090 508 parte

133 518 442 579 subjectorum
467 519 658 564 inveniri
685 518 1003 578 pluralitatem,
1025 533 1165 578 quum
1182 519 1330 562 unitas
1354 518 1411 562 sit
1428 532 1480 562 ex
1498 526 1623 576 parte
1641 516 1946 562 substantialis
1972 531 2098 576 prae-

133 586 289 641 dicati;
315 601 410 631 non
437 587 558 631 enim
592 585 803 629 Socrates
831 595 875 629 et
906 584 1037 629 Plato
1065 595 1169 629 sunt
1195 599 1309 630 unus
1332 586 1492 639 homo,
1518 584 1624 628 licet
1645 586 1736 628 sint
1760 599 1903 629 unum
1936 584 1982 628 in
2009 584 2092 628 hu-

118 651 366 707 ‘fnanitate,
391 666 540 711 neque
566 652 710 695 homo
738 660 783 695 et
803 651 955 695 asinus
982 662 1086 695 sunt
1112 666 1254 695 unum
1282 651 1467 705 animal,
1501 651 1608 695 licet
1639 651 1729 696 sint
1760 665 1902 695 unum
1929 650 1976 695 in
2003 651 2096 695 ani-

135 719 259 764 mali.
287 719 335 764 Si
370 733 479 778 ergo
506 718 641 763 Pater
674 727 717 763 et
742 717 881 762 Filius
907 728 1011 762 sunt
1037 719 1151 762 duae
1185 732 1422 778 personae,
1455 718 1736 777 impossibile
1768 718 1946 762 videtur
1971 717 2095 778 quod

136 787 227 833 sint
252 801 367 831 unus
393 787 532 830 Deus.

223 851 459 912 Amplius:
487 852 696 912 opposita
721 850 983 910 praedicata
1009 851 1315 910 pluralitatem
1341 851 1586 895 ostendunt
1612 853 1656 895 in
1684 864 1740 895 eo
1769 851 1825 895 de
1851 865 1943 910 quo
1970 864 2095 911 prae-

137 920 357 965 dicantur.
382 918 455 963 De
480 919 582 962 Deo
610 929 762 962 autem
790 918 921 962 Patre
955 928 998 961 et
1025 918 1078 961 de
1105 919 1207 961 Deo
1234 917 1350 962 Filio
1378 919 1585 976 opposita
1619 917 1959 977 praedicantur3
1986 932 2095 962 nam

121 985 272 1031 'Pater
296 995 363 1030 est
387 985 512 1029 Deus
548 985 775 1044 ingenitus
803 994 848 1029 et
873 999 1109 1042 generans,
1142 984 1281 1028 Filius
1319 995 1470 1028 autem
1511 994 1576 1028 est
1609 985 1736 1028 Deus
1768 985 1960 1043 genitus.
1986 981 2096 1030 Non

59 1043 64 1051 ⁵
118 1052 271 1114 igitur
294 1051 473 1096 videtur
498 1065 595 1095 esse
622 1050 835 1110 possibile
862 1051 984 1109 quod
1012 1051 1145 1094 Pater
1178 1061 1222 1095 et
1247 1051 1386 1095 Filius
1412 1051 1500 1095 sint
1532 1066 1648 1095 unus
1676 1052 1814 1096 Deus.

225 1118 352 1164 Haec
374 1117 510 1178 igitur
536 1128 581 1162 et
606 1117 772 1162 similia
797 1128 901 1162 sunt
927 1132 979 1161 ex
1012 1118 1173 1176 quibus
1207 1117 1345 1177 aliqui
1373 1119 1632 1163 divinorum
1665 1118 1882 1178 mysteria
1914 1117 2097 1178 propria

120 1182 314 1231 ratione
345 1186 494 1229 metiri
525 1184 750 1238 volentes,
792 1185 992 1228 divinam
1034 1185 1377 1243 generationem
1420 1185 1689 1261 impugnare
1730 1186 1946 1230 nituntur.
1990 1184 2098 1238 Sed,

125 1251 243 1313 quia
273 1251 438 1296 veritas
464 1251 511 1295 in
543 1251 691 1309 seipsa
722 1250 852 1295 fortis
878 1261 945 1295 est
981 1261 1026 1295 et
1057 1250 1183 1294 nulla
1215 1251 1561 1310 impugnatione
1594 1251 1880 1307 convellitur,
1912 1260 2094 1310 oportet

141 1314 378 1365 intendere
404 1317 460 1363 ad
487 1317 821 1363 ostendendum
849 1317 970 1376 quod
996 1317 1162 1362 veritas
1188 1317 1293 1362 fidei
1315 1317 1491 1363 ratione
1517 1320 1720 1388 superari
1745 1332 1840 1363 non
1865 1318 2021 1378 possit.

911 1474 1166 1530 CAPUT
1209 1475 1307 1530 XI.

138 1603 506 1658 QUOMODO
563 1602 1025 1642 ACCIPIENDA
1077 1603 1187 1641 SIT
1246 1603 1661 1642 GENERATIO
1694 1603 1762 1642 IN
1809 1602 2095 1642 DIVINIS

387 1678 459 1717 ET
492 1678 641 1724 QUAE
673 1678 747 1715 DE
786 1677 930 1716 FILIO
970 1678 1065 1717 DEI
1097 1677 1385 1715 DICUNTUR
1424 1677 1481 1716 IN
1514 1677 1845 1717 SCRIPTURIS.

227 1787 508 1847 Principium
536 1797 688 1831 autem
715 1787 849 1845 hujus
869 1786 1132 1830 intentionis
1158 1786 1265 1830 hinc
1284 1800 1464 1830 sumere
1482 1796 1676 1845 oportet,
1703 1786 1826 1845 quod
1849 1787 2100 1831 secundum

138 1856 445 1901 diversitatem
477 1865 754 1908 naturarum,
790 1854 992 1898 diversus
1025 1853 1327 1897 emanationis
1346 1853 1509 1897 modus
1525 1853 1754 1898 invenitur
1779 1853 1824 1896 in
1860 1853 2018 1908 rebus;
2057 1862 2103 1897 et

139 1933 310 1984 quanto
337 1922 492 1981 aliqua
513 1931 673 1966 natura
700 1931 767 1965 est
798 1920 946 1975 altior,
971 1931 1099 1965 tanto
1127 1921 1170 1964 id
1197 1921 1319 1979 quod
1352 1934 1406 1964 ex
1433 1934 1487 1964 ea
1519 1929 1702 1964 emanat
1733 1920 1879 1979 magis
1906 1929 1975 1965 est
2004 1920 2103 1964 inti-

139 2004 282 2035 mum.
308 1990 362 2033 In
386 1989 519 2033 rebus
545 1989 669 2032 enim
695 1988 906 2032 omnibus
932 1988 1183 2031 inanimata
1209 2001 1402 2046 corpora
1428 1986 1637 2030 infimum
1664 1986 1819 2031 locum
1844 1996 2023 2041 tenent3
2051 1987 2098 2030 in

137 2053 304 2118 quibus
330 2056 645 2101 emanationes
672 2055 801 2100 aliter
826 2069 924 2099 esse
949 2069 1043 2099 non
1069 2065 1260 2114 possunt
1284 2055 1371 2098 nisi
1404 2068 1482 2112 per
1515 2055 1744 2098 actionem
1778 2055 1909 2098 unius
1937 2068 2100 2099 eorum

139 2124 184 2169 in
213 2122 397 2183 aliquod
424 2123 640 2176 alterum;
673 2122 737 2166 sic
771 2122 892 2166 enim
920 2136 974 2166 ex
1010 2122 1115 2180 igne
1143 2132 1385 2180 generatur
1410 2121 1544 2180 ignis,
1570 2122 1679 2164 dum
1713 2122 1766 2164 ab
1799 2121 1907 2180 igne
1935 2135 2100 2180 corpus

140 2200 404 2243 extraneum
431 2189 645 2233 alteratur
671 2200 714 2232 et
741 2189 797 2232 ad
824 2187 1088 2247 qualitatem
1121 2199 1166 2233 et
1190 2188 1392 2247 speciem
1424 2188 1542 2246 ignis
1568 2188 1839 2247 perducitur.
1866 2187 1979 2232 Post
2009 2187 2103 2231 ina-

139 2258 315 2302 nimata
339 2269 451 2301 vero
477 2270 685 2316 corpora,
712 2255 972 2314 proximum
999 2254 1155 2299 locum
1181 2265 1336 2299 tenent
1362 2254 1558 2314 plantae,
1590 2256 1635 2298 in
1663 2255 1823 2313 quibus
1855 2256 1948 2313 jam
1982 2268 2105 2299 ema-

119 2325 344 2381 'natiosex
368 2323 574 2368 interiori
605 2322 825 2382 procedit,
853 2323 900 2365 in
927 2332 1148 2381 quantum
1180 2320 1355 2365 scilicet
1379 2322 1549 2365 humor
1581 2321 1762 2380 plantae
1794 2321 2025 2366 intraneus
2051 2322 2098 2365 in

112 2385 298 2437 “semen
321 2390 602 2435 convertitur
628 2399 672 2434 et
702 2388 815 2433 illud
842 2402 1001 2433 semen
1025 2397 1172 2432 terrae
1206 2388 1474 2432 mandatum
1501 2389 1662 2432 crescit
1688 2388 1734 2431 in
1757 2388 1977 2447 plantam
1996 2388 2100 2447 Jam

137 2471 255 2524 ergo
274 2457 349 2501 hic
376 2456 549 2515 primus
576 2456 742 2514 gradus
774 2455 893 2499 vitae
919 2455 1166 2509 invenitur3
1199 2469 1306 2499 nam
1334 2455 1534 2499 viventia
1559 2465 1664 2499 sunt
1689 2469 1806 2514 quae
1832 2455 1982 2514 seipsa
2003 2468 2100 2499 mo-

137 2533 247 2569 vent
272 2523 327 2567 ad
354 2521 600 2582 agendum,
627 2520 703 2566 illa
729 2535 839 2565 vero
866 2535 981 2581 quae
1002 2534 1097 2565 non
1123 2522 1210 2565 nisi
1233 2521 1457 2566 exteriora
1479 2535 1667 2566 movere
1684 2531 1890 2580 possunt,
1908 2522 2100 2566 omnino
2130 2563 2138 2568 .

140 2596 245 2636 sunt
268 2589 363 2634 vita
393 2588 614 2643 carentia3
640 2589 687 2632 in
713 2587 877 2647 plantis
903 2602 1013 2633 vero
1040 2589 1130 2632 hoc
1163 2588 1384 2632 indicium
1416 2588 1535 2632 vitae
1574 2599 1641 2632 est
1677 2589 1798 2647 quod
1826 2588 1871 2632 id
1899 2588 2023 2648 quod
2054 2588 2102 2632 in

140 2658 246 2717 ipsis
273 2666 341 2700 est
365 2665 522 2700 movet
547 2650 747 2714 aliquam
767 2653 982 2699 formam.
1009 2655 1088 2699 Est
1109 2665 1265 2699 tamen
1288 2655 1380 2699 vita
1402 2655 1660 2714 plantarum
1678 2654 1959 2714 imperfecta,
1982 2655 2103 2715 quia,

141 2724 372 2768 emanatio
402 2722 450 2766 in
476 2723 539 2767 eis
572 2721 679 2765 licet
704 2721 759 2766 ab
785 2720 990 2766 interiori
1021 2722 1252 2780 procedat,
1284 2731 1439 2765 tamen
1472 2721 1691 2780 paulatim
1726 2722 1779 2765 ab
1812 2722 2102 2766 interioribus

141 2791 294 2835 exiens
321 2790 442 2849 quod
479 2798 677 2842 emanat,
708 2787 902 2832 finaliter
937 2791 1127 2832 omnino
1169 2788 1473 2832 extrinsecum
1508 2789 1756 2842 invenitur3
1782 2788 1952 2833 humor
1979 2788 2102 2833 enim

142 2858 312 2902 arboris
337 2857 487 2916 primo
516 2856 569 2899 ab
598 2855 758 2900 arbore
786 2855 1023 2914 egrediens
1050 2855 1099 2899 fit
1123 2855 1208 2899 flos
1242 2866 1285 2899 et
1310 2855 1496 2899 tandem
1521 2855 1692 2900 fructus
1720 2856 1774 2899 ab
1808 2855 1981 2901 arboris
2009 2871 2106 2902 cor·

139 2923 229 2970 tice
256 2923 492 2977 discretus,
509 2918 595 2967 sed
607 2922 648 2966 ei
667 2922 932 2980 colligatus;
959 2921 1161 2981 perfecto
1185 2933 1336 2966 autem
1364 2921 1528 2976 fructu,
1556 2923 1746 2966 omnino
1775 2923 1827 2966 ab
1857 2918 2017 2967 arbore
2040 2938 2105 2968 se·

140 3001 339 3050 paratur,
366 3000 425 3043 et,
451 2990 496 3033 in
523 2996 692 3033 terram
720 2989 901 3041 cadenS,
928 2989 1182 3032 sementina
1207 2991 1371 3033 virtute
1398 2988 1608 3047 producit
1634 2989 1771 3032 aliam
1802 2989 2019 3047 plantam.
2054 2990 2105 3035 Si

124 3058 242 3118 quis
269 3057 407 3102 etiarn
434 3056 674 3114 diligenter
707 3055 977 3109 consideret,
1011 3057 1209 3114 primum
1241 3055 1374 3112 hujus
1408 3056 1708 3099 emanationis
1741 3056 2012 3115 principium
2047 3058 2102 3101 ab

125 3120 353 3169 'exteriori
384 3123 598 3177 sumitur;
630 3136 739 3166 narn
771 3122 940 3166 humor
972 3122 1243 3166 intrinsecus
1279 3122 1448 3165 arboris
1481 3136 1561 3180 per
1593 3122 1798 3166 radicem
1831 3137 1856 3166 a
1888 3133 2006 3168 terra
2032 3138 2103 3168 su-

141 3191 293 3246 mitur,
319 3189 374 3235 de
401 3204 489 3249 qua
515 3189 668 3248 planta
695 3189 882 3247 suscipit
907 3189 1250 3242 nutrimentum.
1285 3188 1415 3233 Ultra
1442 3188 1700 3248 plantarum
1722 3203 1831 3233 vero
1859 3190 2015 3245 vitam,
2043 3190 2102 3235 al·

141 3257 232 3303 tior
256 3258 421 3316 gradus
460 3259 580 3300 vitae
617 3256 857 3308 invenitur,
891 3269 1006 3314 quae
1044 3266 1111 3300 est
1147 3256 1399 3300 secundum
1439 3256 1643 3299 animam
1671 3257 1949 3311 sensitivam,
1976 3257 2104 3316 cujus

129 3323 374 3376 emanatio
391 3323 588 3382 propria,
616 3322 699 3367 etsi
726 3322 779 3365 ab
807 3323 1017 3366 exteriori
1043 3323 1242 3381 incipiat,
1259 3323 1303 3366 in
1322 3323 1525 3366 interiori
1552 3333 1705 3367 tamen
1729 3323 2020 3379 terminatur;
2043 3334 2104 3379 et,

143 3400 314 3451 quanto
342 3390 573 3434 emanatio
601 3389 747 3447 magis
773 3389 1024 3443 incesserit,
1047 3399 1174 3433 tanto
1194 3390 1340 3448 magis
1359 3391 1414 3434 ad
1431 3390 1592 3434 intima
1610 3390 1865 3446 devenitur;
1892 3391 2104 3436 sensibile

145 3459 268 3502 enim
296 3457 490 3501 exterius
512 3454 709 3506 formam
737 3470 868 3500 suam
894 3457 1191 3501 exterioribus
1218 3457 1422 3501 sensibus
1449 3457 1627 3516 ingerit,
1662 3472 1686 3500 a
1713 3457 1873 3516 quibus
1899 3459 2106 3518 procedit

144 3523 192 3569 in
227 3523 623 3582 imaginationem,
651 3532 693 3567 et
720 3521 909 3567 ulterius
946 3524 990 3567 in
1028 3524 1282 3568 memoriae
1314 3524 1594 3568 thesaurum.
1621 3523 1672 3567 In
1706 3522 1909 3583 quolibet
1947 3534 2105 3571 tamen

143 3591 278 3650 hujus
300 3589 603 3635 emanationis
624 3604 856 3650 processu,
873 3590 1145 3653 principium
1164 3601 1208 3635 et
1228 3591 1447 3635 terminus
1467 3590 1692 3649 pertinent
1709 3590 1981 3647 ad·diversa;
2009 3606 2103 3637 non

146 3658 268 3703 enim
302 3656 451 3717 aliqua
483 3657 686 3717 potentia
717 3656 930 3702 sensitiva
963 3659 1007 3702 in
1045 3659 1243 3717 seipsam
1287 3657 1543 3702 reflectitur.
1577 3658 1655 3702 Est
1688 3672 1797 3716 ergo
1831 3657 1904 3703 hic
1939 3659 2104 3718 gradus
