2332 3854
804 218 958 258 ιιιιειι
997 218 1074 258 ιιι.
1113 219 1235 258 cam.
1278 217 1447 258 cxxn.
2001 217 2103 273 473

163 330 231 367 est
259 331 513 380 peccatum,
545 319 744 379 aliquem
770 319 1081 378 scandalizari,
1107 330 1153 366 et
1177 320 1242 365 sic
1274 319 1331 365 sit
1355 327 1595 379 peccatum
1620 331 1700 377 per
1708 316 1951 362 accidens
1978 318 2111 364 Nunc

162 396 315 434 autem
348 401 444 433 non
483 386 676 446 agimus,
708 400 770 431 an
804 386 1046 432 fornicatio
1086 387 1279 447 simplex
1310 387 1367 431 sit
1396 395 1638 445 peccatum
1668 398 1748 444 per
1779 385 2006 439 accidens,
2031 386 2112 430 sed

159 468 243 512 per
271 468 334 499 se.
370 496 373 499 ,

248 520 474 580 Oportet
462 520 598 579 1gitur
613 533 668 566 ex
684 520 988 579 superioribus
1000 519 1305 565 solutionem'
1294 519 1544 579 inquirere:
1561 518 1733 563 dictum
1746 528 1815 564 est
1825 519 1886 575 (c.
1900 518 1940 562 6.
1960 525 2004 563 et
2025 516 2090 563 16.
2092 519 2112 575 )

162 587 284 645 quod
307 588 431 633 Deus
458 588 809 662 uniuscujusque
836 601 991 631 curam
1010 587 1148 631 habet
1172 587 1425 631 secundum
1449 586 1495 631 id
1518 586 1640 644 quod
1666 595 1734 630 est
1754 585 1799 629 ei
1826 585 2013 641 bonum.
2035 584 2116 629 Est

160 662 313 701 autem
343 654 515 699 bonum
548 653 902 711 uniuscujusque
934 652 1056 711 quod
1082 653 1222 698 finem
1255 667 1388 698 suum
1415 662 1737 729 consequatur,
1760 639 1935 697 malum
1962 661 2115 695 autem

160 720 256 777 ejus
281 730 350 764 est
373 720 496 778 quod
530 734 555 765 a
586 719 738 764 debito
769 718 859 764 fine
892 719 1098 763 divertat.
1134 719 1264 764 Sicut
1295 730 1448 764 autem
1474 719 1519 763 in
1545 729 1660 772 toto,
1684 718 1749 763 ita
1773 729 1818 763 et
1843 719 1889 765 in
1915 717 2114 777 partibus

160 785 251 832 hoc
269 786 544 832 considerari
560 795 753 844 oportet,
780 796 830 830 ut
852 784 1027 830 scilicet
1043 800 1341 844 unaquaeque
1363 800 1465 843 pars
1482 785 1684 830 hominis
1710 794 1755 829 et
1779 784 1968 843 quilibet
1985 793 2110 830 actus

160 851 258 910 ejus
282 851 421 898 finem
447 852 649 896 debitum
675 851 899 896 sortiatur.
933 851 1104 896 Semen
1130 861 1299 906 autem,
1325 853 1409 897 etsi
1432 852 1490 898 sit
1515 851 1791 910 superfluum
1818 861 2038 909 quantum
2060 850 2115 894 ad

159 917 380 964 individui
405 918 814 973 conservationem,
832 927 899 962 est
915 919 957 963 ei
974 918 1281 963 necessarium
1301 928 1521 977 quantum
1543 918 1598 963 ad
1620 917 2000 976 propagationem
2021 929 2117 976 spe,-

160 983 272 1039 ciei3
305 984 393 1029 alia
425 998 534 1029 vero
566 984 806 1043 superflua,
832 994 882 1028 ut
907 985 1095 1043 egestio,
1122 985 1265 1038 urina,
1298 985 1450 1038 sudor,
1477 995 1522 1029 et
1551 984 1716 1030 similia
1743 984 1798 1029 ad
1823 982 1939 1028 nihil
1964 994 2118 1027 neces-

160 1050 281 1098 saria
306 1061 424 1105 sunt,
456 1051 575 1097 unde
607 1051 665 1095 ad
695 1051 868 1095 bonum
899 1051 1099 1095 hominis
1135 1052 1327 1110 pertinet
1363 1050 1515 1096 solum
1547 1051 1672 1109 quod
1707 1050 1984 1095 emittantur.
2009 1048 2115 1093 Non
2161 1057 2171 1070 ’

159 1126 316 1163 autem
340 1117 431 1163 hoc
459 1117 610 1163 solum
636 1118 865 1176 quaeritur
890 1118 937 1162 in
961 1118 1152 1171 semine,
1178 1118 1257 1162 sed
1283 1125 1331 1162 ut
1357 1118 1587 1163 emittatur
1613 1117 1669 1161 ad
1702 1116 2009 1174 generationis
2034 1115 2116 1160 uti·

160 1183 351 1238 litatem,
376 1183 433 1228 ad
459 1198 597 1243 quam
630 1184 776 1228 coitus
803 1184 1048 1228 ordinatur.
1079 1183 1260 1228 Frustra
1297 1194 1449 1228 autem
1483 1193 1602 1228 esset
1634 1183 1836 1228 hominis
1862 1182 2113 1241 generatio,

161 1249 250 1295 nisi
270 1260 322 1296 et
337 1249 490 1295 debita
511 1250 696 1294 nutritio
718 1260 996 1308 sequeretur,
1013 1251 1118 1309 quia
1137 1260 1403 1308 generatum
1423 1264 1518 1295 non
1540 1259 1841 1309 permaneret,
1867 1249 2018 1294 debita
2039 1262 2119 1292 nu·

162 1315 344 1363 tritione
376 1316 616 1361 subtracta.
650 1316 727 1361 Sic
759 1316 897 1374 igitur
928 1317 1136 1361 ordinata
1166 1331 1266 1360 esse
1298 1317 1486 1361 seminis
1521 1316 1654 1361 debet
1689 1315 1890 1370 emissio,
1915 1324 1966 1359 ut
1989 1314 2117 1413 sequi

161 1382 309 1440 possit
334 1393 379 1428 et
404 1383 637 1442 generatio
663 1383 956 1437 conveniens,
983 1392 1028 1427 et
1052 1383 1193 1441 geniti
1216 1383 1440 1428 educatio.

251 1448 317 1495 Ex
340 1462 433 1508 quo
459 1458 582 1509 patet
607 1449 729 1508 quod
755 1459 913 1493 contra
931 1449 1105 1493 bonum
1132 1445 1334 1493 hominis
1356 1458 1423 1493 est
1442 1449 1595 1493 omnis
1622 1448 1808 1493 emissio
1829 1446 2017 1492 seminis
2038 1445 2118 1493 tali

161 1514 304 1560 modo
330 1515 454 1574 quod
470 1515 706 1573 generatio
723 1515 850 1573 sequi
872 1529 966 1559 non
992 1516 1159 1573 possit3
1186 1525 1230 1559 et
1247 1515 1285 1559 si
1303 1530 1358 1559 ex
1375 1515 1610 1574 proposito
1628 1515 1718 1559 hoc
1741 1524 1916 1572 agatur,
1932 1523 2120 1572 oportet

158 1593 262 1626 esse
292 1590 544 1657 peccatum.
570 1581 690 1626 Dico
721 1590 874 1625 autem
900 1581 1092 1625 modum
1119 1595 1173 1625 ex
1198 1595 1290 1656 quo
1317 1581 1551 1639 generatio
1587 1581 1717 1640 sequi
1748 1594 1842 1624 non
1873 1589 2024 1639 potest
2053 1593 2120 1624 se-

161 1646 361 1693 cundum
388 1661 452 1701 se,
477 1647 593 1691 sicut
618 1647 769 1691 omnis
791 1647 975 1692 emissio
1002 1647 1188 1691 seminis
1214 1647 1310 1692 sine
1336 1647 1532 1691 naturali
1553 1647 1884 1691 commixtione
1911 1646 2049 1690 maris
2075 1655 2121 1690 et

160 1712 376 1765 feminae:
395 1712 731 1779 propterquod
741 1713 1003 1771 hujusmodi
1021 1723 1220 1779 peccata
1224 1723 1395 1780 contra
1414 1723 1626 1778 naturam
1652 1714 1874 1773 dicuntur.
1898 1713 1949 1757 Si
1967 1723 2118 1756 autem

161 1793 242 1837 per
267 1780 476 1825 accidens
509 1771 822 1838 generatiffessx
849 1779 1096 1824 emissione
1128 1773 1322 1824 seminis
1338 1774 1468 1857 sequi
1499 1794 1591 1824 non
1614 1770 1776 1838 Possit,
1809 1794 1903 1824 non
1936 1789 2119 1837 propter

160 1845 251 1895 hoc
275 1855 346 1891 est
369 1856 531 1891 contra
565 1856 789 1901 naturam,
820 1859 905 1891 nec
927 1856 1194 1920 peccatum,
1229 1847 1347 1892 sicut
1383 1847 1421 1891 si
1452 1847 1690 1905 contingat
1722 1846 1962 1891 mulierem
1994 1845 2116 1890 steri-

160 1911 256 1958 lem
288 1926 400 1965 esse.
838 1913 923 1920 ”’

133 2023 138 2026 ,
158 2021 162 2023 .
252 1978 470 2024 Similiter
493 1979 633 2024 etiam
659 1989 840 2037 oportet
857 1989 1015 2024 contra
1036 1981 1210 2024 bonum
1226 1979 1429 2024 hominis
1448 1993 1562 2034 esse,
1588 1981 1625 2024 si
1651 1993 1810 2024 semen
1827 1979 1974 2024 taliter
1994 1978 2122 2023 emit-

159 2054 280 2092 tatur
304 2045 428 2105 quod
453 2046 686 2104 generatio
710 2046 838 2104 sequi
870 2046 1025 2122 possit,
1058 2047 1136 2091 sed
1170 2046 1447 2091 conveniens
1482 2047 1692 2091 educatio
1723 2047 2008 2104 impediatur.
2041 2045 2120 2090 Est

164 2114 286 2158 enim
318 2112 700 2157 considerandum
730 2112 853 2171 quod
884 2113 931 2157 in
958 2112 1229 2158 animalibus
1255 2115 1301 2157 in
1328 2114 1488 2172 quibus
1521 2112 1620 2158 sola
1660 2113 1831 2158 femina
1864 2112 2038 2157 sufficit
2064 2111 2119 2156 ad
2161 2142 2173 2173 ξ

159 2178 301 2242 prolis
326 2178 661 2233 educationem,
692 2192 790 2224 mas
830 2189 875 2224 et
905 2179 1075 2224 femina
1101 2190 1206 2240 post
1230 2181 1403 2225 coitum
1429 2180 1556 2224 nullo
1579 2191 1786 2259 tempore
1809 2189 2118 2232 commanent,

155 2246 282 2299 sicut
321 2255 444 2304 patet
473 2246 519 2290 in
560 2246 760 2290 canibus.
790 2245 1122 2306 Quaecumque
1154 2261 1265 2292 vero
1300 2246 1515 2291 animalia
1540 2258 1644 2291 sunt
1676 2249 1721 2291 in
1755 2248 1914 2305 quibus
1946 2245 2113 2291 femina

158 2327 254 2366 aon
278 2312 443 2358 sufficit
458 2313 515 2358 ad
540 2314 859 2359 educationem
878 2314 1032 2372 prolis,
1059 2329 1158 2359 mas
1184 2325 1228 2358 et
1253 2313 1426 2359 femina
1442 2314 1581 2359 simul
1597 2323 1699 2374 post
1721 2315 1894 2359 coitum
1913 2326 2119 2359 comma-

156 2390 280 2434 nent,
298 2393 502 2441 quosque
524 2381 830 2425 necessarium
853 2390 920 2425 est
936 2382 991 2424 ad
1017 2381 1156 2439 prolis
1184 2381 1519 2434 educationem,
1542 2391 1586 2425 et
1611 2381 1972 2434 instructionem,
2000 2380 2118 2424 sicut

161 2457 284 2507 patet
299 2447 344 2491 in
363 2447 632 2506 quibusdam
651 2447 822 2501 avibus,
842 2461 1033 2510 Qatum
1043 2447 1159 2505 pulli
1168 2461 1262 2492 non
1279 2450 1431 2493 statim
1443 2458 1686 2507 postquam
1703 2447 1798 2498 nati
1809 2457 1914 2492 sunt
1929 2457 2119 2505 possunt

156 2513 247 2561 sibi
263 2513 416 2565 cibum
426 2526 672 2573 quaerere·
662 2527 797 2579 cum
815 2514 937 2567 enim
952 2514 1052 2565 33115
1059 2528 1163 2565 non
1179 2507 1348 2560 nutriat
1369 2514 1486 2559 lacte
1508 2514 1685 2573 pullos,
1699 2514 1849 2573 quod
1837 2528 1884 2558 m
1906 2523 2118 2573 promptu

116 2577 117 2581 ’
161 2589 231 2632 est
253 2579 383 2624 velut
403 2593 429 2623 a
453 2590 615 2630 natura
639 2570 970 2639 praeparatum,
998 2581 1113 2625 sicut
1138 2581 1184 2624 in
1212 2580 1576 2640 quadrupedibus
1602 2581 1779 2635 accidit,
1805 2581 1884 2625 sed
1909 2589 2119 2639 oporteat

158 2645 288 2704 quod
312 2646 473 2697 cibum
504 2645 704 2692 alienum
719 2645 886 2710 pullis
902 2657 1103 2705 quaerat,
1126 2656 1172 2702 et
1194 2657 1381 2706 propter
1413 2647 1541 2692 hoc
1529 2662 1576 2690 ιιι
1602 2647 1795 2697 cibando
1829 2660 1908 2691 eos
1932 2644 2118 2700 foveat3

160 2724 260 2757 non
281 2710 507 2763 sufficeret
528 2711 584 2756 ad
597 2704 699 2756 hoc
722 2708 822 2756 sula
844 2710 1052 2767 femella;
1079 2707 1199 2758 unde
1225 2728 1279 2758 ex
1305 2714 1457 2758 divina
1474 2708 1757 2775 providentia
1775 2723 1843 2758 est
1858 2712 2150 2758 naturaliter

164 2777 357 2821 inditum
383 2778 499 2822 mari
523 2778 570 2822 in
595 2777 758 2822 talibus
785 2778 1055 2823 animalibus
1082 2789 1131 2823 ut
1157 2790 1450 2823 commaneat
1474 2779 1686 2824 femellae
1713 2780 1770 2825 ad
1794 2779 2116 2824 educationem

165 2841 336 2898 foetus;
374 2842 665 2889 manifestum
692 2854 759 2888 est
797 2854 950 2890 autem
975 2845 1096 2903 quod
1125 2845 1172 2889 in
1197 2846 1348 2904 specie
1376 2846 1592 2900 humana,
1619 2844 1790 2890 femina
1816 2846 2006 2891 minime
2032 2844 2147 2890 suf-³

164 2908 321 2959 ficeret
343 2909 443 2954 sola
469 2910 525 2954 ad
550 2910 690 2968 prolis
711 2910 1047 2965 educationem,
1074 2925 1180 2955 cum
1210 2911 1460 2956 necessitas
1484 2912 1714 2956 humanae
1739 2912 1858 2957 vitae
1885 2911 2029 2956 multa
2055 2925 2122 2955 re-

166 2975 326 3035 quirat,
353 2989 467 3034 quae
491 2990 572 3035 per
598 2990 740 3020 unum
766 2976 917 3021 solum
943 2978 1091 3036 parari
1123 2992 1216 3021 non
1243 2989 1445 3037 possunt.
1473 2979 1553 3023 Est
1575 2979 1714 3036 igitur
1741 2978 2033 3032 conveniens,
2058 2990 2124 3023 se·

167 3042 366 3085 cundum
392 3052 601 3087 naturam
625 3043 890 3097 humanam,
923 3054 972 3087 ut
1002 3044 1146 3088 homo
1183 3054 1286 3103 post
1320 3045 1494 3089 coitum
1530 3045 1709 3089 mulieri
1735 3054 2042 3099 commaneat,
2075 3054 2120 3088 et

165 3122 259 3152 non
286 3108 439 3152 statim
417 3106 690 3163 abscedat,
711 3099 1017 3171 indifferenter
1043 3110 1099 3181 ad
1124 3125 1463 3175 quamcumque
1491 3111 1727 3165 accedens,
1745 3112 1860 3155 sicut
1891 3112 2010 3171 apud
2035 3109 2123 3156 for-

166 3174 392 3218 nicatores
406 3171 596 3219 accidit.

253 3240 360 3284 Non
386 3250 539 3284 autem
570 3241 676 3284 huic
702 3241 867 3286 rationi
891 3242 1040 3287 obstat
1072 3242 1194 3302 quod
1236 3242 1387 3302 aliqua
1419 3243 1582 3288 mulier
1621 3243 1712 3288 suis
1754 3243 1919 3287 divitiis
1952 3253 2115 3302 potens

167 3317 234 3352 est
260 3315 309 3351 ut
339 3306 440 3350 sola
469 3306 637 3351 nutriat
665 3305 858 3362 foetum,
889 3309 996 3367 quia
1021 3309 1243 3354 rectitudo
1271 3310 1488 3355 naturalis
1514 3311 1560 3354 in
1587 3309 1800 3354 humanis
1827 3310 2001 3355 actibus
2027 3324 2122 3355 non

168 3383 236 3417 est
259 3372 508 3417 secundum
537 3387 591 3418 ea
617 3387 733 3432 quae
759 3388 839 3432 per
865 3375 1075 3420 accidens
1109 3377 1380 3435 contingunt
1398 3377 1446 3421 in
1473 3391 1566 3421 uno
1588 3376 1838 3430 individuo,
1865 3377 1944 3421 sed
1966 3391 2124 3421 secun-

168 3438 278 3483 dum
309 3453 363 3483 ea
394 3453 510 3498 quae
541 3448 687 3483 totam
714 3440 913 3498 speciem
945 3452 1297 3500 consequuntur.

187 3524 193 3527 ·
255 3503 427 3550 Rursus
453 3505 836 3550 considerandum
857 3516 940 3564 est,
972 3508 1096 3566 quod
1125 3508 1172 3552 in
1205 3508 1357 3567 specie
1388 3509 1605 3563 humana,
1631 3509 1783 3569 proles
1823 3523 1918 3554 non
1948 3509 2123 3568 indiget

168 3570 280 3616 soka·
297 3573 546 3618 nutritione
567 3582 789 3631 quantum
814 3571 870 3618 ad
896 3579 1078 3635 corpus,
1103 3584 1151 3620 ut
1172 3576 1218 3620 in
1245 3576 1530 3632 animalibus,
1557 3577 1635 3622 sed
1662 3577 1800 3622 etiam
1825 3577 2122 3623 instructione
