2332 3854
247 143 319 211 56
929 154 1082 194 LIBER
1124 155 1157 192 1.
1201 155 1320 194 CAP.
1362 154 1508 192 xmv.

243 261 413 304 scientia
437 265 507 303 tua
529 273 578 304 ex
599 273 661 303 me
669 264 755 312 ,set
778 257 935 317 (Rom.
962 258 1040 302 XI.
1068 259 1182 317 33.):
1210 259 1250 303 O
1280 256 1455 303 altitudo
1486 257 1738 304 divitiarum
1767 260 1976 319 sapientae
2007 266 2047 306 et
2076 261 2204 306 scien·

245 328 325 370 tiae
357 327 468 370 Dei!

336 393 481 451 Hujus
516 402 667 436 autem
693 392 799 436 fidei
832 392 996 436 veritas
1022 391 1069 434 in
1095 400 1274 435 tantum
1300 391 1418 451 apud
1438 391 1652 437 homines
1677 392 1868 437 invaluit
1894 403 1944 437 ut
1966 393 2019 437 ab
2045 391 2207 438 inteni-

248 460 398 518 gendo
425 474 597 504 nomen
619 460 709 503 Dei
731 460 1048 517 imponerent;
1076 473 1184 502 nam
1203 456 1377 513 Theos,
1405 460 1528 518 quod
1543 455 1796 504 secundum
1825 461 2030 505 Graecos
2052 460 2205 505 Deum

247 527 486 586 significat,
521 527 684 571 dicitur
718 541 742 570 a
768 527 960 580 theaste,
994 526 1116 584 quod
1145 535 1212 570 est
1238 526 1526 572 considerare
1557 528 1632 572 vel
1662 528 1830 572 videre.

994 746 1249 802 CAPUT
1291 748 1463 803 XLV.

571 889 730 935 QUOD
773 889 1138 929 INTELLIGERE
1177 891 1272 928 DEI
1311 891 1412 930 EST
1457 892 1559 930 SUA
1598 892 1879 932 ESSENTIA.

858 985 911 1043 (I.
934 992 1047 1044 part.
1082 993 1232 1045 quaest.
1266 987 1384 1031 XIV.
1412 994 1492 1032 art.
1525 988 1601 1045 4.).

1983 968 1986 969 ⁷
2048 980 2050 983 v
2084 957 2108 973 »ν

339 1104 403 1148 Ex
430 1105 522 1160 hoc
551 1113 705 1148 autem
736 1105 859 1163 quod
885 1106 1013 1149 Deus
1042 1116 1108 1150 est
1124 1105 1396 1165 intelligens,
1423 1107 1625 1165 sequitur
1643 1107 1766 1166 quod
1788 1119 1920 1151 suum
1954 1103 2208 1164 intelligere

249 1182 315 1215 est
342 1186 423 1215 sua
451 1172 671 1226 essentia3
698 1171 954 1230 intelligere
982 1173 1105 1218 enirn
1133 1183 1200 1216 est
1222 1183 1349 1217 actus
1370 1173 1664 1232 intelligentis
1689 1174 1736 1217 in
1761 1174 1860 1232 ipso
1887 1173 2098 1226 existens,
2114 1185 2210 1216 non

247 1239 294 1282 in
328 1238 495 1297 aliquid
523 1239 826 1283 extrinsecum
847 1239 1084 1290 transiens,
1116 1239 1235 1283 sicut
1271 1239 1508 1284 calefactio
1540 1240 1699 1284 transit
1720 1241 1767 1283 in
1790 1238 2084 1285 calefactum:
2115 1252 2210 1283 non

250 1307 372 1350 enim
400 1306 570 1365 aliquid
598 1307 764 1365 patitur
779 1307 1067 1366 intelligibile
1094 1322 1149 1351 ex
1173 1307 1264 1351 hoc
1287 1309 1410 1366 quod
1431 1307 1712 1367 intelligitur,
1736 1309 1815 1353 sed
1837 1306 2095 1367 intelligens
2116 1310 2213 1366 per-

247 1373 408 1417 ficitur.
439 1373 674 1432 Quidquid
701 1383 854 1418 autem
882 1384 951 1418 est
975 1375 1022 1417 in
1047 1374 1166 1429 Deo,
1194 1384 1262 1418 est
1283 1374 1434 1419 divina
1462 1375 1679 1429 essentia3
1706 1373 1959 1434 intelligere
1987 1387 2099 1434 ergo
2123 1372 2213 1419 Dei

249 1451 318 1484 est
343 1440 494 1484 divina
512 1441 722 1495 essentia,
760 1452 805 1485 et
830 1441 1036 1485 divinum
1053 1455 1151 1485 esse
1179 1451 1246 1485 est
1270 1441 1366 1500 ipse
1383 1441 1510 1486 Deus
1522 1458 1533 1496 ;
1554 1456 1662 1486 nam
1679 1443 1806 1486 Deus
1825 1451 1893 1486 est
1913 1455 1995 1486 sua
2017 1440 2213 1486 essentia

250 1517 295 1551 et
320 1521 453 1552 suum
481 1521 594 1552 esse.

338 1574 602 1620 Praeterea:
628 1574 883 1634 intelligere
911 1584 1203 1634 comparatur
1230 1575 1285 1619 ad
1310 1574 1595 1620 intellectum
1621 1577 1737 1620 sicut
1754 1589 1852 1622 esse
1870 1573 1927 1620 ad
1944 1575 2211 1640 essentiam3

249 1641 329 1685 sed
357 1655 455 1685 esse
483 1641 691 1686 divinum
724 1652 792 1686 est
824 1644 919 1699 ejus
947 1641 1157 1696 essentia,
1180 1651 1228 1686 ut
1254 1657 1389 1701 supra
1417 1643 1477 1700 (c.
1506 1643 1598 1699 22.)
1625 1643 1868 1702 probatum
1891 1651 1982 1697 est;
2014 1655 2125 1702 ergo
2149 1641 2214 1687 in-

247 1707 453 1766 telligere
481 1709 686 1752 divinum
713 1718 780 1753 est
806 1710 901 1766 ejus
933 1708 1203 1753 intellectus.
1238 1708 1498 1754 Intellectus
1527 1720 1680 1754 autem
1713 1709 1892 1755 divinus
1933 1718 2001 1755 est
2024 1708 2115 1753 Dei
2146 1723 2213 1753 es·

250 1775 409 1828 sentia,
443 1774 554 1819 alias
582 1785 700 1820 esset
727 1775 938 1820 accidens
965 1776 1092 1830 Deo;
1127 1786 1307 1835 oportet
1332 1776 1469 1835 igitur
1496 1776 1618 1835 quod
1651 1776 1903 1836 intelligere
1929 1776 2134 1821 divinum
2155 1775 2227 1820 sit*

251 1842 346 1899 ejus
374 1842 582 1886 essentia.

340 1908 577 1967 Amplius:
606 1919 731 1953 actus
759 1909 986 1953 secundus
1021 1919 1088 1953 est
1113 1908 1357 1968 perfectior
1383 1924 1520 1968 quam
1551 1919 1676 1954 actus
1699 1910 1886 1969 primus,
1927 1911 2044 1955 sicut
2068 1909 2214 1963 consi-

253 1976 426 2020 deratio
455 1991 593 2035 quam
625 1977 839 2030 scientia3
872 1977 1062 2020 scientia
1090 1986 1243 2020 autem
1283 1976 1358 2020 vel
1384 1977 1640 2020 intellectus
1677 1977 1768 2021 Dei
1805 1985 1871 2022 est
1902 1976 2002 2036 ipsa
2027 1977 2123 2035 ejus
2149 1990 2214 2023 es-

253 2043 411 2098 sentia,
431 2044 467 2087 si
485 2053 552 2087 est
568 2043 842 2102 intelligens,
862 2053 910 2087 ut
927 2053 1161 2088 ostensum
1181 2053 1247 2087 est
1261 2045 1321 2100 (c.
1339 2045 1449 2100 41.),
1468 2058 1574 2087 cum
1591 2043 1715 2087 nulla
1733 2043 1952 2103 perfectio
1970 2043 2215 2089 conveniat

252 2110 293 2153 ei
320 2111 647 2169 participative,
667 2111 744 2155 sed
771 2126 850 2169 per
873 2111 1131 2164 essentiam,
1160 2121 1209 2154 ut
1235 2125 1288 2154 ex
1313 2111 1620 2170 superioribus
1638 2121 1761 2170 patet
1787 2112 1849 2169 (c.
1869 2124 1939 2156 22.
1966 2121 2012 2156 et
2032 2111 2139 2171 23.).
2163 2110 2214 2155 Si

250 2176 388 2235 igitur
414 2192 495 2221 sua
523 2178 827 2222 consideratio
855 2192 949 2221 non
968 2179 1024 2222 sit
1050 2192 1129 2222 sua
1159 2178 1368 2231 essentia,
1397 2177 1565 2236 aliquid
1584 2178 1667 2222 erit
1691 2192 1773 2223 sua
1796 2179 1992 2227 essentia
2015 2177 2213 2223 nobilius

253 2252 296 2287 et
328 2243 587 2302 perfectius,
615 2254 659 2289 et
684 2245 748 2289 sic
781 2259 876 2289 non
904 2245 988 2289 erit
1012 2245 1059 2288 in
1091 2244 1181 2297 fine
1209 2244 1502 2304 perfectionis
1530 2254 1573 2290 et
1599 2245 1838 2301 bonitatis;
1864 2245 1984 2291 unde
2008 2259 2105 2291 non
2130 2245 2214 2290 erit

250 2310 463 2368 primum.

340 2378 529 2422 Adhuc:
556 2378 811 2438 intelligere
839 2390 907 2424 est
943 2389 1069 2424 actus
1106 2378 1426 2437 intelligentis3
1454 2380 1489 2424 si
1515 2380 1653 2439 igitur
1677 2380 1804 2425 Deus
1835 2378 2094 2440 intelligens
2117 2393 2212 2424 non

251 2445 307 2489 sit
334 2460 467 2489 suum
493 2446 761 2504 intelligere,
789 2457 971 2505 oportet
996 2447 1120 2505 quod
1153 2457 1444 2505 comparetur
1478 2447 1533 2491 ad
1574 2448 1740 2506 ipsum,
1772 2449 1890 2492 sicut
1919 2447 2123 2508 potentia
2155 2447 2212 2492 ad

252 2522 420 2567 actum,
448 2522 492 2556 et
509 2515 570 2557 ita
595 2514 643 2556 in
668 2513 772 2557 Deo
800 2515 882 2558 erit
908 2514 1113 2573 potentia
1136 2523 1181 2558 et
1198 2523 1339 2568 actus,
1367 2514 1490 2573 quod
1506 2525 1573 2558 est
1588 2515 1885 2583 impossibile,
1902 2526 1952 2560 ut
1971 2515 2210 2576 probatum

252 2588 319 2622 est
351 2581 411 2637 (c,
446 2579 510 2623 16.
539 2589 583 2624 et
613 2581 717 2638 17;).

339 2646 474 2690 Item:
506 2648 657 2691 omnis
683 2647 934 2692 substantia
962 2658 1028 2692 est
1054 2658 1238 2708 propter
1263 2662 1394 2692 suam
1419 2650 1760 2708 operationem;
1786 2651 1823 2694 si
1849 2649 1985 2708 igitur
2006 2649 2210 2710 operatio

251 2713 340 2757 Dei
366 2714 423 2757 sit
449 2713 618 2772 aliquid
647 2715 767 2758 aliud
805 2730 943 2774 quam
977 2716 1128 2759 divina
1163 2716 1429 2770 substantia,
1465 2718 1548 2760 erit
1573 2717 1672 2761 finis
1700 2719 1796 2776 ejus
1830 2717 1998 2777 aliquid
2032 2716 2154 2763 aliud
2185 2731 2210 2761 a
2241 2729 2261 2759 s

252 2793 315 2834 se,
343 2789 386 2823 et
412 2781 475 2824 sic
503 2781 630 2826 Deus
657 2796 751 2826 non
780 2783 863 2827 erit
888 2797 969 2827 sua
1000 2783 1194 2836 bonitas,
1223 2797 1330 2826 cum
1355 2784 1530 2827 bonum
1563 2783 1800 2842 cuiuslibet
1826 2784 1883 2828 sit
1907 2784 2009 2829 finis
2041 2784 2151 2843 ejus.

343 2847 392 2891 Si
420 2858 572 2892 autem
599 2849 803 2893 divinum
831 2849 1086 2908 intelligere
1124 2861 1190 2893 est
1227 2851 1323 2908 ejus
1352 2864 1464 2904 esse,
1490 2865 1678 2896 necesse
1717 2861 1785 2896 est
1809 2851 1931 2911 quod
1956 2850 2211 2911 intelligere

253 2915 348 2972 ejus
375 2915 432 2959 sit
458 2915 666 2973 simplex,
699 2926 934 2960 aeternum
959 2926 1002 2961 et
1027 2917 1307 2971 invariabile,
1331 2927 1375 2962 et
1402 2928 1503 2963 actu
1525 2928 1704 2963 tantum
1729 2919 1962 2977 exsistens,
1988 2929 2033 2964 et
2054 2919 2211 2964 omnia

252 2995 367 3039 quae
394 2982 449 3025 de
477 2982 630 3026 divino
649 2997 748 3027 esse
766 2983 955 3041 probata
973 2994 1090 3028 sunt.
1117 2984 1225 3028 Non
1252 2994 1320 3029 est
1344 2985 1480 3043 igitur
1503 2985 1630 3030 Deus
1655 2987 1701 3030 in
1718 2986 1923 3046 potentia
1938 2985 2212 3047 intelligens,

254 3058 331 3092 aut
356 3049 411 3092 de
438 3063 562 3094 novo
591 3049 761 3109 aliquid
787 3050 1040 3110 intelligere
1074 3051 1310 3109 incipiens,
1337 3051 1410 3096 vel
1436 3066 1774 3112 quamcumque
1799 3053 2104 3100 mutationem
2136 3063 2215 3099 aut

253 3109 641 3175 compositionem
667 3118 714 3161 in
740 3116 1038 3177 intelligendo
1065 3117 1251 3162 habens.
2140 3113 2142 3115 ’
