2332 3854
790 220 944 262 mum<
981 220 1060 259 111.
1101 220 1222 260 CAP.
1261 219 1408 259 κων.
1947 220 2014 275 43
2030 221 2050 258 1

103 327 258 388 quitur
281 325 404 386 quod
428 324 468 370 si
487 323 646 373 omnia
671 323 823 369 divina
849 323 1133 383 providentia
1154 332 1364 383 aguntur,
1388 320 1504 370 nihil
1519 320 1576 366 sit
1591 320 1638 366 in
1663 320 1819 366 nobis:
1847 321 1911 366 sic
1934 322 2059 367 enim

105 403 211 439 sunt
236 408 262 438 a
286 393 391 438 Deo
416 393 614 451 provisa,
642 399 690 435 ut
715 405 794 449 per
820 404 905 435 nos
931 390 1069 436 libere
1095 390 1218 435 fiant.

193 460 354 519 Neque
387 469 541 504 autem
578 456 894 503 defectibilitas
928 471 1169 502 causarum
1204 456 1523 511 secundarum,
1560 456 1721 515 quibus
1756 455 2059 501 mediantibus

106 525 292 571 effectus
319 524 630 585 providentiae
657 524 981 582 producuntur,
1009 525 1326 569 certitudinem
1359 524 1538 568 divinae
1565 522 1877 581 providentiae
1908 533 2059 582 potest

105 592 296 647 auferre,
323 602 372 636 ut
396 592 552 651 quinta
573 590 688 636 ratio
715 590 1015 649 procedebat;
1050 605 1155 635 cum
1179 591 1275 650 ipse
1308 591 1433 635 Deus
1458 590 1504 634 in
1528 589 1740 634 omnibus
1765 600 1991 648 operetur,
2016 599 2061 634 et

98 673 189 719 pro
214 672 301 703 suo
328 659 511 703 arbitrio
533 656 793 710 voluntatis,
821 666 870 701 ut
894 671 1030 716 supra
1056 658 1116 714 (c.
1143 655 1214 701 66.
1242 668 1287 702 et
1311 658 1426 716 seq.)
1461 666 1694 701 ostensum
1722 665 1802 701 est.
1836 656 1971 701 Unde
1999 656 2055 700 ad

101 718 202 784 'eius
237 725 570 784 providentiam
604 723 799 783 pertinet
827 732 871 767 et
908 737 1066 767 causas
1103 723 1384 768 defectibiles
1410 724 1683 783 quandoque
1708 722 1827 768 sinat
1851 722 2060 777 deficere,

107 792 380 852 quandoque
407 805 483 835 eas
506 805 532 834 a
558 789 737 835 defectu
764 800 1016 834 conservet.
1891 807 1894 811 >

194 857 260 902 Ea
280 870 391 901 vero
418 871 533 915 quae
560 856 615 900 ad
643 856 963 900 necessitatem
990 856 1278 914 provisorum
1303 870 1328 900 a
1354 857 1456 901 Deo
1483 866 1672 914 possent
1694 857 1864 900 assumi
1887 871 1941 900 ex
1968 869 2060 902 cer-

105 924 295 971 titudine
318 923 500 968 divinae
526 923 757 978 scientiae,
784 922 933 968 soluta
959 932 1061 967 sunt
1089 937 1195 967 cum
1221 924 1276 968 de
1309 924 1398 969 Dei
1423 923 1611 968 scientia
1638 933 1859 983 ageretur.

848 1077 1103 1134 CAPUT
1144 1078 1319 1135 XCV.

447 1205 606 1252 QUOD
647 1205 1008 1244 IMMOBILITAS
1049 1206 1276 1246 DIVINAE
1313 1205 1725 1246 PROVIDENTIAE

495 1279 843 1318 UTILITATEM
875 1280 1175 1320 ORATIONIS
1209 1282 1326 1319 NON
1358 1280 1659 1319 EXCLUDIT.

193 1388 498 1434 Considerate
522 1389 659 1434 etiam
687 1399 881 1448 oportet,
908 1389 1031 1448 quod
1057 1391 1173 1434 sicut
1204 1390 1383 1434 divinae
1419 1389 1730 1449 providentiae
1758 1389 2058 1434 immobilitas

102 1457 421 1505 necessitatem
448 1457 581 1501 rebus
606 1457 799 1515 provisis
825 1470 920 1500 non
951 1457 1160 1515 imponit,
1187 1458 1248 1501 ita
1280 1457 1420 1501 etiam
1451 1471 1536 1501 nec
1570 1457 1790 1501 orationis
1816 1456 2059 1502 utilitatem

94 1522 323 1578 excludit;
348 1537 443 1567 non
470 1523 592 1568 enim
619 1523 674 1566 ad
701 1524 791 1567 hoc
819 1524 965 1567 oratio
991 1524 1045 1566 ad
1067 1523 1219 1567 Deum
1236 1523 1449 1576 funditur,
1468 1533 1517 1567 ut
1543 1534 1726 1568 aeterna
1742 1524 2054 1582 providentiae

98 1590 339 1650 dispositio
364 1590 644 1635 immutetur.
662 1590 763 1634 Hoc
781 1590 904 1633 enim
930 1589 1211 1647 impossibile
1225 1601 1305 1643 est,
1319 1590 1398 1633 sed
1415 1599 1464 1634 ut
1481 1590 1642 1649 aliquis
1660 1589 1771 1634 illud
1797 1591 1920 1649 quod
1948 1591 2059 1635 desi-

102 1657 231 1703 derat
241 1666 505 1716 assequatur
522 1671 547 1700 a
565 1657 681 1700 Deo.
699 1656 791 1700 Piis
809 1657 932 1700 enim
946 1657 1179 1701 desideriis
1195 1656 1431 1701 rationalis
1453 1667 1686 1701 creaturae
1699 1658 1976 1702 conveniens
1994 1668 2061 1702 est

101 1733 152 1768 ut
181 1724 307 1769 Deus
339 1722 567 1776 assentiat,
598 1737 693 1767 non
720 1732 960 1781 ,tamquam
995 1723 1218 1768 desideria
1250 1733 1408 1767 nostra
1440 1733 1659 1767 moveant
1682 1723 2058 1769 immobilitatem

103 1790 207 1844 Dei,
233 1790 310 1834 sed
338 1803 394 1835 ex
418 1803 500 1834 sua
525 1789 728 1834 bonitate
755 1789 960 1848 procedit
985 1799 1034 1833 ut
1056 1790 1379 1834 convenienter
1405 1790 1658 1834 desiderata
1689 1790 1906 1849 perficiat.
1935 1791 2058 1836 Cum

100 1856 227 1904 enim
246 1856 410 1901 omnia
435 1855 698 1901 naturaliter
723 1855 898 1899 bonum
923 1856 1197 1910 desiderent,
1229 1866 1279 1900 ut
1309 1870 1446 1915 supra
1478 1857 1539 1914 (c.
1573 1857 1666 1914 24.)
1700 1857 1943 1916 probatum
1976 1869 2057 1912 est,

102 1923 160 1969 ad
185 1923 617 1982 supereminentia-m
650 1932 804 1967 autem
827 1922 1015 1967 divinae
1047 1923 1262 1967 bonitatis
1294 1923 1517 1982 pertineat
1552 1923 1675 1982 quod
1714 1937 1828 1979 esse,
1865 1934 1910 1971 et
1939 1925 2058 1972 bene

102 2003 203 2037 esse
229 1989 393 2036 ordine
428 1988 631 2048 quodam
665 1988 922 2043 distribuat3
950 2003 1235 2048 consequens
1261 1999 1331 2034 est
1367 1999 1415 2034 ut
1446 2003 1525 2048 per
1551 2004 1683 2035 suam
1709 1990 1961 2036 bonitatem
1987 1991 2060 2040 de-

95 2056 267 2107 sideria
291 2056 379 2115 pia,
403 2070 520 2115 quae
546 2070 627 2115 per
653 2057 911 2100 orationem
938 2055 1233 2115 explicantur,
1261 2055 1521 2115 adimpleat.

192 2123 375 2171 Adhuc:
407 2122 463 2168 ad
479 2132 745 2173 moventem
762 2122 957 2180 pertinet
981 2132 1029 2166 ut
1049 2122 1161 2166 illud
1188 2123 1311 2182 quod
1338 2133 1548 2168 movetur
1574 2122 1791 2182 perducat
1812 2123 1869 2167 ad
1902 2123 2057 2169 finem.

12 2231 16 2236 ,
100 2190 235 2236 Unde
248 2202 301 2236 et
321 2204 398 2249 per
422 2189 635 2239 eamdem
650 2200 860 2234 natur-am
871 2190 1046 2248 aliquid
1063 2199 1274 2234 mov-etur
1291 2190 1346 2233 ad
1364 2189 1517 2243 finem,
1535 2200 1578 2235 et
1596 2191 1888 2249 consequitur
1904 2190 2059 2246 finem,

101 2267 146 2302 et
170 2258 216 2301 in
242 2271 299 2302 eo
325 2256 529 2316 quiescit.
558 2256 714 2301 Omne
742 2266 896 2300 autem
914 2256 1185 2300 desiderium
1214 2266 1282 2300 est
1307 2256 1491 2315 quidam
1509 2266 1662 2301 motus
1689 2257 1745 2301 ad
1770 2257 1960 2312 bonum,
1982 2259 2060 2318 qui

5 2328 19 2383 f
94 2323 285 2384 *quidem
309 2338 405 2372 non
430 2333 582 2382 potest
605 2322 737 2367 rebus
762 2322 926 2378 inesse,
943 2323 1029 2367 nisi
1056 2337 1081 2367 a
1107 2323 1224 2377 De0,
1251 2323 1329 2382 qui
1354 2333 1422 2368 est
1446 2337 1525 2382 per
1551 2324 1797 2368 essentiam
1829 2339 1960 2370 suam
1984 2325 2061 2369 bo·

100 2402 202 2447 nus,
226 2401 271 2436 et
295 2389 399 2436 fons
424 2390 659 2434 bonitatis:
687 2403 880 2435 movens
906 2390 1028 2434 enim
1055 2404 1194 2434 omne
1220 2400 1376 2434 movet
1402 2391 1458 2434 ad
1485 2390 1653 2447 aliquid
1680 2391 1828 2435 simile
1855 2391 1951 2436 sibi.
1985 2392 2059 2436 Ad

5 2470 30 2497 -ί
95 2456 251 2505 Deum
276 2457 414 2516 igitur
437 2457 631 2516 pertinet
660 2456 913 2500 secundum
938 2470 1069 2500 suam
1094 2457 1347 2501 boni-tatem
1381 2458 1502 2516 quod
1536 2457 1758 2502 desideria
1784 2458 2058 2503 convenien-

95 2524 177 2579 tia,
204 2538 321 2583 quae
346 2537 425 2582 per
450 2523 714 2568 ‹oratione-m
739 2521 1034 2581 explicantur,
1061 2523 1117 2567 ad
1144 2523 1357 2568 effectum
1391 2524 1741 2569 convenientem
1768 2525 1998 2583 perducat.

26 2633 30 2636 .
184 2591 324 2640 Jtem:
350 2600 520 2650 quanto
548 2588 698 2649 aliqua
723 2600 827 2635 sunt
848 2590 1174 2649 propinquiora
1206 2591 1426 2645 moventi,
1459 2601 1586 2635 tanto
1613 2590 1843 2636 efficacius
1875 2592 2060 2651 impres-

30 2674 33 2676 ·
100 2658 280 2703 sionem
311 2657 538 2702 moventis
571 2666 892 2716 assequuntur;
923 2671 1032 2701 nam
1059 2667 1103 2701 et
1134 2671 1249 2716 quae
1282 2658 1606 2716 propinquiora
1638 2668 1743 2702 sunt
1773 2659 1883 2717 igni,
1909 2658 2056 2717 magis

26 2734 30 2741 ’
97 2725 158 2773 ,ab
186 2725 290 2783 *ipso
323 2723 549 2768 calefiunt.
587 2723 874 2768 Substantiae
911 2733 1064 2767 autem
1100 2723 1431 2768 intellectuales
1455 2724 1801 2783 propinquiores
1824 2725 2059 2779 suntDeo,

0 2837 1 2840 ,
23 2795 32 2830 5
96 2805 240 2850 quam
265 2790 540 2835 substantiae
557 2790 783 2834 naturales
809 2790 1100 2834 inanimatae.
1117 2789 1360 2835 Efficacior
1376 2801 1443 2835 est
1464 2791 1599 2849 igitur
1620 2791 1860 2849 impressio
1877 2791 2057 2837 divinae

0 2911 1 2914 Ἰ
99 2857 318 2902 motionis
342 2857 390 2900 in
416 2856 674 2901 substantiis
706 2855 1098 2911 intellectualibus,
1117 2869 1255 2915 quam
1279 2857 1326 2902 in
1353 2857 1612 2902 substantiis
1639 2857 1738 2902 aliis
1764 2857 2056 2904 naturalibus.

0 2943 2 2947 ·
29 2921 35 2966 i
102 2923 311 2983 Corpora
337 2932 490 2967 autem
507 2921 729 2967 naturalia
755 2923 802 2965 in
826 2931 1004 2967 tantum
1030 2923 1300 2981 participant
1325 2924 1380 2968 de
1407 2924 1614 2969 motione
1643 2924 1808 2978 divina,
1835 2924 1957 2983 quod
1984 2939 2058 2972 na·

40 3006 45 3009 ’
99 2990 293 3036 turalem
318 2990 428 3034 boni
454 2989 703 3049 appetitum
729 2999 1069 3048 consequuntur
1085 3004 1139 3033 ex
1157 3003 1225 3044 ea,
1253 2999 1296 3034 et
1322 2991 1460 3035 etiam
1487 2991 1707 3050 appetitus
1724 2990 2057 3049 impletionem,

97 3058 224 3118 quod
248 3056 436 3116 quidem
460 3055 523 3110 fit,
549 3055 660 3100 dum
685 3056 892 3115 proprios
919 3055 1031 3100 fines
1057 3066 1410 3115 consequuntur.
1437 3057 1584 3102 Multo
1608 3058 1742 3116 igitur
1759 3057 1906 3116 magis
1930 3056 2058 3102 intel-

98 3123 318 3171 lectuales
344 3122 620 3168 substantiae
653 3122 979 3167 desideriorum
1005 3136 1207 3176 suorum,
1234 3137 1350 3182 quae
1376 3137 1455 3182 per
1472 3124 1728 3171 orationem
1745 3124 1848 3168 Deo
1865 3123 2060 3170 offerun-

99 3201 186 3246 tur,
217 3189 532 3249 impletionem
560 3199 910 3247 consequuntur.
984 3231 991 3245 ,

190 3256 426 3314 Amplius:
453 3255 508 3299 de
534 3255 710 3302 ratione
742 3255 971 3302 amicitiae
998 3265 1066 3300 est
1091 3255 1214 3315 quod
1246 3269 1405 3300 amans
1437 3255 1546 3301 velit
1575 3255 1756 3315 impleri
1782 3256 2057 3303 desiderium

101 3323 256 3377 amati,
287 3324 332 3366 in
368 3331 589 3381 quantum
621 3320 718 3365 vult
748 3322 843 3379 ejus
871 3321 1043 3367 bonum
1078 3332 1122 3366 et
1155 3322 1505 3380 perfectionem3
1542 3333 1725 3382 propter
1749 3323 1871 3382 quod
1894 3323 2058 3368 dicitur

98 3390 223 3450 quod
249 3389 503 3434 amicorum
536 3397 605 3433 est
636 3387 760 3432 idem
785 3387 916 3433 velle.
942 3387 1197 3434 Ostensum
1225 3399 1294 3434 est
1324 3399 1478 3434 autem
1503 3404 1636 3447 supra
1663 3389 1783 3447 (Lib.
1816 3390 1849 3436 Ι.
1878 3404 1916 3435 e.
1944 3390 2057 3450 91.),

99 3457 223 3517 quod
248 3456 375 3501 Deus
400 3469 530 3500 suam
553 3463 807 3500 creaturam
829 3465 966 3509 amat,
989 3465 1033 3500 et
1050 3466 1176 3500 tanto
1191 3456 1342 3514 magis
1366 3469 1750 3515 unamquamque,
1764 3466 1937 3515 quanto
1956 3456 2056 3515 plus

55 3544 61 3570 1
98 3523 160 3572 de
186 3522 392 3572 bonitate
423 3521 675 3581 participat,
701 3535 817 3580 quae
844 3531 913 3567 est
934 3522 1135 3582 primum
1162 3533 1207 3567 et
1231 3522 1478 3582 principale
1496 3521 1699 3570 amatum
1727 3523 1779 3566 ab
1806 3523 1921 3582 ipso.
1947 3523 2057 3568 Vult

94 3589 239 3652 ‚igitur
261 3588 444 3651 impleri
469 3588 689 3635 desideria
719 3587 954 3637 rationalis
980 3599 1228 3645 creaturae,
1254 3603 1370 3649 quae
1398 3589 1724 3650 perfectissime
1751 3590 1955 3639 divinam
1975 3590 2055 3639 bo·
