2332 3854
750 240 905 279 Lmen
943 240 999 279 11.
1040 240 1160 278 CAP.
1202 237 1427 276 Lxxvm.
1960 236 2066 290 239

13 370 36 396 -,
114 351 182 389 est
203 358 256 398 »ς
286 342 409 402 quod
436 356 529 386 non
562 353 714 401 potest
744 342 938 401 intelligi
971 342 1025 387 de
1059 350 1246 401 agente3
1281 354 1374 385 non
1408 338 1529 384 enim
1561 338 1658 398 ipse
1690 336 1815 382 solus
1847 347 1916 382 est
1945 351 2073 397 sepa-

29 412 43 437 ’-
115 419 253 465 ratus,
278 409 383 468 quia
404 409 497 467 jam
523 408 645 453 idem
671 409 843 453 dixerat
870 410 920 466 (t.
955 423 993 453 c.
1021 407 1085 465 6.)
1108 408 1163 452 de
1195 406 1430 451 intellectu
1456 403 1683 465 possibili;
1714 418 1800 448 nec
1828 413 1979 462 potest
2003 404 2068 448 in-

33 485 38 522 Γ
114 475 259 535 telligi
280 476 336 520 de
369 474 587 535 possibili,
607 475 715 534 quia
740 477 830 534 jam
858 476 982 519 idem
1009 475 1182 519 dixerat
1213 476 1264 532 (t.
1291 488 1330 518 c.
1370 473 1456 533 19.)
1491 471 1545 516 de
1579 480 1756 530 agente.
1788 469 2073 529 Relinquitur

38 549 42 555 ”
117 556 229 602 ergo
255 542 378 601 quod
404 542 579 586 dicatur
599 542 655 586 de
689 555 745 586 eo
769 542 891 600 quod
919 541 1264 600 comprehendit
1285 551 1542 599 utrumque,
1568 537 1740 582 scilicet
1761 537 1816 582 de
1840 536 2072 582 intellectu

19 619 43 657 .j
117 609 165 654 in
191 619 310 663 actu,
331 608 386 653 de
418 621 508 667 quo
534 608 826 667 loquebatur3
854 609 959 666 quia
984 608 1074 651 hoc
1099 607 1254 651 solum·
1275 607 1322 651 in
1349 606 1502 650 anima
1527 615 1683 650 nostra
1710 614 1776 649 est
1802 614 2075 662 separatum,

113 689 208 721 non
249 685 380 720 utens
413 688 603 734 organo,
641 675 762 734 quod
800 676 992 732 pertinet
1028 675 1083 718 ad
1120 673 1402 718 intellectum
1437 673 1484 716 in
1519 682 1637 726 actu,
1668 671 1715 715 id
1757 681 1825 716 est
1859 670 1938 714 illa
1970 684 2074 729 pars

34 737 37 741 ’
115 742 296 788 animae
340 756 429 801 qua
463 741 762 801 intelligimus
797 750 914 794 actu,
954 741 1346 799 comprehendens
1378 739 1644 799 possibilem
1679 748 1725 783 et
1755 747 1981 797 agentem.
2016 737 2073 781 Et

113 809 219 854 ideo
242 808 472 867 subjungit
487 808 609 868 quod
630 825 654 850 «
672 808 763 852 hoc
789 807 941 851 solum
969 809 1147 851 animae
1170 806 1432 851 immortale
1449 817 1492 851 et
1508 814 1775 865 perpetuum
1799 813 1868 849 est
1882 820 1925 859 »,
1946 805 2072 864 quasi

115 889 143 920 a
168 888 362 936 corpore
394 889 489 920 non
521 875 794 934 dependens,
817 888 956 933 quum
983 874 1040 918 sit
1065 883 1338 931 separatum.

783 1049 1038 1106 CAPUT
1080 1050 1338 1106 LXXIX.

153 1187 314 1233 Quon
347 1186 521 1227 AmMA
554 1186 803 1238 HUMANA,
839 1187 1138 1226 CORRUPTO
1175 1187 1448 1238 CORPORE,
1478 1187 1597 1226 NON
1630 1159 2037 1226 CORRUMPITUR.

712 1289 766 1346 (I.
785 1295 902 1349 part.-
928 1295 1077 1348 quaest.
1105 1290 1279 1334 LXXV.
1307 1295 1390 1334 art
1422 1290 1498 1348 7..)

14 1446 23 1452 ,,
102 1443 107 1445 .
202 1399 269 1445 Ex
300 1400 560 1459 praemissis
599 1401 737 1460 igitur
775 1400 1014 1446 manifeste
1048 1401 1228 1445 ostendi
1262 1410 1413 1459 potest
1445 1401 1648 1445 animam
1688 1401 1940 1484 humanam
1983 1413 2078 1444 non

92 1515 93 1518 ,
115 1467 363 1527 corrumpi,
390 1477 603 1527 corrupto
632 1482 837 1526 corpore.

24 1576 41 1591 ,ᾗ
206 1533 459 1579 Ostensum
485 1545 553 1579 est
584 1535 705 1579 enim
733 1548 868 1592 supra
887 1535 947 1592 (c.
972 1535 1060 1592 55.)
1079 1548 1269 1579 omnem
1287 1534 1584 1579 substantiam
1602 1534 1958 1580 intellectualem
1978 1548 2078 1578 esse

56 1651 58 1653 ¹
112 1600 518 1660 incorruptibilem.
542 1602 712 1645 Anima
739 1611 893 1646 autem
917 1601 1120 1646 hominis
1144 1611 1212 1646 est
1228 1602 1455 1660 quaedam
1472 1602 1721 1646 substantia
1742 1600 2079 1656 intellectualis,

19 1667 38 1684 ’·
114 1676 166 1713 ut
188 1677 424 1712 ostensum
458 1677 539 1712 est.
569 1668 768 1726 Oportet
799 1669 936 1726 igitur
968 1669 1172 1712 animam
1197 1668 1450 1712 humanam
1475 1668 1868 1727 incorruptibilem
1896 1683 2008 1713 esse.

34 1727 39 1735 ’
204 1734 394 1780 Adhuc:
427 1734 552 1779 nulla
577 1749 650 1779 res
682 1735 988 1792 corrumpitur
1010 1749 1064 1778 ex
1091 1749 1147 1779 eo
1173 1735 1220 1778 in
1248 1749 1338 1793 quo
1367 1735 1576 1780 consistit
1606 1749 1687 1779 sua
1713 1734 1958 1794 perfecti03
1989 1735 2078 1780 hae

31 1844 45 1861 „
118 1802 242 1846 enim
274 1803 550 1846 mutationes
567 1811 670 1846 sunt
688 1804 957 1857 contrariae,
975 1801 1149 1846 scilicet
1167 1802 1221 1845 ad
1239 1801 1568 1860 perfectionem
1587 1811 1632 1847 et
1648 1803 1702 1847 ad
1722 1802 2078 1862 corruptionem.

24 1863 50 1924 Ῑρ
117 1868 345 1915 Perfectio
378 1879 530 1914 autem
565 1869 744 1913 animae
780 1869 1012 1913 humanae
1044 1869 1251 1914 consistit
1276 1869 1323 1912 in
1361 1869 1664 1914 abstractione
1697 1869 1895 1928 quadam
1928 1884 1953 1913 a
1985 1883 2082 1914 cor-

31 1940 34 1947 '
116 1949 254 1995 pore3
279 1935 508 1994 perficitur
539 1936 661 1980 enim
688 1936 841 1980 anima
867 1936 1054 1980 scientia
1081 1946 1125 1980 et
1149 1936 1339 1991 virtute;
1373 1936 1625 1980 secundum
1657 1937 1896 1981 scientiam
1925 1946 2078 1980 autem

116 2012 246 2048 tanto
277 2005 426 2062 magis
450 2002 691 2062 perficitur,
714 2013 885 2061 quanto
913 2003 1060 2061 magis
1085 2002 1408 2047 immaterialia
1425 2003 1707 2059 considerat3
1732 2003 1907 2048 virtutis
1926 2012 2079 2047 autem

117 2068 333 2129 perfectio
365 2069 572 2114 consistit
591 2070 636 2113 in
661 2069 768 2123 hoc,
796 2069 918 2128 quod
943 2069 1090 2113 homo
1118 2069 1321 2128 corporis
1347 2070 1582 2128 passiones
1608 2085 1702 2115 non
1735 2080 1974 2129 sequatur3
1999 2071 2078 2114 sed

118 2150 196 2182 eas
228 2136 482 2181 secundum
510 2136 736 2181 rationem
762 2146 986 2195 temperet
1019 2146 1063 2180 et
1099 2136 1307 2181 refrenet.
1345 2137 1452 2182 Non
1482 2151 1592 2196 ergo
1627 2138 1858 2197 corruptio
1893 2138 2074 2182 animae

18 2196 31 2246 'J'
119 2203 326 2249 consistit
349 2203 396 2247 in
422 2203 513 2247 hoc
536 2204 658 2262 quod
691 2217 715 2246 a
743 2217 934 2262 corpore
967 2211 1213 2261 separetur.

26 2320 52 2325 „‚
100 2313 104 2316 ,
209 2269 258 2315 si
285 2279 439 2315 autem
471 2271 646 2315 dicatur
677 2270 798 2329 quod
830 2269 1047 2329 perfectio
1081 2270 1262 2314 animae
1297 2269 1502 2314 consistit
1532 2269 1580 2314 in
1612 2272 1897 2328 separatione
1925 2272 2020 2329 ejus
2054 2285 2081 2316 a

33 2362 58 2398 :5
119 2348 310 2396 corpore
339 2337 590 2381 secundum
614 2337 944 2396 operationem,
973 2337 1204 2395 corruptio
1243 2346 1397 2381 autern
1429 2336 1475 2380 in
1513 2338 1797 2396 separatione
1830 2338 2083 2382 secundum

95 2417 232 2458 esse,
262 2417 358 2448 non
379 2404 704 2449 convenienter
726 2404 948 2448 obviatur.
978 2403 1203 2463 Operatio
1230 2404 1354 2448 enim
1386 2403 1451 2448 rei
1474 2404 1758 2449 demonstrat
1782 2405 2080 2449 substantiam

99 2480 163 2517 :et
181 2483 288 2516 esse
308 2471 472 2531 ipsius;
498 2473 604 2530 quia
630 2471 988 2530 unumquodque
1022 2480 1237 2530 operatur
1268 2470 1523 2514 secundum
1555 2471 1678 2530 quod
1706 2482 1771 2516 est
1794 2486 1888 2526 ens,
1912 2482 1957 2517 et
1981 2487 2081 2531 pro-

116 2539 215 2598 pria
247 2539 452 2598 operatio
478 2539 544 2583 rei
565 2539 768 2598 sequitur
792 2538 1024 2597 propriam
1050 2538 1191 2597 ipsius
1215 2548 1441 2582 naturam.
1465 2538 1573 2582 Non
1595 2547 1744 2598 potest
1765 2539 1903 2597 igitur
1927 2539 2083 2598 perfici

45 2631 49 2638 >-
119 2605 328 2665 operatio
361 2605 551 2664 alicujus
573 2606 653 2661 rei,
679 2605 767 2651 nisi
787 2605 1041 2651 secundum
1074 2605 1196 2664 quod
1223 2604 1453 2663 perficitur
1475 2607 1570 2663 ejus
1598 2606 1861 2650 substantia.
1881 2605 1931 2650 Si
1946 2606 2082 2664 igitur

98 2672 274 2717 -anima
299 2673 550 2718 secundum
570 2673 898 2732 *operationem
921 2686 1053 2716 suam
1085 2671 1317 2731 perficitur
1341 2672 1388 2715 in
1421 2671 1719 2731 relinquendo
1740 2687 1904 2731 corpus
1924 2683 1968 2718 et
1985 2687 2083 2718 cor-

96 2752 273 2799 --porea‚
297 2739 545 2784 substantia
575 2753 658 2784 sua
682 2739 729 2783 in
762 2753 861 2783 esse
886 2752 970 2783 suo
996 2753 1090 2783 non
1124 2738 1303 2784 deficiet
1333 2753 1414 2797 per
1438 2738 1546 2792 hoc,
1573 2739 1695 2798 quod
1729 2753 1755 2782 a
1788 2753 1982 2799 corpore
2014 2753 2083 2784 se-

0 2816 5 2868 3
47 2810 315 2874 'gyparatur

0 2874 4 2922 ἶ
207 2873 347 2919 Item.
373 2875 608 2933 proprium
640 2873 938 2932 perfectivum
964 2872 1167 2917 hominis
1193 2873 1443 2917 secundum
1477 2873 1680 2917 animam
1713 2883 1782 2918 est
1813 2873 1980 2933 aliquid
2012 2873 2083 2919 in-

0 2981 3 2990 ,
57 2937 438 3000 fjcorruptibile;
461 2940 643 3000 propria
666 2940 787 2985 enim
816 2940 1023 2999 operatio
1056 2940 1311 2994 hominis,
1299 2954 1347 2983 in
1373 2950 1594 2999 quantum
1619 2940 1899 2998 hujusmodi,
1926 2950 1995 2986 est
2019 2941 2083 2986 in-

55 3005 349 3066 ἐκωΗὶεετες
374 3022 456 3067 per
476 3008 596 3052 hanc
618 3007 741 3052 enim
774 3007 922 3052 differt
948 3022 974 3051 a
999 3008 1138 3052 brutis
1173 3017 1217 3051 et
1247 3007 1412 3065 plantis
1446 3018 1490 3052 et
1520 3007 1807 3062 inanimatis;
1828 3008 2081 3068 intelligere

26 3134 30 3137 .
123 3073 245 3119 enim
262 3083 330 3119 est
345 3074 669 3119 universalium
687 3085 731 3119 et
747 3073 1171 3134 incorruptibilium,
1184 3074 1228 3118 in
1248 3084 1468 3133 quantum
1480 3074 1758 3133 hujusmodi.
1772 3074 2081 3121 Perfectiones

0 3143 76 3202 ¹⁷43
101 3149 275 3185 ,autem
301 3150 481 3200 oportet
511 3155 611 3186 esse
636 3140 988 3201 perfectibilibus
1022 3141 1403 3201 proportionatas.
1436 3141 1558 3199 Ergo
1594 3143 1746 3186 anima
1780 3142 1983 3187 humana
2015 3152 2083 3188 est

0 3209 4 3235 ⁵
119 3205 487 3266 incorruptibilis.

59 3280 61 3282 ’
212 3272 447 3350 Amplius.
484 3274 766 3350 impossibile
803 3284 872 3319 est
903 3274 1152 3334 appetitum
1184 3273 1439 3319 naturalem
1473 3287 1571 3319 esse
1608 3274 1784 3319 frustra.
1820 3275 1910 3320 Sed
1937 3275 2082 3320 homo

105 3405 181 3451 ab
206 3406 420 3452 omnibus
452 3407 695 3466 appetitur3
721 3407 867 3452 homo
901 3419 1052 3452 autem
1086 3423 1166 3466 per
1196 3407 1480 3452 intellectum
1514 3408 1812 3467 apprehendit
1842 3423 1955 3464 esse,
1986 3423 2081 3454 non

88 3455 280 3518 ſssolum
300 3483 351 3549 ut
374 3487 512 3527 nunc,
540 3474 656 3519 sicut
676 3475 806 3519 bruta
833 3474 1061 3551 animalia,
1079 3475 1157 3519 sed
1184 3473 1789 3552 simpliciter..Consequitur
1808 3489 1918 3535 ergo
1935 3476 2081 3521 horno
