2332 3854
299 264 405 303 212
968 264 1124 303 LIBER
1163 263 1220 301 11.
1262 263 1384 303 CAP.
1425 265 1590 305 LXVII.

299 370 453 414 anima
480 371 533 430 (t.
569 386 606 415 c.
639 370 772 430 161.).
799 367 1063 414 Intellectus
1091 377 1245 412 autem
1271 366 1596 413 universalium
1614 378 1659 414 et
1677 369 2039 429 incorporalium
2058 382 2140 419 est.
2155 374 2264 420 Non

299 448 366 482 est
390 438 529 497 igitur
555 437 810 482 intellectus
837 435 1064 495 possibilis
1090 435 1376 494 imaginatio.

387 505 622 563 Amplius:
651 503 932 562 impossibile
961 512 1027 546 est
1052 502 1175 547 idem
1205 516 1305 547 esse
1332 516 1523 548 movens
1552 513 1596 547 et
1617 514 1811 549 motum.
1835 503 1925 549 Sed
1941 505 2263 563 phantasmata

299 582 488 615 movent
513 570 795 614 intellectum
823 568 1103 627 possibilem,
1130 569 1247 613 sicut
1278 570 1506 614 sensibilia
1539 584 1740 625 sensum,
1773 581 1822 615 ut
1855 572 2123 618 Aristoteles
2156 575 2265 620 dicit

297 638 344 681 in
371 638 503 681 tertio
530 639 600 681 De
628 637 781 680 anima
809 638 859 694 (t.
889 650 927 679 c.
959 635 1064 695 30.).
1090 635 1378 696 Impossibile
1399 647 1467 682 est
1490 637 1627 698 igitur
1645 638 1768 697 quod
1786 638 1843 682 sit
1857 638 1980 683 idem
2005 639 2262 687 intellectus

298 704 525 763 possibilis
553 714 596 747 et
621 703 904 761 imaginatio.
2184 712 2186 715 ’

389 772 652 815 Praeterea:
681 770 922 828 probatum
951 779 1031 823 est,
1064 769 1110 813 in
1137 769 1270 814 tertio
1303 770 1375 814 De
1409 770 1562 815 anima
1594 772 1646 830 (t.
1675 785 1712 815 c.
1747 770 1825 828 6.)‚
1852 771 1975 831 quod
2006 771 2264 820 intellectus

298 853 391 882 non
420 848 486 881 est
513 847 638 880 actus
668 836 858 894 alicujus
885 837 1021 894 partis
1050 837 1268 896 corporis.
1297 837 1572 896 Imaginatio
1596 849 1749 882 autem
1765 839 1903 884 habet
1919 835 2145 899 organum
2169 855 2265 885 cor-

297 905 454 964 porale
482 904 848 947 determinatum.
875 904 983 947 Non
1013 914 1080 948 est
1101 903 1237 962 igitur
1253 904 1376 948 idem
1394 905 1662 963 imaginatio
1681 915 1725 949 et
1741 905 1997 953 intellectus
2019 907 2263 967 possibilis.

388 973 506 1015 Hinc
535 981 603 1015 est
624 971 745 1030 quod
765 970 927 1014 dicitur
944 970 1053 1029 (Job
1071 970 1260 1014 XXXV.
1285 985 1301 1015 1
1315 970 1397 1027 1.):
1419 972 1508 1028 Qui
1524 972 1636 1016 docet
1660 987 1731 1016 nos
1748 981 1877 1033 *super
1900 976 2092 1032 jumenta
2113 981 2262 1032 terrae,

297 1047 335 1085 et
366 1048 487 1099 super
517 1039 704 1083 volucres
737 1039 836 1083 coeli
858 1038 993 1082 erudit
1023 1053 1095 1082 nos
1103 1053 1119 1090 ,·
1154 1052 1234 1098 per
1266 1038 1387 1097 quod
1422 1039 1553 1082 datur
1584 1038 1778 1099 intelligi
1809 1041 1932 1099 quod
1963 1041 2164 1089 hominis
2196 1053 2264 1088 est

299 1107 449 1166 aliqua
476 1108 616 1150 virtus
644 1105 961 1165 cognoscitiva
987 1119 1123 1164 supra
1149 1118 1334 1149 sensum
1359 1114 1403 1150 et
1423 1105 1805 1165 imaginationem
1832 1121 1948 1168 quae
1971 1118 2077 1155 sunt
2093 1109 2145 1154 in
2164 1109 2263 1154 aliis

300 1172 585 1218 animalibus.

936 1319 1241 1376 CAPUT
1300 1320 1623 1376 LXVIII.

524 1457 804 1505 QUALITER
829 1455 1172 1495 SUBSTANTIA
1202 1456 1678 1495 INTELLECTUALIS
1705 1456 1899 1497 POSSIT
1925 1457 2054 1497 ESSE

1033 1531 1302 1570 CORPORIS
1334 1530 1539 1570 FORMA.

388 1643 453 1688 Ex
478 1643 739 1702 praemissis
765 1642 903 1701 igitur
928 1641 1178 1685 rationibus
1208 1639 1482 1686 concludere
1513 1654 1757 1700 possumus
1791 1639 1914 1701 quod
1946 1634 2264 1696 intellectualis

296 1711 551 1773 *substantia
577 1719 726 1770 potest
753 1709 935 1768 corpori
961 1708 1078 1752 uniri
1104 1718 1153 1752 ut
1183 1707 1345 1752 forma.
1554 1701 1558 1705 ’

388 1778 438 1822 Si
463 1779 585 1822 enim
614 1777 862 1822 substantia
887 1775 1207 1820 intellectualis
1239 1789 1333 1819 non
1361 1775 1513 1819 unitur
1545 1774 1726 1834 corpori
1756 1773 1908 1819 solum
1941 1784 1991 1819 ut
2021 1785 2190 1832 motor,
2215 1785 2265 1824 ut

297 1845 436 1890 Plato.
458 1845 633 1904 posuit3
661 1859 808 1903 neque
836 1844 1127 1887 continuatur
1154 1843 1195 1887 ei
1212 1842 1363 1887 solum
1382 1857 1462 1901 per
1479 1842 1813 1901 phantasmata,
1830 1852 1879 1887 ut
1895 1842 2005 1886 dixit
2021 1843 2263 1899 Averroes,

297 1913 374 1957 sed
403 1923 452 1957 ut
475 1911 646 1966 forma;
671 1926 820 1971 neque
848 1921 1004 1955 tamen
1030 1909 1299 1964 intellectuS,
1329 1923 1419 1967 quo
1446 1909 1591 1952 homo
1618 1908 1844 1967 intelligit,
1879 1918 1947 1953 est
1977 1909 2263 1969 praeparatio

297 1980 345 2023 in
371 1980 575 2022 humana
602 1989 777 2033 natura,
805 1987 853 2021 ut
879 1977 988 2020 dixit
1014 1976 1298 2031 Alexander3
1325 1989 1473 2034 neque
1502 1974 1777 2035 complexio,
1794 1985 1843 2020 ut
1866 1973 2095 2031 Galenus;
2114 1990 2264 2037 neque

298 2047 557 2101 harmonia,
584 2058 629 2090 ut
657 2045 983 2103 Empedocles;
1010 2058 1158 2103 neque
1187 2058 1350 2102 corpus
1382 2043 1456 2087 vel
1488 2057 1648 2087 sensus
1681 2041 1756 2087 vel
1787 2042 2073 2102 imaginatio,
2105 2053 2156 2088 ut
2186 2057 2265 2088 an·

295 2114 408 2172 tiqui
437 2114 667 2168 dixerunt3
696 2112 963 2172 relinquitur
995 2111 1118 2171 quod
1152 2111 1305 2154 anima
1336 2111 1540 2154 humana
1573 2110 1629 2154 sit
1660 2108 1982 2156 intellectualis
2013 2109 2263 2158 substantia
2327 2130 2332 2138 ·

298 2181 481 2240 corpori
507 2181 632 2225 unita
659 2189 706 2224 ut
731 2180 904 2233 forma;
933 2180 1055 2238 quod
1083 2178 1268 2238 quidem
1295 2178 1358 2222 sic
1386 2187 1535 2236 potest
1560 2176 1658 2221 fieri
1683 2176 2000 2222 manifestum:

385 2248 458 2292 Ad
483 2248 573 2292 hoc
598 2248 720 2292 enim
738 2247 861 2306 quod
885 2245 1054 2305 aliquid
1072 2248 1129 2289 sit
1145 2245 1295 2289 forma
1313 2243 1617 2289 substantialis
1638 2243 1835 2299 alterius,
1853 2244 1944 2288 duo
1961 2246 2264 2305 requiruntur.

299 2314 516 2367 Quorum
542 2330 686 2359 unum
714 2324 781 2358 est
807 2324 855 2358 ut
885 2313 1035 2358 forma
1069 2313 1125 2356 sit
1156 2312 1430 2372 principium
1465 2311 1643 2355 essendi
1675 2310 2030 2356 substantialiter
2061 2311 2104 2357 ei
2135 2313 2263 2371 cujus

297 2392 365 2426 est
391 2381 566 2436 forma;
593 2381 868 2441 principium
896 2391 1049 2425 autem
1077 2379 1180 2423 dico
1208 2393 1302 2423 non
1330 2378 1590 2423 effectivum
1618 2377 1695 2422 sed
1726 2377 1936 2434 formale,
1969 2393 2060 2438 quo
2093 2377 2264 2439 aliquid

299 2459 376 2494 est
401 2458 445 2493 et
471 2449 795 2493 denominatur·
821 2462 914 2492 ens.
943 2448 1078 2492 Unde
1099 2446 1300 2506 sequitur
1328 2445 1464 2500 aliud,
1491 2444 1666 2489 scilicet
1691 2445 1814 2504 quod
1837 2445 1988 2490 forma
2005 2455 2052 2491 et
2071 2446 2264 2492 materia

298 2516 574 2561 conveniant
595 2516 641 2559 in
668 2530 760 2560 uno
790 2530 913 2570 esse;
947 2515 1070 2574 quod
1096 2528 1190 2557 non
1224 2513 1447 2571 contingit
1478 2512 1534 2556 de
1565 2512 1788 2572 principio
1822 2511 2032 2559 effectivo
2066 2527 2172 2559 cum
2204 2527 2262 2559 eo

297 2583 370 2627 cui
397 2583 473 2628 dat
500 2598 625 2638 esse;
652 2593 697 2627 et
721 2583 812 2627 hoc
836 2596 935 2627 esse
963 2592 1029 2626 est
1055 2583 1100 2625 in
1128 2596 1219 2640 quo
1247 2581 1446 2625 subsistit
1472 2580 1721 2624 substantia
1750 2581 2021 2639 composita,
2053 2595 2170 2641 quae
2195 2590 2265 2626 est

297 2665 387 2694 una
414 2651 667 2695 secundum
701 2665 797 2695 esse
826 2665 879 2694 ex
906 2650 1097 2693 materia
1116 2659 1160 2693 et
1175 2648 1324 2692 forma
1343 2657 1571 2692 constans
1589 2647 1697 2691 Non
1716 2658 1869 2692 autem
1894 2647 2138 2708 impeditur
2159 2649 2264 2693 sub-

295 2719 460 2762 stantia
485 2717 821 2771 intellectualis,
849 2732 928 2776 per
954 2717 1044 2760 hoc
1074 2716 1196 2775 quod
1224 2726 1292 2760 est
1318 2715 1580 2767 subsistens,
1609 2724 1658 2758 ut
1689 2715 1930 2773 probatum
1964 2725 2032 2760 est
2063 2716 2122 2774 (c.
2156 2713 2261 2773 56.),

296 2799 394 2830 esse
421 2785 616 2829 formale
642 2785 916 2843 principium
941 2784 1120 2828 essendi
1137 2783 1370 2837 materiae,
1390 2782 1519 2841 quasi
1536 2796 1633 2826 esse
1652 2796 1787 2826 suum
1806 2782 2154 2828 communicans
2169 2797 2264 2827 ma-

295 2853 460 2907 teriae3
488 2866 583 2896 non
611 2862 678 2896 est
704 2854 826 2896 enirn
848 2851 1182 2913 'inconveniens
1210 2850 1332 2909 quod
1359 2850 1481 2894 idem
1509 2851 1565 2894 sit
1592 2863 1690 2894 esse
1715 2850 1762 2893 in
1789 2864 1881 2909 quo
1913 2850 2114 2896 subsistit
2139 2864 2263 2896 com·

293 2920 509 2980 positum,
537 2929 581 2963 et
606 2918 757 2963 forma
782 2919 893 2978 ipsa,
920 2933 1062 2977 quum
1090 2918 1402 2977 compositum
1419 2931 1513 2961 non
1531 2917 1587 2961 sit
1602 2917 1688 2961 nisi
1706 2931 1785 2976 per
1801 2916 2017 2973 formam,
2039 2931 2124 2966 nec
2141 2931 2263 2965 seor·

295 3002 398 3032 sum
423 2997 664 3045 utrumque
684 2986 908 3030 subsistat.

384 3055 543 3098 Potest
570 3062 722 3096 autem
750 3053 887 3111 objici
914 3052 1036 3111 quod
1054 3052 1302 3097 substantia
1319 3050 1638 3096 intellectualis
1658 3066 1756 3096 esse
1775 3065 1908 3096 suum
1932 3051 2150 3097 materiae
2167 3066 2264 3097 cor-

294 3120 441 3181 porali
469 3120 814 3164 communicare
841 3134 934 3163 non
961 3121 1117 3178 possit,
1145 3130 1192 3164 ut
1219 3121 1274 3164 sit
1300 3133 1443 3163 unum
1466 3133 1564 3163 esse
1588 3119 1864 3164 substantiae
1882 3117 2200 3164 intellectualis
2217 3129 2262 3164 et

295 3189 513 3232 materiae
542 3187 818 3247 corporalis;
845 3187 1131 3231 diversorum
1158 3187 1279 3232 enim
1307 3200 1528 3245 generum
1557 3196 1624 3231 est
1650 3187 1854 3231 diversus
1880 3185 2046 3232 modus
2066 3186 2261 3241 essendi,

295 3266 340 3301 et
365 3256 605 3300 nobilioris
633 3255 909 3299 substantiae
935 3254 1132 3298 nobilius
1166 3269 1276 3299 esse.

386 3324 486 3367 Hoc
517 3334 670 3366 autem
701 3322 1026 3366 convenienter
1052 3322 1290 3375 diceretur,
1323 3321 1361 3366 si
1394 3321 1559 3366 eodem
1592 3322 1734 3366 modo
1767 3320 1878 3366 illud
1910 3334 2011 3367 esse
2042 3320 2261 3366 materiae

293 3400 412 3435 esset
438 3390 556 3434 sicut
582 3403 680 3434 esse
707 3389 986 3433 substantiae
1011 3388 1345 3433 intellectualis.
1374 3389 1480 3432 Non
1510 3399 1577 3433 est
1604 3398 1756 3433 autem
1789 3388 1877 3443 ita3
1908 3397 1978 3432 est
2007 3387 2130 3432 enim
2163 3401 2261 3433 ma·

293 3458 431 3501 teriae
460 3456 711 3516 corporalis
739 3466 788 3500 ut
814 3455 1071 3515 recipientis
1099 3466 1142 3500 et
1168 3455 1358 3514 subiecti
1377 3456 1432 3499 ad
1450 3455 1619 3515 aliquid
1638 3455 1773 3500 altius
1788 3454 1966 3509 elevati,
1982 3454 2263 3501 substantiae
2323 3454 2326 3481 Γ

295 3535 449 3568 autem
473 3523 792 3568 intellectualis
820 3533 868 3567 ut
894 3523 1102 3583 principii
1128 3533 1172 3568 et
1194 3523 1446 3568 secundum
1465 3524 1675 3582 propriae
1692 3532 1880 3568 naturae
1897 3523 2263 3583 congruentiam.
2315 3560 2322 3579 ÷.

292 3591 420 3636 Nihil
446 3591 583 3649 igitur
615 3591 827 3650 prohibet
858 3590 1158 3635 substantiam
1189 3589 1548 3635 intellectualem
1581 3604 1679 3635 esse
1710 3588 1910 3636 formam
1942 3588 2148 3649 corporis
2178 3588 2260 3634 hu-

295 3660 421 3705 mani
447 3674 563 3720 quae
593 3670 660 3705 est
686 3659 838 3704 anima
863 3658 1080 3704 humana.
2228 3678 2240 3687 -·
