2294 3854
229 204 337 259 714
880 202 1034 240 mur-:R
1072 202 1144 239 1v.
1186 202 1306 240 CAP.
1346 200 1516 240 xcvn.

228 306 283 348 ad
319 304 555 348 hominem
587 304 851 348 ordinantur
875 303 1220 361 quodammodo
1251 300 1443 348 sicut-in
1474 304 1628 358 finem,-
1654 314 1704 349 ut
1723 305 1785 348 in
1804 305 2176 364 :tertioassiaero

226 380 458 415 ostensum
492 379 571 414 est.
605 372 756 414 Motus
788 371 923 427 igitur
948 370 1067 415 coeli
1092 370 1334 429 praecipue
1355 376 1424 415 'est
1444 368 1625 430 propter
1652 371 1994 430 generationem
2018 372 2175 427 humiq-

225 451 358 482 num:
381 439 425 480 in
443 438 532 481 hoc
551 437 673 481 enim
692 437 939 479 maximam
962 437 1163 481 divinam
1189 434 1539 495 similitudinem
1555 436 1911 496 consequiturin
1922 438 2176 494 causando,

225 505 329 563 quia
353 503 502 548 forma
528 503 742 555 hominis,
769 502 943 547 scilicet
969 504 1122 547 anima
1146 503 1396 558 rationalis,
1426 504 1691 549 immediate
1722 514 1948 549 creatura
1970 505 2088 560 Deo,
2106 504 2174 551 Eut

224 572 270 614 in
295 571 496 615 secundo
521 570 580 626 (c.
604 569 697 626 87.)
725 578 958 612 ostensum
981 579 1059 613 est.
1091 570 1199 613 Non
1224 579 1377 614 autem
1411 581 1560 628 potest
1582 584 1689 616 »esse
1719 570 1822 619 finis
1852 570 2175 634 multiplicfflo

226 638 480 681 animarum
503 637 548 678 in
574 635 816 689 infinitum,
839 636 943 694 quia
969 636 1196 680 infinitum
1220 637 1522 681 contrariatur
1545 637 1710 682 rationi
1741 637 1861 682 finm
1881 637 2010 683 Nihil
2028 638 2172 696 igitur

222 704 547 748 inconveniens
566 702 780 760 sequitur,
798 702 833 745 si
852 711 977 745 certo
999 712 1192 779 numero
1214 702 1458 746 hominum
1476 701 1738 802 complete,
1735 704 1969 806 ponamus
1986 703 2175 755 motum

224 769 342 814 coeli
367 769 595 813 desistere.
943 796 945 799 .
1204 796 1205 800 =
1623 801 1628 806 -
1902 794 1909 808 ⁴·
2051 795 2060 805 v
2092 786 2113 797 1-
2135 798 2137 801 .

312 837 533 881 Cessante
559 845 714 878 tamen
740 845 869 878 motu
892 835 1026 890 coeli,
1052 845 1098 879 et
1123 836 1449 894 generatione,
1458 846 1504 881 et
1528 837 1819 896 corruptione
1828 805 1891 883 ab
1905 791 2173 892 elementis,

223 917 382 947 eorum
409 902 656 946 substantia
678 902 931 945 remanebit
951 916 1006 946 ex
1031 902 1351 947 immobilitate
1377 903 1558 947 divinae
1581 904 1818 948 bonitatis·
1851 904 2022 949 coemit
2045 905 2169 950 enim

221 984 292 1013 res
324 980 373 1012 ut
404 978 572 1012 essent:
601 969 720 1012 unde
746 982 847 1012 esse
873 982 1024 1012 rerum
1050 980 1167 1027 quae
1199 969 1514 1028 aptitudinem
1539 970 1709 1014 habent
1739 968 1799 1014 ad
1820 971 2171 1042 perpetuitatem

219 1037 265 1079 in
287 1045 554 1094 perpetuum
580 1035 842 1079 remanebit.
878 1036 1058 1079 Habent
1091 1046 1242 1080 autem
1269 1045 1478 1080 naturam
1503 1046 1552 1081 ut
1564 1037 1656 1081 sint
1679 1036 1895 1096 perpetua
1907 1038 2170 1083 secundum

219 1113 367 1146 totum
385 1112 428 1145 et
443 1110 617 1160 partem
637 1115 827 1159 corpora
843 1102 1082 1156 coelestia3
1092 1098 1327 1146 elementa
1350 1116 1460 1147 vero
1481 1101 1749 1163 secundum
1758 1113 1925 1159 totum
1943 1103 2053 1149 licet
2072 1110 2168 1149 'non

220 1169 470 1214 secundum
492 1178 684 1226 partem,
718 1168 822 1226 quia
854 1168 1104 1212 secundum
1130 1178 1307 1228 partem
1333 1169 1641 1228 corruptibilia
1665 1181 1790 1224 sunt;
1813 1171 2029 1215 hmines
2055 1169 2171 1216 veno

221 1235 472 1280 secundum
494 1244 684 1293 partem,
710 1234 817 1278 licet
838 1248 932 1279 non
955 1235 1409 1280 secundum-totum:
1433 1250 1540 1280 nam
1574 1237 1728 1280 anima
1757 1237 1993 1282 rationalis
2008 1237 2171 1282 imo&-
2213 1272 2217 1275 .

219 1302 438 1361 ruptibilis
465 1311 544 1355 est,
562 1301 867 1358 compositum
894 1312 1045 1346 autem
1072 1302 1376 1361 corruptibile.
1395 1303 1521 1347 Haec
1537 1303 1674 1362 igitur
1689 1303 2171 1349 secundumisubstma

219 1371 331 1412 tiam
356 1368 654 1412 remanebunt
678 1368 725 1411 in
751 1367 914 1412 ultimo
946 1368 1027 1413 illo
1059 1377 1176 1413 statu
1204 1370 1363 1414 mundi
1387 1383 1503 1428 quae
1536 1370 1901 1429 quoquomodo
1930 1370 1987 1414 ad
2006 1372 2170 1430 perpe·-2

217 1436 423 1479 tuitatem
451 1435 745 1493 aptitudinem
772 1435 954 1488 habent,
980 1436 1084 1479 Deo
1111 1435 1347 1495 supplente
1374 1451 1455 1480 sua
1480 1438 1642 1481 virtute
1674 1438 1796 1496 quod
1820 1437 1884 1482 eis
1906 1451 1961 1482 ex
1985 1437 2168 1497 propria

219 1501 478 1545 infirmitate
506 1502 655 1555 deest;
683 1501 769 1545 alia
801 1516 912 1545 vero
939 1503 1169 1556 animalia,
1197 1513 1241 1547 et
1270 1503 1468 1562 plantae,
1500 1513 1546 1548 et
1571 1516 1764 1563 corpora
1789 1504 1944 1558 mixta,
1961 1517 2078 1563 quae
2102 1514 2172 1549 to·

212 1567 364 1612 taliter
389 1578 492 1611 sunt
519 1568 826 1625 corruptibilia
850 1579 893 1612 et
919 1569 1170 1613 secundum
1196 1579 1360 1623 totum,
1388 1580 1433 1614 et
1457 1581 1648 1629 partem,
1673 1569 1803 1615 nullo
1829 1570 1970 1616 modo
1991 1571 2039 1616 in
2062 1571 2168 1630 ipso

216 1634 568 1693 incorruptionis
591 1645 708 1678 statu
734 1636 1047 1680 remanebunt.
1067 1636 1144 1680 Sic
1159 1637 1297 1695 igitur
1312 1636 1660 1695 intelligendum
1679 1648 1747 1683 est
1767 1637 1889 1696 quod
1911 1637 2165 1696 Apostolus
2206 1696 2212 1698 g

218 1702 327 1745 dicit
353 1703 409 1759 (Ι.
434 1702 644 1746 Corinth.
666 1701 768 1745 VH.
799 1707 914 1760 31.):
948 1703 1153 1747 Praeterit
1182 1705 1319 1761 figura
1351 1704 1472 1762 hujus
1504 1705 1676 1749 mundi:
1709 1705 1815 1767 quia
1844 1704 1960 1750 haec
1990 1704 2167 1766 species

215 1767 374 1811 mundi
400 1782 515 1826 quae
536 1781 656 1811 nunc
690 1778 771 1821 est,
799 1769 1003 1824 cessabit,
1030 1770 1278 1814 substantia
1302 1784 1413 1814 vero
1446 1771 1711 1815 remanebit.
1730 1771 1833 1815 Sic
1839 1770 1989 1816 etiam
2002 1769 2170 1816 intelli—-

215 1834 333 1892 gitur
359 1834 480 1892 quod
507 1834 668 1878 dicitur
708 1835 811 1891 (Job
838 1835 959 1878 XIV.
980 1836 1106 1912 ⁶12.:)
1133 1837 1274 1880 Homo
1300 1851 1427 1895 quum
1453 1837 1671 1882 dormierit
1699 1851 1784 1882 non
1814 1844 2030 1902 resurget,
2028 1836 2168 1883 dm

214 1906 419 1944 atteratur
444 1901 614 1954 coelum,
649 1900 694 1943 id
718 1911 784 1944 est
806 1901 952 1945 donec
979 1901 1064 1946 ista
1089 1903 1327 2001 dispositio
1355 1904 1474 1947 coeli
1500 1914 1659 1958 cesset,
1685 1917 1775 1963 qua
1795 1908 2023 1990 movetur,
2053 1912 2105 1983 et
2115 1903 2167 1949 in

214 1966 312 2010 aliis
344 1975 522 2009 motum
551 1977 720 2011 causat.
1894 1979 1909 2001 ³⁷
2136 1996 2138 1999 v

304 2033 426 2085 Quia
440 2047 550 2078 vero
563 2034 678 2077 inter
705 2034 791 2078 alia
814 2034 1040 2079 elementa
1057 2036 1255 2080 maxime
1278 2037 1478 2080 activum
1501 2046 1568 2081 est
1584 2037 1717 2095 ignis,
1736 2046 1781 2082 et
1797 2000 2168 2096 corruptibilium

216 2101 603 2177 consumptivum,
637 2102 927 2160 consumptio
960 2116 1121 2146 eorum
1154 2117 1270 2162 quae
1302 2104 1348 2147 in
1373 2103 1525 2148 futuro
1557 2114 1675 2148 statu
1706 2110 1952 2149 remanere
1973 2112 2077 2149 non
2091 2097 2171 2149 dei

211 2167 332 2219 bem,
361 2168 788 2212 convenientissime
813 2168 890 2212 fiet
915 2183 995 2227 per
1019 2170 1197 2227 ignem:
1216 2180 1260 2213 et
1275 2170 1381 2215 ideo
1404 2171 1659 2215 secundum
1683 2164 1823 2215 fidem
1840 2163 2168 2230 poniturquod

212 2233 405 2277 finaliter
426 2235 623 2278 mundus
655 2249 734 2293 per
760 2235 917 2293 ignem
949 2237 1212 2295 purgabitur
1243 2250 1336 2281 non
1369 2237 1521 2281 solum
1553 2252 1580 2281 a
1612 2237 1992 2296 corruptibilibus
2007 2246 2167 2296 corpo·-

211 2300 347 2353 ribus,
375 2301 453 2344 sed
482 2292 619 2344 etiam
643 2302 696 2344 ab
723 2301 970 2346 infectione
1003 2317 1141 2361 quam
1166 2303 1297 2347 locus
1328 2305 1412 2348 iste
1443 2305 1632 2348 incurrit
1657 2317 1712 2349 ex
1741 2304 2166 2362 habitationem&-

213 2377 443 2415 catorum:
473 2377 518 2411 et
547 2368 637 2411 hoc
672 2378 739 2412 est
770 2369 893 2427 quod
921 2370 1083 2413 dicitur
1114 2370 1191 2427 (II.
1218 2370 1337 2414 Petr.
1364 2370 1442 2416 III.
1475 2371 1563 2428 7.):
1595 2371 1710 2415 Coeli
1742 2372 1961 2429 quintine
1979 2374 2165 2424 Jsantset

214 2439 341 2488 terra,
370 2434 504 2477 eodem
525 2436 651 2478 verbo
676 2437 857 2493 repositi,
876 2442 970 2480 sunt
993 2438 1084 2494 igni
1107 2439 1308 2481 reservati
1331 2438 1377 2481 in
1402 2437 1510 2482 diem
1525 2438 1704 2495 judicii:
1722 2446 1776 2481 ut
1792 2444 1872 2496 per
1893 2430 2061 2483 coelos
2066 2443 2165 2481 'uon

211 2502 360 2559 ipsum
387 2500 725 2545 firmamentum
752 2502 1075 2561 intelligamus,
1092 2504 1138 2546 in
1164 2518 1255 2563 quo
1274 2513 1379 2548 sunt
1403 2504 1549 2548 sidera
1575 2505 1670 2548 sive
1695 2504 1797 2558 fixa,
1823 2504 1933 2581 sive
1943 2498 2162 2555 errantia:

212 2566 291 2610 sed
317 2567 429 2611 istos
456 2567 612 2611 coelos
640 2571 798 2612 aereos
823 2577 969 2613 terrae
991 2570 1179 2615 vicinos.
2073 2573 2095 2591 ‘
2142 2579 2161 2601 ²⁶

302 2634 424 2685 Quia
450 2634 585 2692 igitur
609 2645 812 2679 creatura
840 2636 1090 2693 corporalis
1117 2636 1311 2681 finaliter
1336 2637 1599 2696 disponetur
1619 2651 1701 2696 per
1725 2636 2079 2696 congruentiam
2105 2636 2163 2681 ad

209 2701 411 2744 hominis
438 2711 618 2756 statum,
645 2702 856 2745 homines
881 2713 1035 2747 autem
1061 2717 1154 2747 non
1181 2703 1332 2747 solum
1360 2719 1384 2748 a
1413 2705 1702 2763 corruptione
1732 2703 2061 2758 liberabuntur,
2078 2699 2163 2748 sed

212 2767 349 2811 etiam
377 2767 522 2825 gloria
548 2768 803 2822 induentur,
822 2778 870 2812 ut
895 2784 952 2813 ex
978 2770 1107 2814 dictis
1125 2771 1185 2827 (c.
1207 2769 1300 2827 86.)
1327 2780 1473 2828 patet;
1495 2771 1724 2830 oportebit
1741 2771 1863 2829 quod
1886 2769 2024 2823 etiam
2036 2776 2163 2814 crea*

211 2843 310 2877 tura
337 2834 584 2892 corporalis
608 2836 854 2893 quamdam
882 2835 1096 2880 claritatis
1129 2837 1324 2896 gloriam
1346 2851 1429 2882 suo
1457 2838 1598 2882 modo
1621 2840 2023 2897 consequaturflezet
2051 2836 2161 2880 hinc

213 2909 280 2944 est
300 2901 422 2960 quod
447 2901 608 2944 dicitur
634 2902 848 2960 (Apocal.
875 2903 999 2946 XXI.
1033 2903 1114 2960 1.):
1150 2905 1244 2949 Vidi
1276 2906 1433 2949 coelum
1463 2919 1636 2959 novum,
1657 2911 1695 2951 et
1720 2908 2089 2956 terramnovam3
2114 2913 2162 2948 et

212 2967 318 3022 (Isa
338 2967 483 3011 LXV
517 2981 581 3025 17.
610 2978 654 3012 et
685 2970 797 3025 18.):
822 2969 909 3027 Ego
937 2972 1083 3015 creabo
1106 2972 1233 3016 coelos
1249 2986 1391 3026 novos,
1415 2978 1471 3017 et
1479 2978 1637 3017 terram
1661 2981 1845 3024 novrum·
1869 2976 1914 3017 εἶ’
1930 2982 2019 3015 non
2032 2976 2162 3016 erunt

211 3035 253 3077 in
278 3036 480 3078 memoria
491 3037 658 3093 priora,
678 3042 716 3079 et
739 3051 823 3080 non
849 3037 1060 3082 ascendent
1079 3046 1204 3098 super
1229 3053 1325 3091 cor;
1358 3038 1425 3083 sed
1438 3038 1680 3097 gaudebitis,
1703 3045 1741 3084 et
1759 3031 2030 3084 exmltabttis
2023 3048 2161 3097 usque

210 3101 255 3144 in
286 3103 592 3159 sempiternum.
616 3102 781 3146 Amen.
1983 3120 1988 3132 ’

1074 3290 1297 3365 FrNis.
