2332 3854
235 220 344 270 206
931 235 1085 273 LIBER
1124 235 1180 273 11.
1224 236 1496 274 CAP.LX1.

235 345 280 379 et
310 334 604 380 translatione
632 336 792 381 Bo'etii.
816 335 1123 381 Postmodum
1152 347 1321 392 autem,
1347 338 1394 382 in
1412 339 1576 384 eodem
1596 354 1693 400 cap.
1722 342 1773 412 (t.
1802 355 1839 387 e.
1867 342 1946 401 9),
1968 340 2199 403 subjungit

234 416 335 447 esse
371 404 589 479 quasdam
628 414 777 462 partes
821 404 1001 447 animae
1034 403 1321 462 separabiles,
1354 420 1470 465 quae
1502 420 1598 451 non
1629 418 1733 452 sunt
1752 398 1847 452 nisi
1880 408 2199 456 intellectivae.

234 469 522 528 Relinquitur
550 469 686 527 igitur
713 470 834 528 quod
860 469 965 513 illae
991 480 1140 528 partes
1167 481 1271 515 sunt
1296 482 1422 516 actus
1451 474 1667 532 corporis.

325 536 422 580 Nec
452 546 518 580 est
541 546 699 580 contra
720 536 811 579 hoc
840 536 962 594 quod
989 546 1148 595 postea
1175 539 1226 596 (t.
1256 552 1294 582 c.
1318 539 1410 596 21.)
1436 540 1686 599 subjungit:
1718 557 1741 582 «
1767 540 1839 586 De
1864 541 2097 588 intellectu
2124 557 2197 588 au-

234 614 327 647 tem
356 613 399 647 et
426 602 669 661 perfectiva
696 603 900 661 potentia
925 602 1041 647 nihil
1074 614 1142 648 est
1169 604 1316 649 adhuc
1355 606 1664 660 manifestum,
1691 609 1768 652 sed
1805 608 1983 653 videtur
2015 609 2197 655 animae

234 670 428 713 alterum
457 683 599 725 genus
630 682 729 712 esse
756 686 796 713 ».
830 669 938 713 Non
972 669 1095 713 enim
1126 685 1206 728 per
1230 671 1321 715 hoc
1349 672 1446 716 vult
1472 672 1752 718 intellectum
1785 674 1983 719 alienare
2017 690 2043 720 a
2070 687 2195 723 com·

234 735 362 779 muni
396 735 664 778 diffinitione
701 735 895 789 animae,
923 736 1003 780 sed
1030 750 1056 780 a
1081 737 1274 795 propriis
1305 740 1476 784 naturis
1503 739 1695 784 aliarum
1722 741 1940 800 partium;
1967 740 2093 787 sicut
2106 735 2193 803 qui

233 802 341 845 dicit
367 802 487 860 quod
516 800 710 844 alterum
738 815 880 859 genus
909 802 1118 847 animalis
1146 814 1214 848 est
1238 804 1425 850 volatile
1453 821 1478 850 a
1505 807 1746 865 gressibili,
1771 822 1866 853 non
1893 806 2039 853 aufert
2064 819 2090 853 a
2115 821 2194 854 vo-

231 867 345 912 latili
372 881 670 911 communem
697 867 1016 913 diffinitionem
1046 870 1270 917 animalis.
1306 871 1454 926 Unde,
1481 883 1530 916 ut
1555 874 1849 919 ostenderet
1836 890 1884 919 m
1911 889 2001 935 quo
2039 874 2198 920 dixerit

228 936 419 989 alterum,
454 935 705 993 subjungit.
729 952 751 976 α
770 934 826 978 Et
850 935 940 979 hoc
963 935 1115 980 solum
1133 938 1356 997 contingit
1381 941 1593 997 separari,
1621 941 1737 985 sicut
1757 953 2027 1002 perpetuum
2048 957 2074 987 a
2092 956 2189 987 cor-

230 1001 429 1060 ruptibili
469 1018 509 1044 ».
537 1001 635 1046 Nec
673 1011 741 1046 est
765 1002 956 1047 intentio
984 1002 1260 1058 AristoteliS,
1303 1015 1351 1049 ut
1379 1006 1732 1052 Commentator
1772 1009 2028 1067 praedictus
2063 1009 2194 1068 fingit

233 1068 454 1125 (secundo
482 1068 553 1112 De
577 1068 745 1123 anima,
771 1078 800 1112 t.
831 1083 869 1113 c.
897 1082 966 1112 21.
997 1069 1133 1114 Com.
1153 1084 1169 1128 5
1179 1072 1226 1128 .,)
1251 1071 1400 1116 dicere
1428 1074 1550 1132 quod
1573 1075 1780 1119 nondum
1806 1084 1873 1119 est
1898 1075 2190 1121 manifestum

232 1135 286 1178 de
313 1133 545 1178 intellectu
573 1145 724 1179 utrum
747 1134 1005 1180 intellectus
1033 1137 1089 1180 sit
1117 1138 1284 1193 anima,
1308 1140 1424 1183 sicut
1450 1140 1505 1184 de
1533 1139 1632 1184 aliis
1664 1141 1910 1200 principiis.
1936 1142 2046 1188 Non
2068 1142 2192 1187 enim

232 1211 378 1245 textus
395 1211 525 1245 vetus
552 1202 711 1246 habet.
744 1218 766 1243 «
792 1201 922 1246 Nihil
938 1212 1005 1247 est
1027 1202 1310 1249 declaratum
1338 1221 1378 1259 »,
1407 1206 1525 1250 sive:
1553 1224 1575 1248 «
1598 1207 1727 1252 Nihil
1753 1218 1820 1253 est
1842 1209 2015 1253 dictum
2033 1226 2075 1263 »‚
2093 1209 2195 1262 sed:

236 1284 259 1310 ‹<
285 1267 413 1312 Nihil
440 1278 507 1312 est
534 1268 826 1313 manifestum
853 1286 900 1322 >);
932 1270 1054 1328 quod
1080 1270 1430 1330 intelligendum
1465 1283 1532 1317 est
1558 1284 1777 1332 quantum
1806 1275 1862 1319 ad
1893 1275 1939 1320 id
1973 1276 2096 1336 quod
2130 1286 2198 1322 est

234 1335 467 1394 proprium
509 1336 564 1389 ei,
591 1350 685 1380 non
713 1346 934 1395 quantum
963 1338 1018 1380 ad
1058 1352 1356 1382 communem
1385 1338 1718 1384 diffinitionem.
1751 1341 1800 1386 Si
1827 1352 1995 1398 autem,
2021 1352 2071 1388 ut
2099 1340 2197 1402 ipse

233 1403 415 1460 (Averr.
445 1403 646 1447 secundo
673 1403 744 1447 De
772 1403 939 1457 anima,
967 1402 1105 1448 Com.
1142 1418 1180 1462 7
1228 1418 1293 1462 30.
1324 1415 1366 1449 et
1393 1406 1439 1449 in
1465 1407 1599 1451 tertio
1629 1407 1764 1453 Com.
1798 1408 1857 1466 5.)
1894 1408 2017 1464 dicit,
2045 1410 2198 1455 anima

234 1469 484 1528 aequivoce
518 1470 681 1514 dicitur
708 1470 761 1514 de
788 1469 1022 1514 intellectu
1050 1480 1093 1515 et
1120 1471 1234 1526 aliis,
1261 1474 1411 1531 primo
1445 1473 1720 1519 distinxisset
1753 1475 2198 1541 aequivocationem,

233 1547 392 1596 postea
420 1536 716 1592 diffinivisset,
743 1538 860 1581 sicut
886 1548 953 1582 est
980 1540 1265 1584 consuetudo
1293 1554 1395 1594 sua;
1425 1539 1535 1584 alias
1561 1542 1866 1600 procederet
1854 1557 1900 1587 ιιι
1926 1543 2196 1603 aequivoce,

235 1604 356 1663 quod
379 1618 473 1648 non
501 1615 567 1649 est
587 1605 634 1648 in
661 1604 861 1649 scientiis
884 1605 1267 1650 demonstrativis.

323 1672 462 1715 Item:
490 1671 538 1715 in
563 1670 766 1716 secundo
793 1672 863 1715 De
892 1672 1044 1715 anima
1071 1674 1120 1731 (t.
1146 1687 1183 1716 c.
1212 1673 1320 1730 27),
1346 1673 1629 1719 intellectum
1655 1686 1868 1721 numerat
1891 1676 2009 1722 inter
2040 1685 2196 1738 poten-

236 1737 322 1782 tias
346 1738 527 1781 animae
554 1747 612 1792 et,
638 1737 684 1781 in
711 1738 980 1782 auctoritate
1013 1738 1150 1783 etiam
1176 1739 1423 1816 praedicta,
1449 1741 1659 1785 nominat
1683 1742 2016 1802 perspectivam
2040 1755 2197 1804 poten-

235 1805 362 1849 tiam.
389 1805 495 1848 Non
524 1814 591 1849 est
621 1805 758 1864 igitur
788 1804 1046 1850 intellectus
1081 1815 1205 1850 extra
1232 1807 1434 1851 animam
1469 1807 1737 1863 humanam,
1769 1809 1849 1854 sed
1875 1820 1942 1855 est
1969 1810 2194 1870 quaedam
2223 1820 2227 1821 ’

236 1872 440 1932 potentia
468 1873 577 1930 ejus.

324 1939 466 1983 Item:
494 1940 541 1982 in
567 1939 700 1983 tertio
728 1939 798 1983 De
817 1939 970 1983 anima
996 1940 1047 1998 (t.
1076 1954 1115 1983 c.
1147 1940 1222 1997 ι.),
1249 1940 1471 2000 incipiens
1496 1941 1625 2001 loqui
1651 1942 1707 1987 de
1723 1942 1959 1989 intellectu
1974 1944 2196 2003 possibili,

235 2006 445 2050 nominat
468 2021 574 2050 eum
600 2016 775 2065 partem
800 2006 996 2060 animae,
1013 2006 1190 2051 dicens:
1220 2023 1243 2048 «
1262 2008 1333 2051 De
1359 2018 1485 2066 parte
1513 2019 1665 2053 autem
1688 2010 1884 2065 animae,
1910 2025 2000 2071 qua
2026 2026 2197 2072 cogno-

234 2074 318 2119 scit
345 2074 496 2117 anima
521 2083 564 2117 et
585 2074 701 2132 sapit
726 2090 749 2116 »
769 2089 780 2128 ;
801 2073 848 2117 in
876 2087 967 2132 quo
986 2073 1225 2119 manifeste
1249 2075 1447 2119 ostendit
1473 2076 1595 2134 quod
1621 2076 1879 2139 intellectus
1895 2078 2122 2138 possibilis
2138 2080 2196 2131 sit

235 2140 405 2200 aliquid
433 2140 629 2185 animae.

325 2207 491 2252 Adhuc
516 2217 667 2252 autem
695 2206 991 2261 manifestius,
1018 2221 1097 2267 per
1118 2207 1163 2251 id
1182 2207 1304 2267 quod
1321 2218 1479 2268 postea
1506 2209 1748 2269 subjungit,
1765 2210 1966 2256 declarat
1984 2222 2196 2258 naturam

236 2274 494 2320 intellectus
521 2273 762 2333 possibilis,
789 2275 968 2319 dicens:
1000 2291 1023 2316 «
1055 2275 1175 2319 Dico
1209 2285 1363 2320 autem
1395 2274 1679 2320 intellectum
1705 2291 1797 2336 quo
1824 2280 2034 2337 opinatur
2058 2289 2103 2330 et
2132 2279 2196 2324 in-

232 2341 396 2401 telligit
422 2342 574 2385 anima
600 2359 622 2384 >³
651 2342 702 2399 (t.
730 2357 768 2386 c.
792 2355 809 2399 5
821 2341 913 2398 .);“
902 2356 948 2385 ιιι
966 2356 1057 2400 quo
1080 2341 1319 2386 manifeste
1343 2343 1593 2386 ostenditur
1608 2343 1893 2389 intellectum
1910 2359 2009 2391 esse
2026 2342 2195 2445 aliquid

236 2409 417 2454 animae
450 2409 695 2463 humanae,
722 2423 813 2468 quo
842 2411 994 2452 anima
1020 2409 1222 2453 humana
1244 2409 1472 2468 intelligit.

323 2476 403 2520 Est
430 2476 567 2535 igitur
597 2475 829 2535 praedicta
854 2475 1021 2534 positio
1050 2485 1209 2519 contra
1235 2476 1508 2521 sententiam
1534 2477 1795 2524 Aristotelis
1822 2489 1867 2524 et
1901 2489 2061 2525 contra
2089 2479 2196 2526 veri-

235 2553 401 2598 tatem3
435 2543 553 2587 unde
579 2553 798 2602 tanquam
825 2541 982 2591 fictitia
1008 2542 1288 2602 repudianda
1315 2554 1394 2587 est.

332 2886 558 2926 CONTRA
599 2886 911 2941 OPINIONEM
951 2886 1264 2926 ALEXANDRI
1304 2887 1379 2926 DE
1418 2887 1768 2927 INTELLECTU
1807 2888 2099 2944 possmus

323 3012 406 3056 His
445 3012 582 3071 igitur
618 3010 766 3056 verbis
799 3011 1059 3056 Aristotelis
1093 3011 1405 3066 consideratis,
1437 3012 1699 3058 Alexander
1729 3013 1882 3074 posuit
1902 3013 2194 3061 'intellectum

234 3079 501 3139 possibilem
519 3093 616 3124 esse
641 3078 841 3138 aliquam
858 3080 1068 3122 virtutem
1093 3078 1140 3122 in
1161 3079 1308 3133 nobis,
1324 3089 1372 3123 ut
1390 3079 1453 3123 sic
1471 3079 1678 3124 diffinitio
1693 3080 1953 3126 communis
1970 3081 2025 3127 de
2042 3083 2196 3127 anima

235 3147 462 3205 assignata
498 3146 551 3190 ab
586 3144 834 3190 Aristotele
868 3145 913 3188 in
947 3145 1149 3190 secundo
1182 3146 1253 3190 De
1287 3145 1441 3190 anima
1472 3147 1614 3205 possit
1651 3147 1734 3191 sibi
1774 3147 2034 3194 convenire.
2068 3147 2194 3203 Quia

232 3228 342 3257 vero
370 3213 622 3271 intelligere
649 3226 743 3257 non
778 3222 955 3271 poterat
993 3211 1191 3271 aliquam
1231 3212 1528 3257 substantiam
1567 3212 1924 3260 intellectualem
1957 3228 2057 3274 esse
2099 3228 2195 3261 cor-

236 3282 358 3340 poris
386 3280 600 3334 formam,
637 3280 790 3339 posuit
820 3279 1097 3339 praedictam
1125 3279 1338 3323 virtutem
1365 3293 1459 3324 non
1487 3294 1585 3324 esse
1611 3280 1847 3326 fundatam
1877 3281 1924 3326 in
1956 3280 2107 3343 aliqua
2132 3283 2194 3327 in·

234 3347 480 3392 tellectuali
509 3347 772 3402 substantia,
790 3346 868 3391 sed
892 3355 1251 3405 consequentem
1270 3346 1649 3392 commixtionem
1673 3347 2007 3394 elementorum
2027 3347 2076 3393 in
2098 3362 2196 3397 cor-

234 3429 343 3473 pore
382 3415 602 3458 humano.
635 3414 977 3459 Determinatus
1009 3414 1130 3457 enim
1168 3413 1399 3458 mixtionis
1425 3414 1614 3459 humani
1651 3415 1856 3476 corporis
1886 3414 2050 3476 modus
2084 3414 2192 3463 facit

235 3482 474 3526 hominem
503 3497 600 3527 esse
627 3483 673 3527 in
691 3484 894 3542 potentia
912 3481 968 3527 ad
990 3481 1300 3541 recipiendum
1322 3481 1605 3526 influentiam
1626 3481 1884 3529 intellectus
1908 3483 2098 3548 agentis,
2114 3484 2192 3544 qui

236 3563 417 3608 semper
439 3559 505 3594 est
528 3551 572 3594 in
600 3559 703 3594 actu
732 3559 789 3604 et,
812 3549 1063 3594 secundum
1091 3551 1253 3609 ipsum,
1282 3558 1349 3593 est
1375 3549 1599 3608 quaedam
1621 3549 1869 3595 substantia
1885 3559 2113 3610 separata3
2137 3564 2191 3597 ex

235 3630 324 3677 qua
351 3616 583 3663 influentia
620 3617 765 3662 homo
793 3616 842 3662 fit
868 3615 1125 3676 intelligens
1160 3625 1276 3661 actu.
1304 3615 1353 3660 Id
1388 3627 1539 3661 autem
1566 3617 1611 3661 in
1629 3617 1834 3672 homine,
1860 3626 1940 3677 per
1964 3617 2086 3679 quod
2121 3626 2191 3666 est
