2332 3854
281 183 385 252 136
980 201 1135 240 LIBER
1174 202 1230 240 11.
1273 203 1400 241 CAP.
1435 203 1526 241 xx.

274 313 356 356 pus
382 308 532 356 potest
559 299 724 359 aliquid
751 301 1018 361 producere,
1044 303 1296 347 secundum
1322 313 1469 348 totam
1496 305 1591 364 ejus
1618 305 1932 361 substantiam,
1955 308 2171 395 quodest
2176 309 2233 355 de

273 366 449 410 ratlone
477 369 732 412 CreathnlS.
2071 404 2074 412 ε
2110 395 2115 418 ζ
2142 395 2198 418 *il*
2267 391 2273 396 '

362 434 597 491 Amplius:
627 449 779 478 creare
806 450 899 479 non
927 446 994 479 est
1018 436 1105 479 nisi
1131 437 1361 494 potentiae
1379 437 1594 483 infinitae.
1619 438 1772 484 Tanto
1800 442 1922 484 enim
1949 450 2018 485 est
2046 441 2234 500 maioris

273 500 501 558 potentiae
531 515 669 558 agens
697 501 895 559 aliquod,
913 513 1083 560 quanto
1106 503 1358 560 potentiam
1385 505 1531 563 magis
1554 506 1607 549 ab
1632 517 1735 550 actu
1757 507 1999 551 distantem
2017 508 2063 551 in
2081 518 2234 553 actum

273 567 487 611 reducere
514 578 681 626 potest:
711 579 758 611 ut
785 569 906 626 quod
934 578 1081 626 potest
1108 571 1162 612 ex'
1193 584 1311 628 aqua
1341 571 1497 630 ignem
1527 572 1691 628 facere,
1723 589 1862 632 quam
1885 575 2007 633 quod
2030 589 2084 619 ex
2104 579 2234 622 aere:

274 634 391 677 unde
409 634 483 678 ubi
503 635 692 678 omnino
720 635 922 692 potentia
948 636 1277 693 praeexsistens
1295 638 1583 693 subtrahitur,
1604 641 1835 684 exceditur
1852 641 2003 685 omnis
2024 641 2234 687 determi-

271 710 404 744 natae
428 701 665 744 distantiae
692 702 943 759 proportiO,
970 712 1014 745 et
1038 702 1102 746 sic
1128 717 1315 748 necesse
1342 715 1409 749 est
1435 707 1687 764 potentiam
1708 708 1900 764 agentis,
1927 721 2043 766 quae
2062 707 2233 767 algu-id

271 767 476 819 instituit,
502 767 627 810 nulla
654 768 855 825 potentia
882 769 1247 824 praeexsistente,
1271 771 1490 815 excedere
1517 787 1706 817 omnem
1739 775 2084 832 proportionem
2114 788 2233 834 quae

272 844 426 892 posset
452 834 730 877 considerari
756 834 812 877 ad
839 836 1094 893 potentiam
1126 839 1301 894 agentis
1334 837 1503 896 aliquid
1537 853 1590 883 ex
1623 841 1812 884 materia
1843 840 2064 886 facientis.
2095 840 2235 886 Nulla

273 910 424 944 autem
450 902 653 958 potentia
686 901 891 977 corporis
909 913 977 946 est
994 902 1182 957 infinita,
1201 913 1250 947 ut
1265 905 1482 963 probatur
1504 920 1529 949 a
1546 905 1860 966 Philosopho
1849 922 1896 952 m
1912 918 2078 952 octavo
2096 907 2236 967 Phys,

271 968 323 1023 (t.
336 981 389 1077 Ξ.
405 966 524 1076 f28..)
550 966 742 1010 Nullum
769 968 904 1026 igitur
930 982 1094 1027 corpus
1121 980 1271 1029 potest
1295 970 1465 1030 aliquid
1493 987 1660 1028 creare,
1688 974 1810 1032 quod
1837 984 1905 1020 est
1922 989 1977 1020 ex
1994 974 2141 1019 nihilo
2159 974 2236 1019 ali·

273 1049 348 1092 qu1
424 1048 567 1077 acere.

361 1100 550 1143 Adhuc.
579 1114 771 1145 movens
799 1111 842 1145 et
868 1113 1062 1156 motum,
1089 1102 1260 1148 faciens
1288 1115 1332 1149 et
1356 1104 1527 1149 factum
1555 1117 1737 1165 oportet
1762 1107 1899 1153 simul
1925 1123 2039 1163 esse,
2056 1118 2108 1153 ut
2130 1123 2235 1168 pro-

270 1167 435 1210 batur
424 1182 470 1210 m
498 1168 694 1244 septimo
722 1169 859 1227 Phys.
887 1170 939 1227 (t.
958 1183 996 1212 c.
1022 1169 1137 1226 1o.;)
1164 1184 1329 1229 corpus
1357 1181 1509 1216 autem
1537 1187 1676 1231 agens
1697 1188 1793 1218 non
1809 1185 1961 1233 potest
1973 1176 2134 1220 adesse
2149 1189 2232 1219 suo

271 1234 451 1278 effectui
476 1235 563 1278 nisi
585 1249 664 1293 per
692 1245 971 1291 contactum,
998 1250 1089 1294 quo
1122 1239 1355 1296 tangentia
1381 1238 1542 1282 ultima
1568 1239 1682 1284 fiunt
1708 1240 1868 1285 simul:
1906 1242 2028 1285 unde
2067 1241 2235 1300 impos·

270 1301 398 1345 sibile
425 1310 491 1345 est
515 1301 697 1360 aliquod
726 1316 890 1361 corpus
918 1316 1053 1361 agere
1080 1304 1167 1347 nisi
1192 1305 1438 1362 tangendo.
1468 1304 1640 1350 Tactus
1673 1317 1827 1351 autem
1859 1307 2048 1366 alicujus
2081 1307 2138 1352 ad
2170 1307 2232 1352 al-

269 1380 415 1413 terum
445 1380 532 1413 est:
562 1380 606 1413 et
631 1370 695 1413 sic
723 1370 798 1414 ubi
820 1385 914 1414 non
933 1381 999 1414 est
1018 1370 1185 1429 aliquid
1208 1373 1534 1430 praeexsistens
1552 1383 1729 1432 praeter
1747 1388 1901 1433 agens,
1918 1377 2035 1419 sicut
2049 1375 2236 1420 increa-

270 1437 394 1480 tione
413 1437 590 1490 accidit,
607 1446 752 1481 tactus
771 1451 868 1481 esse
886 1451 979 1480 non
997 1448 1158 1496 potest.
1176 1438 1367 1482 Nullum
1385 1439 1521 1497 igitur
1535 1454 1698 1498 corpus
1711 1450 1860 1498 potest
1873 1455 2008 1500 agere
2021 1441 2234 1486 creando.

358 1505 489 1548 Patet
513 1504 650 1562 igitur
680 1504 851 1548 falsitas
884 1506 1123 1562 positionis
1156 1507 1461 1564 quorumdam
1490 1507 1738 1552 dicentium
1769 1503 2068 1554 substantiam
2091 1509 2237 1554 coele-

270 1571 407 1614 stium
435 1585 680 1630 corporum
715 1586 900 1615 causam
935 1573 1152 1616 materiae
1186 1572 1519 1618 elementorum
1553 1589 1664 1629 esse,
1699 1590 1804 1620 cum
1831 1577 2023 1622 materia
2049 1591 2235 1623 causam

269 1638 437 1682 habere
463 1653 558 1682 non
585 1639 740 1698 possit,
767 1639 852 1683 nisi
880 1640 924 1683 id
952 1640 1074 1699 quod
1101 1641 1299 1684 creando
1323 1642 1428 1699 agit,
1448 1655 1503 1685 eo
1523 1643 1645 1700 quod
1666 1643 1764 1702 ipsa
1781 1653 1850 1688 est
1865 1643 2065 1703 primum
2082 1654 2235 1688 motus

271 1715 316 1749 et
340 1707 605 1750 mutationis
628 1706 896 1766 subJectum.
1301 1728 1303 1731 ·

1029 1883 1284 1938 CAPUT
1327 1884 1482 1940 XXI.

786 2021 944 2066 QUOD
988 2021 1181 2059 SOLIUS
1222 2023 1315 2060 DEI
1356 2024 1455 2061 EST
1499 2023 1725 2063 CREARE.

267 2122 321 2180 (I.
332 2128 448 2182 part.
467 2129 618 2181 quaest.
638 2123 703 2167 XI
709 2123 754 2168 V
774 2131 855 2169 art.
869 2138 906 2183 5.
925 2131 963 2169 et
979 2131 1129 2183 quaest
1144 2126 1278 2170 LXV.
1297 2133 1377 2171 art.
1393 2143 1429 2186 3.
1448 2128 1537 2172 etI.
1556 2128 1664 2173 Sent.
1683 2127 1772 2173 dist.
1789 2141 1860 2189 47.
1877 2136 2031 2189 quaest.
2045 2128 2087 2202 Ι.
2100 2135 2180 2175 art.
2197 2145 2233 2176 1.

893 2199 931 2237 et
953 2193 1019 2237 De
1039 2199 1130 2251 pot.
1158 2200 1307 2251 quaest.
1334 2194 1416 2239 III.
1445 2201 1525 2239 art.
1549 2197 1621 2254 5)

355 2303 421 2346 Ex
447 2303 706 2361 praemissis
733 2304 871 2348 etiarn
896 2305 1082 2349 ulterius
1110 2307 1289 2350 ostendi
1314 2315 1463 2366 potest
1494 2307 1617 2366 quod
1644 2307 1815 2352 creatio
1842 2317 1910 2353 est
1933 2308 2119 2368 propria
2141 2308 2234 2353 Dei

270 2369 404 2422 acti0‚
432 2379 476 2413 et
501 2370 623 2428 quod
651 2372 745 2429 ejus
773 2371 914 2416 solius
938 2382 1005 2416 est
1023 2387 1190 2417 creare.
1217 2374 1335 2417 Cum
1356 2374 1478 2417 enim
1496 2375 1748 2418 secundum
1766 2375 1975 2420 ordinem
1997 2375 2233 2436 agentium

268 2437 324 2480 sit
350 2436 463 2481 ordo
488 2438 737 2492 actionum,
765 2453 820 2482 eo
849 2439 970 2497 quod
997 2441 1235 2484 nobilioris
1259 2443 1433 2499 agentis
1458 2441 1658 2486 nobilior
1676 2453 1743 2486 est
1763 2443 1896 2498 acti0,
1914 2452 2096 2503 oportet
2111 2443 2235 2503 quod

267 2505 414 2562 prima
441 2505 560 2548 actio
586 2505 645 2549 sit
669 2506 804 2564 primi
830 2507 1004 2582 agentis
1031 2508 1236 2566 propria3
1265 2508 1435 2552 creatio
1463 2518 1616 2552 autem
1635 2519 1702 2553 est
1719 2509 1865 2567 prima
1881 2510 2021 2566 actio,
2035 2523 2093 2555 eo
2109 2510 2234 2572 quod

267 2571 441 2614 nullam
470 2572 607 2615 aliam
626 2574 965 2631 praesupponit,
984 2589 1145 2618 omnes
1165 2587 1318 2618 autem
1337 2575 1450 2619 aliae
1474 2586 1847 2635 praesupponunt
1867 2591 1991 2631 eam;
2015 2586 2085 2622 est
2096 2577 2235 2637 igitur

268 2641 438 2682 creatio
466 2640 647 2698 propria
672 2640 761 2684 Dei
787 2640 928 2684 solius
957 2641 1091 2695 actio,
1120 2642 1196 2700 qui
1223 2651 1290 2685 est
1317 2656 1456 2700 agens
1484 2643 1698 2701 primum.

355 2706 495 2749 Item:
526 2720 578 2749 ex
605 2706 695 2749 hoc
723 2717 959 2751 ostensum
986 2718 1053 2751 est
1079 2709 1138 2766 (c.
1173 2708 1261 2765 15.)
1289 2709 1409 2767 quod
1432 2710 1558 2754 Deus
1576 2720 1700 2754 creat
1716 2725 1802 2763 res,
1829 2710 1935 2770 quia
1951 2710 2068 2756 nihil
2081 2721 2235 2770 potest

269 2785 366 2816 esse
393 2782 572 2831 praeter
595 2773 744 2831 ipsum
764 2774 817 2817 ab
847 2789 902 2818 eo
924 2789 1017 2818 non
1046 2785 1272 2829 creatum;
1290 2776 1380 2820 hoc
1404 2787 1555 2820 autem
1578 2777 1692 2821 nulli
1711 2777 1787 2820 alii
1803 2779 2048 2822 convenire
2064 2787 2230 2837 potest,

268 2853 373 2882 cum
400 2839 514 2883 nihil
541 2839 661 2883 aliud
688 2841 744 2885 sit
770 2841 1038 2886 universalis
1065 2857 1201 2886 causa
1232 2844 1412 2887 essendi
1438 2844 1526 2888 nisi
1551 2845 1701 2899 Deus;
1725 2844 1812 2888 soli
1832 2845 1971 2904 igitur
1985 2845 2088 2890 Deo
2110 2859 2236 2891 com-

267 2907 377 2964 petit
403 2908 573 2966 creatio
601 2907 718 2951 sicut
742 2909 924 2967 propria
952 2910 1047 2967 ejus
1075 2910 1209 2954 actio.
1950 2941 1953 2949 ε
2064 2944 2066 2946 ψ
2095 2941 2098 2943 »

354 2974 545 3018 Adhuc:
574 2973 759 3018 effectus
788 2978 880 3019 suis
909 2977 1056 3020 causis
1085 2977 1533 3036 proportionabiliter
1558 2979 1850 3036 respondent,
1868 2987 1916 3023 ut
1932 2978 2110 3024 scilicet
2129 2978 2235 3024 effe-

267 3051 363 3084 ctus
390 3041 436 3084 in
464 3051 581 3095 actu,
611 3042 758 3086 causis
777 3043 1029 3089 actualibus
1049 3045 1359 3099 attribuamus,
1379 3055 1423 3089 et
1445 3045 1632 3089 effectus
1649 3046 1693 3089 in
1713 3047 1932 3105 potentia,
1949 3046 2100 3092 causis
2115 3060 2233 3107 quae

266 3107 370 3151 sunt
394 3108 440 3152 in
466 3109 683 3167 potentia,
712 3119 756 3153 et
782 3110 989 3154 similiter
1015 3110 1202 3155 effectus
1235 3111 1529 3170 particulares
1563 3114 1710 3157 causis
1742 3113 2102 3172 particularibus,
2134 3113 2233 3158 uni·

266 3175 516 3219 versalibus
549 3190 659 3221 vero
687 3177 834 3220 causis
867 3177 1158 3231 universales,
1191 3188 1240 3222 ut
1272 3179 1407 3222 docet
1438 3179 1749 3239 Philosophus
1781 3181 1828 3224 in
1859 3180 2062 3235 secundo
2093 3180 2232 3240 Phys.

266 3244 318 3300 (t.
347 3257 384 3286 c.
417 3242 521 3301 38.)
549 3243 659 3287 Esse
687 3254 840 3287 autem
869 3254 936 3288 est
963 3255 1198 3289 causatum
1226 3245 1440 3304 primum,
1463 3247 1585 3304 quod
1614 3261 1667 3290 ex
1692 3247 1870 3293 ratione
1895 3261 2005 3292 suae
2027 3261 2234 3293 commu-

266 3310 418 3353 nitatis
446 3320 644 3368 apparet.
676 3311 827 3355 Causa
854 3311 991 3369 igitur
1016 3313 1196 3370 propria
1220 3313 1398 3356 essendi
1423 3312 1691 3371 simpliciter
1717 3324 1785 3359 est
1806 3328 1949 3374 agens
1964 3314 2166 3374 primum
2186 3325 2234 3360 et

267 3376 538 3430 universale,
566 3378 688 3435 quod
714 3378 841 3421 Deus
869 3388 958 3422 est:
989 3378 1075 3422 alia
1101 3392 1211 3423 vero
1245 3380 1425 3437 agentia
1458 3393 1552 3423 non
1585 3390 1691 3425 sunt
1722 3394 1888 3426 causae
1918 3381 2099 3427 essendi
2128 3381 2234 3427 sim.-

267 3442 456 3500 pliciter,
483 3443 561 3487 sed
581 3458 744 3489 causae
772 3445 950 3489 essendi
976 3445 1082 3499 hoc,
1109 3455 1158 3489 ut
1183 3445 1423 3490 hominem
1449 3446 1522 3490 vel
1545 3447 1723 3493 albumt
1750 3460 1852 3493 esse.
1881 3458 2035 3494 autem
2060 3446 2244 3508 :tinnili->
2309 3487 2321 3506 0

269 3510 380 3553 citer
406 3525 486 3568 per
514 3513 792 3555 creationem
820 3522 1043 3567 causatur,
1070 3527 1184 3571 quae
1210 3512 1326 3557 nihil
1351 3515 1691 3573 praesupponit,
1724 3514 1831 3575 quia
1853 3528 1951 3560 non
1980 3524 2138 3574 potest>
2155 3514 2233 3561 au-
2301 3510 2323 3551 ‘⁷5

269 3577 374 3637 quid
402 3578 724 3635 praeexsistere
752 3580 874 3637 quod
897 3579 953 3624 sit
980 3590 1104 3624 extra
1131 3594 1210 3625 ens
1244 3579 1534 3639 simpliciter:
1561 3595 1641 3640 per
1674 3581 1786 3627 alias
1816 3580 2230 3628 autem-'fictiones
