2332 3854
786 256 942 296 Lmen
980 256 1036 295 11.
1078 255 1198 296 cap·
1239 253 1504 293 Lxxxvm.
2012 238 2114 291 261

35 315 63 344 μ

54 345 66 363 P'
169 354 382 406 stantiam
399 359 552 404 anima
566 358 843 404 intellectiva
868 371 913 404 et
938 359 1150 405 sensitiva
1174 359 1221 403 in
1246 359 1450 412 homine,
1467 366 1666 416 utsupra
1684 357 1745 414 (c.
1773 356 1860 414 58.)
1885 365 2118 401 ostensum

91 482 96 484 ἡ
169 437 250 472 est.
274 426 465 471 Videtur
488 426 624 486 igitur
649 426 771 486 quod
798 427 936 471 etiam
963 427 1116 471 anima
1147 425 1423 471 intellectiva
1454 437 1534 484 per
1563 423 1777 467 virtutem
1809 422 1995 467 seminis
2022 436 2123 481 pro-

166 492 371 539 ducatur.

254 559 518 606 Praeterea:
551 559 667 604 sicut
698 559 832 604 docet
862 558 1168 604 Aristoteles
1156 574 1202 603 m
1229 559 1430 604 secundo
1461 558 1533 603 De
1566 566 1765 617 generat.
1793 555 1930 600 anim.
1950 556 2012 614 (c.
2044 554 2119 614 3.)‚

165 626 287 687 prius
311 635 518 686 tempore
551 636 618 671 est
646 624 796 671 foetus
828 626 999 670 animal
1032 641 1168 685 quam
1194 624 1353 670 homo.
1382 625 1472 670 Sed
1500 638 1640 684 quum
1666 633 1735 668 est
1759 621 1930 667 animal
1955 631 2000 666 et
2023 635 2118 666 non

59 688 63 691 ’
100 702 103 705 “
165 691 325 748 homo,
356 693 493 738 habet
518 692 720 737 animam
751 693 1013 737 sensitivam
1041 702 1085 736 et
1110 707 1203 737 non
1230 692 1581 746 intellectivam3
1606 704 1745 750 quam
1772 689 1956 749 quidem
1981 689 2116 733 sensi-

164 752 303 804 tivam
328 773 424 804 non
450 769 519 805 est
543 759 730 803 dubium
747 774 800 804 ex
823 759 986 803 virtute
1014 760 1160 803 activa
1184 759 1371 803 seminis
1397 758 1601 818 produci,
1626 758 1744 802 sicut
1769 757 1815 801 in
1842 755 2002 800 ceteris
2029 756 2118 799 ani-

164 825 357 874 malibus
382 826 626 885 coutingit:
652 825 731 870 illa
759 835 910 870 autem
933 836 1026 870 met
1049 828 1201 870 anima
1222 825 1434 870 sensitiva
1458 835 1525 869 est
1549 825 1596 868 in
1622 823 1823 884 potentia
1846 832 1897 867 ut
1914 821 1973 867 sit
1992 820 2121 866 intel-

162 891 341 947 lectiva,
372 892 488 938 sicut
518 892 629 937 illud
663 892 833 937 animal
859 903 927 938 est
956 894 1003 937 in
1029 893 1231 952 potentia
1258 902 1304 937 ut
1331 893 1388 936 sit
1413 891 1584 936 animal
1610 889 1857 945 rationale;
1888 888 1977 934 nisi
2000 887 2118 933 forte

162 954 336 1004 dicatur
361 960 482 1019 quod
515 960 667 1004 anima
692 959 970 1004 intellectiva
992 960 1314 1019 superveniens
1340 960 1397 1004 sit
1430 959 1518 1003 alia
1543 958 1806 1011 substantia,
1833 955 1956 1016 quod
1981 969 2117 1014 supra

161 1024 223 1085 (c.
254 1024 342 1084 58.)
367 1027 674 1086 improbatum
699 1037 779 1071 est.
811 1025 1002 1070 Videtur
1035 1040 1145 1086 ergo
1178 1026 1299 1086 quod
1333 1025 1580 1071 substantia
1607 1025 1788 1069 animae
1814 1022 2117 1069 intellectivae

160 1091 219 1137 sit
242 1106 296 1137 ex
320 1092 484 1138 virtute
510 1107 626 1152 quae
653 1103 721 1138 est
746 1094 792 1137 in
819 1094 1005 1138 semine.

247 1158 387 1204 Item:
414 1162 580 1214 anima,
612 1174 752 1219 quum
785 1160 842 1204 sit
870 1160 1016 1204 forma
1050 1160 1268 1220 corporis,
1302 1160 1452 1204 unitur
1485 1159 1667 1217 corpori
1698 1157 1949 1203 secundum
1982 1170 2117 1202 suum

158 1238 273 1271 esse.
301 1226 391 1271 Sed
417 1228 472 1271 ad
500 1241 550 1271 ea
578 1234 694 1286 quae
721 1237 824 1272 sunt
849 1242 990 1272 unum
1014 1228 1264 1272 secundum
1292 1241 1390 1272 esse
1416 1227 1686 1271 terminatur
1712 1239 1802 1270 una
1835 1225 1956 1270 actio
1982 1223 2116 1268 unius

157 1293 356 1352 agenti33
381 1293 421 1338 si
445 1294 566 1338 enim
599 1304 702 1338 sunt
732 1294 909 1339 diversa
943 1295 1138 1353 agentia,
1166 1305 1210 1338 et
1235 1308 1315 1353 per
1347 1307 1632 1353 consequens
1664 1293 1869 1337 diversae
1896 1291 2116 1345 actione8‚

54 1414 64 1418 2
153 1355 368 1418 Sequetur
393 1361 514 1436 quod
540 1361 628 1405 sint
652 1360 771 1405 facta
794 1362 969 1406 diversa
994 1361 1245 1405 secundum
1274 1375 1384 1406 esse.
1414 1360 1611 1436 Oportet
1638 1374 1748 1418 ergo
1775 1359 1908 1403 unius
1936 1357 2113 1417 agentis

59 1424 85 1475 T*
154 1438 294 1471 unam
326 1427 554 1472 actionem
580 1428 814 1472 terminari
846 1428 902 1472 ad
929 1442 1026 1472 esse
1059 1429 1239 1472 animae
1266 1437 1310 1472 et
1337 1427 1556 1486 corporis.
1584 1427 1780 1471 Constat
1811 1435 1964 1470 autem
1990 1424 2114 1484 quod

82 1484 100 1501 ³
155 1505 319 1552 corpus
350 1492 400 1538 fit
430 1508 509 1553 per
541 1496 770 1540 actionem
802 1495 976 1539 virtutis
1009 1510 1124 1554 quae
1158 1506 1224 1540 est
1255 1495 1302 1539 in
1334 1495 1525 1540 semine.
1558 1494 1680 1554 Ergo
1707 1505 1752 1539 et
1778 1494 1831 1538 ab
1860 1494 2021 1538 eadem
2047 1502 2116 1538 est

52 1554 58 1562 “
153 1558 306 1604 anima
330 1574 445 1619 quae
472 1570 540 1606 est
564 1562 659 1620 ejus
686 1561 850 1616 forma,
865 1573 920 1606 et
946 1575 1039 1606 non
1067 1563 1120 1606 ab
1151 1571 1314 1620 agente
1340 1570 1564 1638 separato.

241 1625 476 1685 Amplius:
502 1627 647 1672 homo
670 1638 856 1687 generat
873 1628 956 1672 sibi
974 1628 1123 1672 simile
1145 1628 1396 1673 secundum
1423 1628 1623 1694 speciem
1650 1642 1731 1686 per
1754 1627 1970 1671 virtutem
1995 1641 2113 1685 quae

153 1701 222 1739 est
244 1693 292 1738 in
316 1694 492 1740 semine
525 1695 693 1740 deciso.
729 1695 884 1741 Omne
918 1706 1069 1740 autem
1104 1710 1241 1755 agens
1275 1696 1524 1740 univocum
1557 1705 1745 1772 generat
1776 1695 1860 1739 sibi
1891 1693 2077 1738 simile
2065 1709 2112 1738 m

46 1756 82 1818 „fl
151 1760 316 1819 specie,
333 1775 413 1821 per
431 1761 522 1806 hoc
549 1763 672 1821 quod
698 1771 854 1807 causat
877 1762 1076 1806 formam
1099 1763 1315 1821 generati,
1343 1777 1367 1806 a
1395 1777 1484 1821 qua
1510 1773 1577 1807 est
1603 1764 1698 1821 ejus
1730 1761 1917 1821 species.
1941 1760 2113 1804 Anima

149 1826 289 1905 igitur
311 1829 528 1885 humana,
556 1844 582 1874 a
607 1844 696 1890 qua
729 1839 796 1875 est
821 1831 996 1890 species
1022 1830 1238 1884 hominis,
1271 1830 1536 1889 producitur
1562 1844 1615 1874 ex
1641 1830 1804 1873 virtute
1830 1842 1947 1888 quae
1974 1838 2041 1872 est
2066 1828 2112 1872 in

151 1895 340 1940 semine.

237 1961 375 2008 Item:
392 1962 670 2023 Apollinaris
688 1963 751 2007 sic
771 1973 1136 2023 argumentatur:
1157 1963 1451 2023 Quicumque
1469 1964 1546 2008 dat
1563 1962 1957 2022 complementum
1980 1962 2109 2021 operi

151 2039 423 2087 cooperatur
455 2031 628 2089 agenti3
662 2030 739 2075 sed
767 2031 804 2075 si
830 2031 1010 2075 animae
1038 2041 1246 2076 creantur
1279 2046 1303 2075 a
1335 2030 1453 2085 Deo,
1485 2032 1581 2090 ipse
1614 2031 1691 2074 dat
1717 2029 2109 2089 complementum

150 2096 432 2154 generationi
449 2111 709 2156 puerorum,
736 2098 812 2156 qui
835 2098 1107 2157 quandoque
1125 2113 1178 2142 ex
1198 2098 1411 2142 adulteris
1432 2108 1701 2152 nascuntur;
1725 2111 1834 2156 ergo
1862 2098 1986 2141 Deus
2005 2111 2109 2142 coo-

148 2172 330 2220 peratur
356 2163 593 2218 adulteris;
621 2164 741 2223 quod
768 2165 852 2208 sibi
882 2165 1209 2209 inconveniens
1235 2165 1425 2209 videtur.

237 2229 534 2275 Inveniuntur
559 2241 711 2275 autem
737 2231 785 2275 in
810 2230 941 2286 libro,
968 2232 1044 2291 qui
1078 2232 1304 2291 Gregorio
1338 2232 1548 2292 Nysseno
1582 2232 1851 2286 inscribitur,
1879 2231 2106 2291 quaedam

145 2294 344 2341 rationes
371 2297 426 2340 ad
448 2297 538 2342 hoc
564 2298 686 2342 idem
712 2298 1014 2358 probandum.
1041 2299 1401 2358 Argumentatur
1424 2310 1575 2343 autem
1602 2299 1690 2344 sic:

67 2423 72 2425 μ
160 2362 175 2374 “
233 2361 300 2408 Ex
325 2364 478 2408 anima
503 2374 550 2409 et
575 2379 766 2424 corpore
792 2365 841 2409 fit
866 2380 1022 2419 unum,
1050 2367 1171 2424 quod
1195 2375 1262 2410 est
1287 2367 1431 2410 horno
1456 2381 1594 2421 unus;
1622 2366 1660 2410 si
1685 2366 1821 2425 igitur
1846 2364 2000 2409 anima
2022 2364 2101 2410 fiat

143 2426 266 2490 prius
291 2444 430 2489 quam
463 2445 642 2490 corpus,
669 2442 746 2476 aut
772 2446 938 2490 corpus
964 2433 1086 2490 prius
1115 2448 1252 2492 quam
1281 2434 1448 2488 anima,
1474 2434 1598 2477 idem
1625 2435 1707 2477 erit
1733 2436 1854 2492 prius
1889 2439 1932 2477 et
1956 2442 2104 2491 poste-

142 2494 234 2544 rius
258 2499 423 2556 seipso,
449 2498 571 2558 quod
598 2498 772 2543 videtur
799 2499 1104 2558 impossibile3
1133 2500 1269 2544 simul
1294 2501 1432 2560 igitur
1456 2500 1505 2544 fit
1538 2515 1702 2559 corpus
1737 2511 1781 2544 et
1814 2501 1978 2544 anima.
2009 2499 2101 2544 Sed

140 2573 304 2623 corpus
323 2565 491 2640 incipit
522 2565 619 2610 fieri
652 2566 699 2610 in
731 2566 962 2610 decisione
996 2567 1200 2611 seminis.
1233 2564 1356 2626 Ergo
1391 2577 1434 2612 et
1475 2583 1555 2626 per
1595 2568 1879 2612 decisionem
1914 2566 2101 2611 seminis

143 2629 296 2682 anima
320 2631 367 2675 in
393 2645 492 2677 esse
517 2633 1184 2692 producitur..

175 2747 180 2755 J
229 2696 419 2750 Adhuc:
444 2698 709 2757 imperfecta
739 2700 915 2744 videtur
952 2715 1049 2745 esse
1087 2701 1292 2759 operatio
1326 2702 1501 2760 agentis
1529 2702 1602 2760 qui
1635 2716 1730 2746 non
1756 2711 1903 2746 totam
1929 2714 2027 2744 rem
2054 2701 2099 2744 in

141 2759 239 2811 ἑὲεο
262 2763 485 2823 producit,
511 2765 591 2810 sed
613 2766 764 2810 solum
787 2767 881 2824 ejus
905 2766 1094 2811 alteram
1111 2777 1302 2826 partem.
1328 2769 1378 2812 Si
1403 2769 1538 2827 igitur
1560 2769 1686 2813 Deus
1707 2769 1910 2812 animam
1933 2768 1980 2812 in
1998 2782 2096 2812 esse

77 2838 107 2892 ᾗ]
141 2829 423 2888 produceret,
456 2846 619 2890 corpus
649 2846 761 2877 vero
794 2833 958 2878 virtute
990 2834 1176 2879 seminis
1208 2834 1495 2888 formaretur,
1530 2850 1646 2894 quae
1680 2836 1772 2880 duo
1811 2846 1916 2880 sunt
1947 2845 2098 2894 partes

62 2899 105 2960 ‘f
140 2895 286 2951 unius,
312 2897 484 2942 scilicet
507 2899 723 2952 hominis,
750 2901 981 2958 utriusque
1015 2902 1238 2958 operatio,
1271 2901 1445 2946 scilicet
1477 2903 1565 2946 Dei
1606 2913 1650 2946 et
1685 2903 1984 2947 seminativae
2015 2903 2101 2947 vir-

138 2959 258 3018 tutis,
281 2962 549 3023 imperfecta
574 2966 825 3019 videretur;
852 2967 974 3025 quod
1006 2977 1129 3024 patet
1161 2981 1258 3010 esse
1292 2969 1635 3013 inconveniens.
1664 2970 1734 3012 Ab
1764 2984 1855 3012 una
1882 2969 2019 3027 igitur
2053 2980 2099 3015 et

139 3024 301 3075 eadem
326 3045 461 3076 causa
486 3032 749 3108 producitur
776 3033 928 3076 anima
956 3042 999 3077 et
1017 3047 1180 3090 corpus
1197 3033 1413 3077 hominis
1437 3033 1630 3077 Constat
1649 3044 1802 3077 autem
1825 3048 1990 3092 corpus
2017 3037 2098 3079 ho-

10 3111 12 3113 ’
138 3094 274 3142 minis
298 3099 489 3156 produci
513 3099 675 3143 virtute
702 3100 901 3144 seminis.
929 3100 1053 3157 Ergo
1081 3110 1124 3143 et
1152 3101 1318 3144 anima.

60 3160 84 3213 ᾖ
159 3173 161 3175 ’
227 3163 364 3211 Item.
389 3165 436 3210 in
462 3167 674 3210 omnibus
701 3181 816 3225 quae
843 3176 1115 3226 generantur
1133 3181 1185 3210 ex
1203 3167 1391 3221 semine,
1416 3181 1577 3211 omnes
1600 3177 1748 3225 partes
1768 3166 1834 3210 rei
1852 3176 2094 3225 generatae

12 3227 99 3299 ,ἑξ-ξ
138 3227 276 3276 simul
301 3233 745 3309 comprehenduntur
775 3235 938 3278 virtute
965 3234 1010 3277 in
1044 3235 1233 3287 semine,
1267 3235 1373 3278 licet
1406 3245 1507 3278 actu
1542 3249 1635 3277 non
1669 3244 1937 3293 appareant3
1978 3234 2096 3278 sicut

138 3294 396 3352 videmus‚·
384 3311 431 3342 m
455 3299 605 3343 tritico
633 3311 709 3344 aut
733 3300 778 3343 in
806 3301 1008 3376 quolibet
1035 3301 1124 3344 alio
1151 3301 1340 3354 semine,
1359 3302 1481 3359 quod
1505 3301 1659 3354 herba,
1688 3310 1732 3344 et
1754 3299 1947 3375 culmus,
1970 3310 2015 3345 et
2029 3301 2094 3344 in·

136 3363 357 3418 ternodia,
383 3375 428 3409 et
453 3363 637 3420 fructus,
669 3376 714 3410 et
739 3366 901 3411 aristae
926 3367 1089 3411 virtute
1114 3368 1597 3427 comprehenduntur
1586 3381 1632 3411 m
1659 3367 1807 3426 primo
1835 3366 2024 3421 semine,
2048 3377 2093 3412 et

117 3441 298 3488 ⁴postea
321 3431 602 3490 protenditur
626 3445 782 3477 semen
809 3443 854 3477 et
880 3433 1092 3478 dilatatur
1117 3434 1316 3492 quadam
1343 3435 1670 3492 consequentia
1693 3433 1888 3477 naturali
1915 3432 1972 3477 ad
1997 3447 2094 3492 per·

137 3492 411 3551 sectionem,
424 3510 518 3542 non
545 3512 780 3543 assumens
807 3498 974 3560 aliquid
1002 3500 1319 3545 extrinsecum.
1355 3499 1550 3544 Constat
1575 3509 1729 3544 autem
1756 3500 1956 3544 animam
1989 3514 2091 3545 esse

136 3567 314 3621 partem
332 3562 547 3608 hominis.
570 3564 622 3609 In
645 3565 820 3610 semine
845 3565 981 3625 igitur
1006 3567 1209 3611 hominis
1233 3567 1392 3611 virtute
1411 3566 1668 3611 continetur
1690 3567 1844 3611 anima
1865 3566 2090 3623 humana3

137 3636 234 3672 non
258 3639 411 3675 autem
436 3643 492 3696 ex
518 3629 671 3690 aliqua
696 3631 909 3678 exteriori
934 3646 1070 3678 causa
1102 3633 1375 3692 principium
1402 3634 1553 3678 sumit.

56 2594 97 2758 ,[ῑῂᾷ·κΐ-.ν-,,ξή.·νῑ;
69 2549 91 2587 ·:
62 2464 90 2518 11:32:
67 2340 91 2382 *st-‘2
66 2322 79 2326 1
65 2296 86 2310 ff·
67 2280 77 2284 ι’

91 2764 94 2769 ”’
92 2744 100 2755 71
94 2683 98 2685 v
94 2617 101 2620 Δ
99 2604 101 2606 ,
94 2596 97 2598 ⁴
93 2582 96 2586 ¹
91 2533 93 2539 “
91 2487 97 2501 ’Ν
99 2475 100 2478 Α
90 2426 94 2428 Χ
98 2415 100 2418 v
