2332 3854
259 212 329 267 28
974 229 1129 269 LIBER
1168 229 1203 268 1.
1245 230 1365 268 CAP.
1405 229 1497 267 xx.

344 329 434 373 Per
457 330 548 374 hoc
576 339 729 374 autem
746 329 987 374 destruitur
1004 345 1131 375 error
1145 331 1400 389 primorum
1425 330 1808 391 philosophorum
1825 331 2116 387 naturalium,
2133 332 2213 391 qui

257 410 351 440 non
378 399 608 456 ponebant
638 398 726 441 nisi
752 411 911 442 causas
936 398 1210 452 materiales,
1228 407 1276 442 ut
1291 399 1461 457 ignem,
1486 398 1560 444 vel
1582 413 1763 458 aquam,
1785 398 1859 443 vel
1877 398 2046 457 aliquid
2061 399 2216 457 hujus-

257 462 409 517 modi3
448 473 492 507 et
527 464 591 508 sic
618 464 765 522 prima
788 478 940 507 rerum
971 465 1193 522 principia
1229 479 1423 524 corpora
1455 466 1678 519 dicebant,
1712 475 1755 510 et
1787 465 1947 509 eadem
1986 465 2215 509 vocabant

257 529 382 573 deos.
406 530 527 573 Inter
544 544 658 588 quos
686 531 824 574 etiam
842 530 1028 588 quidam
1053 530 1235 575 fuerunt
1250 542 1471 590 ponentes
1500 546 1657 577 causas
1675 541 1935 588 moventes,
1962 531 2214 575 amicitiam

258 605 302 639 et
333 595 486 649 litem;
514 597 590 654 qui
616 597 755 640 etiam
781 607 964 655 propter
989 597 1243 655 praedictas
1269 598 1467 642 rationes
1501 598 1804 643 confutantur.
1827 599 1964 652 Nam,
1990 612 2131 657 quum
2157 596 2213 642 lis

256 671 300 704 et
327 662 525 706 amicitia
549 663 638 706 sint
668 663 713 705 in
741 663 1020 721 corporibus,
1047 664 1300 708 secundum
1326 678 1421 719 eos,
1459 665 1659 724 sequitur
1690 667 1835 723 prima
1866 664 2088 724 principia
2119 678 2215 709 mo-

254 728 407 772 ventia
434 743 533 773 esse
564 729 750 773 virtutes
768 729 816 772 in
844 743 1049 788 corpore.
1074 730 1164 789 Ipsi
1181 731 1319 775 etiam
1344 733 1575 790 ponebant
1598 732 1752 776 Deum
1779 745 1878 776 esse
1905 732 2213 791 compositum

255 808 309 838 ex
336 805 531 853 quatuor
557 795 793 839 elementis
828 806 871 839 et
907 791 1130 852 amicitia3
1156 812 1238 855 per
1264 798 1387 857 quod
1413 798 1543 842 datur
1577 798 1783 857 intelligi,
1810 798 1933 857 quod
1964 807 2215 857 posuerunt

254 861 410 905 Deum
438 876 535 906 esse
563 876 727 920 corpus
761 862 974 907 coeleste.
1001 863 1123 908 Inter
1155 865 1365 924 antiquos
1393 875 1560 919 autem,
1587 865 1711 910 solus
1733 866 2032 924 Anaxagoras
2059 865 2116 909 ad
2140 878 2214 908 ve-

254 928 434 972 ritatem
463 928 666 982 accessit,
694 942 868 986 ponens
891 928 1172 974 intellectum
1189 941 1454 975 moventem
1473 932 1630 976 omnia
1654 941 1929 991 separatum.
1956 931 2056 976 Hac
2074 931 2214 976 etiam

253 996 441 1038 veritate
474 994 805 1053 redarguuntur
832 995 1038 1040 Gentiles
1064 1006 1286 1055 ponentes
1317 998 1416 1057 ipsa
1442 997 1670 1043 elementa
1692 998 1851 1042 mundi
1876 1008 1921 1042 et
1949 998 2137 1042 virtutes
2162 997 2211 1041 in

255 1061 320 1105 eis
353 1061 617 1105 exsistentes
644 1061 754 1105 deos
781 1075 895 1116 esse,
912 1072 961 1106 ut
976 1062 1138 1117 solem,
1164 1063 1336 1118 lunam,
1359 1074 1542 1119 terram,
1570 1079 1736 1124 aquam
1762 1076 1808 1109 et
1830 1064 2111 1124 hujusmodi,
2141 1077 2215 1108 oc-

254 1129 489 1173 casionem
516 1128 741 1173 ,habentes
768 1142 822 1172 ex
853 1129 1092 1187 praedictis
1120 1129 1507 1190 philosophorum
1539 1132 1778 1176 erroribus.
1806 1131 2056 1176 Praedictis
2074 1131 2214 1176 etiam

253 1194 503 1238 rationibus
539 1194 839 1239 excluduntur
864 1195 1165 1240 deliramenta
1184 1196 1464 1254 Judaeorum
1490 1197 1783 1257 simplicium,
1810 1197 2097 1252 Tertulliani,
2128 1186 2242 1242 Va!

254 1261 513 1314 dianorum,
535 1260 631 1304 sive
648 1260 1235 1321 Anthropomorphitarum
1259 1263 1614 1318 haereticorum,
1632 1265 1711 1323 qui
1725 1265 1879 1308 Deum
1902 1263 2214 1324 corporalibus

252 1327 541 1372 lineamentis
568 1326 847 1386 figurabant3
874 1342 1059 1373 necnon
1095 1339 1140 1373 et
1163 1329 1561 1385 Manichaeorum,
1599 1331 1676 1389 qui
1712 1330 1961 1390 quamdam
1990 1331 2216 1375 infinitam

252 1395 366 1439 lucis
407 1395 721 1449 substantiam,
757 1409 838 1454 per
872 1395 1101 1440 infinitum
1149 1397 1347 1456 spatium
1389 1397 1648 1452 distentam,
1689 1397 1843 1441 Deum
1883 1397 2215 1442 existimabant.

255 1462 471 1516 Quorum
499 1463 709 1507 omnium
736 1477 943 1507 errorum
968 1463 1054 1508 fuit
1076 1465 1276 1519 occasio,
1299 1466 1436 1524 quod,
1464 1465 1518 1509 de
1546 1466 1710 1510 divinis
1738 1465 2008 1524 cogitantes,
2030 1465 2087 1510 ad
2107 1465 2218 1510 ima·

252 1530 537 1588 ginationem
569 1529 920 1584 deducebantur,
957 1545 1039 1590 per
1065 1545 1203 1590 quam
1234 1545 1329 1576 non
1356 1543 1505 1591 potest
1531 1532 1677 1592 accipi
1713 1532 1801 1577 nisi
1833 1532 2039 1592 corporis
2063 1530 2219 1577 simili-

254 1597 380 1641 tudo.
409 1596 466 1641 Et
489 1596 595 1641 ideo
623 1610 726 1641 eam
757 1597 804 1641 in
829 1597 1113 1657 incorporeis
1145 1598 1417 1644 meditandis
1445 1599 1758 1659 derelinquere
1785 1609 1979 1658 oportet.

1007 1753 1261 1810 CAPUT
1308 1754 1464 1810 XXI.

760 1888 919 1934 QUOD
961 1889 1103 1927 DEUS
1142 1889 1244 1928 EST
1286 1889 1389 1927 suA
1437 1888 1716 1929 ESSENT1A.

342 1996 407 2041 Ex
434 1997 694 2056 praemissis
721 2008 875 2043 autem
900 1998 1060 2043 haberi
1075 2009 1239 2059 potest,
1257 1999 1379 2059 quod
1395 1999 1522 2043 Deus
1541 2008 1609 2043 est
1633 2012 1714 2043 sua
1742 1998 1951 2053 essentia,
1966 1998 2214 2073 Nquidditas,

253 2078 334 2109 seu
361 2075 536 2109 natura.
1969 2109 1973 2112 .

347 2145 382 2175 1.
410 2132 463 2175 In
490 2132 619 2175 omni
650 2133 772 2176 enim
806 2147 877 2187 eo,
910 2133 1033 2192 quod
1057 2147 1152 2177 non
1179 2143 1247 2177 est
1286 2148 1368 2178 sua
1400 2133 1595 2178 essentia
1621 2133 1715 2177 sive
1754 2132 1994 2192 quidditas,
2034 2143 2216 2193 oportet

255 2197 452 2257 aliquam
488 2213 586 2260 esse
613 2200 1012 2259 compositionem.
1043 2200 1203 2252 Quum
1226 2201 1349 2246 enim
1374 2201 1422 2244 in
1448 2215 1726 2260 unoquoque
1758 2201 1815 2245 sit
1836 2215 1919 2245 sua
1944 2201 2154 2256 essentia,
2177 2202 2215 2246 si

251 2266 366 2309 nihil
392 2266 439 2309 in
473 2266 626 2325 aliquo
654 2277 772 2311 esset
802 2277 980 2326 praeter
1007 2268 1102 2326 ejus
1136 2268 1395 2321 essentiam,
1421 2277 1570 2312 totum
1608 2267 1731 2327 quod
1767 2282 1838 2312 res
1865 2277 1934 2312 est
1969 2276 2089 2313 esset
2119 2269 2215 2328 ejus

253 2333 473 2387 essentia;
501 2342 546 2376 et
561 2333 625 2378 sic
651 2334 802 2392 ipsum
820 2344 939 2379 esset
964 2348 1045 2378 sua
1071 2335 1279 2378 essentia.
1309 2335 1359 2378 Si
1383 2335 1521 2393 igitur
1548 2334 1716 2393 aliquid
1742 2349 1837 2379 non
1863 2344 1932 2379 est
1955 2349 2038 2379 sua
2069 2349 2218 2380 essen-

251 2399 329 2453 tia,
363 2409 543 2458 oportet
569 2399 739 2459 aliquid
764 2401 811 2444 in
839 2415 893 2445 eo
931 2415 1030 2445 esse
1067 2411 1244 2460 praeter
1281 2402 1375 2459 ejus
1403 2402 1667 2457 essentiam;
1695 2411 1740 2446 et
1764 2402 1829 2445 sic
1866 2411 2047 2460 oportet
2080 2402 2128 2447 in
2159 2417 2215 2447 eo

253 2481 353 2510 esse
381 2467 778 2543 compositionem.
808 2468 943 2511 Unde
966 2468 1105 2512 etiam
1132 2469 1327 2512 essentia
1352 2469 1400 2512 in
1423 2468 1690 2527 compositis
1717 2467 1997 2527 significatur
2016 2482 2097 2527 per
2121 2481 2218 2513 mo-

253 2533 363 2576 dum
389 2534 542 2592 partis,
569 2543 618 2577 ut
642 2534 941 2578 humanitas
929 2549 976 2578 in
1011 2535 1215 2579 homine.
1256 2535 1508 2580 Ostensum
1549 2545 1617 2579 est
1656 2545 1809 2579 autem
1834 2535 1881 2579 in
1906 2535 2011 2580 Deo
2036 2534 2214 2580 nullam

255 2614 353 2645 esse
381 2601 779 2660 compositionem.
806 2602 933 2646 Deus
957 2601 1094 2660 igitur
1127 2612 1195 2647 est
1225 2617 1306 2647 sua
1333 2604 1541 2647 essentia.

341 2680 381 2711 2
409 2669 598 2712 Adhuc:
633 2668 783 2712 solum
811 2667 923 2712 illud
947 2669 1124 2713 videtur
1142 2684 1239 2714 esse
1257 2680 1434 2728 praeter
1450 2669 1694 2714 essentiam
1715 2669 1791 2713 vel
1816 2669 2115 2728 quidditatem
2132 2647 2215 2725 rei,

255 2735 377 2793 quod
407 2749 502 2779 non
534 2735 671 2780 intrat
695 2734 1051 2786 diffinitionem
1039 2736 1194 2795 1psius.
1227 2736 1451 2780 Diffinitio
1485 2737 1606 2780 enim
1635 2735 1859 2795 significat
1890 2736 1998 2795 quid
2025 2747 2094 2782 est
2128 2751 2214 2782 res.

256 2801 366 2845 Sola
400 2812 553 2846 autem
581 2802 833 2847 accidentia
865 2803 932 2847 rei
957 2812 1074 2857 sunt,
1101 2817 1218 2862 quae
1250 2805 1296 2847 in
1323 2803 1592 2848 diffinitione
1614 2818 1708 2847 non
1736 2804 1916 2848 cadunt.
1945 2803 2056 2848 Sola
2079 2804 2217 2864 igitur

256 2869 509 2914 accidentia
531 2879 636 2913 sunt
651 2870 698 2913 in
716 2884 765 2914 re
792 2869 958 2929 aliqua,
975 2880 1154 2927 praeter
1180 2871 1426 2915 essentiam
1459 2872 1568 2929 ejus,
1600 2871 1652 2914 In
1678 2871 1781 2914 Deo
1815 2880 1967 2915 autem
1989 2885 2083 2915 non
2113 2880 2217 2916 sunt

255 2935 406 2995 aliqua
439 2936 706 2991 accidentia,
729 2945 778 2980 ut
804 2937 1065 2981 ostendetur
1093 2938 1153 2995 (c.
1182 2939 1297 2997 23.);
1330 2937 1446 2982 nihil
1470 2938 1607 2996 igitur
1624 2947 1692 2982 est
1715 2937 1763 2980 in
1785 2951 1840 2982 eo
1872 2947 2050 2996 praeter
2071 2952 2217 2984 essen-

253 3004 366 3047 tiam
398 3005 518 3062 ers3
553 3013 620 3047 est
644 3003 782 3062 igitur
805 3003 902 3061 ipse
934 3017 1015 3047 sua
1042 3005 1252 3049 essentia.

349 3083 388 3128 3.
414 3069 655 3128 Amplius:
680 3069 857 3114 formae
881 3084 996 3129 quae
1023 3070 1078 3114 de
1106 3071 1238 3116 rebus
1276 3071 1621 3116 subsistentibus
1647 3085 1741 3115 non
1767 3070 2096 3130 praedicantur,
2121 3071 2217 3117 sive

253 3137 300 3181 in
318 3136 563 3181 universali
579 3137 673 3181 sive
685 3137 732 3181 in
750 3136 968 3195 singulari
986 3138 1198 3197 acceptis,
1214 3148 1318 3183 sunt
1332 3137 1509 3183 formae
1526 3152 1642 3197 quae
1658 3152 1752 3181 non
1769 3152 1849 3197 per
1865 3153 1913 3183 se
1930 3138 2218 3198 singulariter

256 3204 502 3248 subsistunt
526 3204 573 3247 in
600 3204 758 3263 seipsis
779 3204 1099 3249 individuatae.
1118 3205 1226 3250 Non
1244 3206 1367 3249 enim
1391 3205 1554 3249 dicitur
1585 3205 1707 3263 quod
1726 3204 1940 3251 Socrates
1970 3215 2048 3251 aut
2070 3205 2216 3251 homo

257 3281 334 3315 aut
365 3270 536 3314 animal
561 3271 618 3315 sit
645 3270 806 3315 albedo
820 3273 953 3330 „quia
971 3271 1133 3316 albedo
1150 3286 1244 3316 non
1273 3282 1340 3317 est
1363 3287 1444 3331 per
1470 3286 1518 3316 se
1536 3271 1823 3330 singulariter
1852 3272 2116 3327 subsistens,
2137 3273 2216 3318 sed
2258 3281 2275 3292 ‘⁴

256 3338 558 3382 individuatur
584 3351 663 3397 per
695 3338 949 3396 subjectum
978 3338 1237 3383 subsistens.
1263 3338 1482 3383 Similiter
1505 3338 1643 3383 etiam
1665 3338 1842 3384 formae
1868 3338 2098 3388 naturales
2118 3351 2214 3384 non

256 3404 503 3448 subsistunt
529 3418 607 3462 per
643 3419 690 3449 se
728 3404 1030 3464 singulariter,
1064 3405 1144 3450 sed
1181 3405 1519 3451 individuantur
1544 3405 1591 3449 in
1618 3406 1810 3464 propriis
1842 3405 2064 3461 materiis;
2094 3405 2215 3450 unde

255 3485 350 3515 non
377 3471 585 3526 dicimus,
609 3472 731 3531 quod
754 3472 830 3517 hic
862 3472 935 3517 vel
952 3472 1028 3517 ille
1051 3472 1184 3532 ignis,
1213 3482 1290 3518 aut
1314 3473 1433 3532 ignis
1459 3473 1517 3517 sit
1542 3487 1623 3517 sua
1649 3472 1810 3518 forma.
1829 3472 1960 3533 Ipsae
1981 3472 2120 3518 etiam
2151 3485 2216 3518 es*

256 3538 427 3583 sentiae
452 3537 527 3582 vel
553 3539 823 3597 quidditates
855 3553 1077 3598 generum
1098 3538 1173 3584 vel
1199 3539 1456 3599 specierum
1482 3539 1821 3584 individuantur
1846 3538 2098 3590 secundum
2123 3552 2215 3584 ma-

255 3604 418 3649 teriam
451 3604 678 3663 signatam
703 3605 838 3665 hujus
862 3605 937 3651 vel
960 3605 1082 3651 illius
1106 3605 1350 3662 individui3
1377 3605 1485 3651 licet
1516 3606 1655 3651 etiam
1681 3605 1907 3666 quidditas
1931 3605 2110 3667 generis
2139 3604 2215 3651 vel
