2332 3854
827 214 981 254 tumn
1020 213 1056 252 1.
1098 213 1219 252 cAP.
1261 211 1384 251 va.
2013 209 2082 264 77

220 319 346 364 Haec
370 326 523 363 autem
548 316 738 377 probata
758 315 924 360 veritas
940 315 1079 360 etiam
1097 314 1357 373 Scripturae
1383 326 1541 358 sacrae
1567 311 1835 355 auctoritate
1857 310 2061 355 firmatur
2072 324 2088 373 ².

50 382 83 439 κζ
131 385 296 432 dicitur
312 385 435 429 enim
449 384 607 442 (Hebr.
629 382 706 427 IV.
741 383 853 441 13.):
881 383 979 427 Non
1005 389 1059 428 est
1079 382 1166 427 ulla
1188 387 1384 427 creatura
1410 379 1636 442 inuisibilis
1661 380 1705 422 in
1730 385 1946 438 conspectu
1973 382 2059 437 ejus
2068 393 2085 430 ,-

58 446 84 505 ξι
132 464 258 499 error
273 452 411 497 etiam
430 450 682 496 contrarius
700 448 951 493 excluditur
969 448 1130 506 (Eccli.
1144 447 1267 492 XVI.
1291 446 1403 505 16.):
1430 447 1530 492 Non
1542 445 1669 499 dicas,
1686 459 1712 490 a
1729 446 1821 490 Deo
1843 445 2089 498 abscondar,

71 565 87 578 ,
129 525 171 566 οἱ
190 533 243 565 ex
265 533 425 564 summo
461 519 551 576 quis
583 518 665 560 mei
694 517 1030 560 memorabitur?

220 586 350 630 Patet
375 585 514 629 etiam
537 597 592 628 ex
609 583 754 636 dictis,
777 582 969 641 qualiter
994 583 1193 640 objectio
1216 583 1263 626 in
1290 583 1569 627 contrarium
1588 580 1708 624 facta
1725 593 1820 624 non
1846 589 1969 624 recte
1987 593 2091 623 con-

130 650 289 707 cludit;
314 666 424 695 nam
443 651 489 696 id
505 664 598 710 quo
615 649 872 694 intellectus
894 649 1072 692 divinus
1094 649 1323 708 intelligit,
1341 650 1425 693 etsi
1443 647 1745 692 immateriale
1762 647 1833 701 sit,
1851 657 1919 691 cst
1934 657 2089 691 tamen

131 712 178 766 ct
210 721 427 764 materiae
465 727 510 763 et
541 717 719 762 formae
761 715 1026 770 similitudo,
1063 716 1180 760 sicut
1216 717 1415 776 primum
1457 715 1730 775 principium
1770 714 2090 775 productivum

130 786 376 846 utriusque.
407 792 409 795 '

863 958 1119 1015 CAPUT
1161 959 1361 1015 LXVI.

426 1095 586 1143 QUOD
627 1095 769 1134 DEUS
809 1094 1131 1134 COGNOSCIT
1171 1095 1242 1133 EA
1269 1095 1431 1142 QUAE
1470 1096 1587 1135 NON
1628 1094 1789 1135 SUNT.

731 1197 785 1254 (I.
810 1204 927 1257 part.
961 1203 1111 1256 quaest.
1146 1197 1264 1242 XIV.
1298 1203 1378 1242 art.
1411 1196 1490 1255 9.).

54 1354 55 1357 ,
156 1328 159 1332 ³
219 1309 433 1354 Secundo
460 1308 793 1354 ostendendum
821 1318 901 1362 est,
929 1308 1051 1368 quod
1069 1309 1171 1352 Deo
1189 1322 1283 1352 non
1311 1309 1436 1352 deest
1452 1308 1616 1352 notitia
1639 1322 1801 1352 eorum
1816 1307 1956 1352 etiam
1973 1321 2091 1367 quae

51 1398 68 1426 ·,
127 1389 223 1422 non
244 1386 362 1421 sunt.
380 1376 442 1421 Ut
461 1376 582 1420 enim
602 1390 656 1420 ex
666 1376 935 1434 supradictis
953 1377 1013 1433 (c.
1032 1374 1124 1432 61.)
1144 1385 1279 1434 patet,
1298 1375 1459 1419 eadem
1478 1385 1545 1419 est
1566 1376 1851 1433 comparatio
1873 1374 2091 1419 scientiae

129 1443 310 1488 divinae
327 1443 383 1488 ad
402 1457 472 1487 res
499 1444 649 1496 scitas,
672 1457 788 1501 quae
814 1442 1040 1487 scibilium
1064 1442 1119 1486 ad
1147 1442 1387 1486 scientiam
1412 1451 1632 1487 nostram.
1660 1442 1740 1486 Est
1762 1451 1915 1486 autern
1940 1442 2094 1499 hujus·

11 1550 14 1554 .
119 1509 256 1555 'modi
288 1509 572 1569 comparatio
609 1509 778 1553 scibilis
815 1509 870 1552 ad
913 1519 1118 1553 nostram
1156 1509 1411 1561 scientiam,
1453 1508 1575 1567 quod
1612 1508 1769 1552 scibile
1801 1518 1951 1567 potest
1993 1522 2092 1552 esse

12 1574 80 1638 ᾖξ’
130 1577 298 1636 absque
324 1590 396 1631 eo,
427 1577 550 1636 quod
583 1578 680 1635 ejus
707 1576 896 1620 scientia
923 1590 948 1619 a
974 1576 1105 1620 nobis
1138 1575 1373 1629 habeatur,
1413 1585 1462 1619 ut
1490 1576 1619 1634 ponit
1645 1575 1906 1634 exemplum
1941 1574 2094 1619 Philo-

11 1639 15 1647 ’
38 1641 71 1679 ’ῗ
128 1644 301 1704 sophus
325 1644 373 1688 in
394 1643 773 1703 praedicamentis
800 1643 860 1700 (c.
888 1643 962 1686 Ad
997 1642 1186 1701 aliquid)
1222 1642 1278 1686 de
1312 1641 1470 1686 circuli
1502 1642 1789 1701 quadratura,
1821 1656 1916 1686 non
1939 1651 2093 1686 autem

12 1726 13 1730 ¹
128 1725 155 1756 e
178 1724 419 1756 converso.
449 1709 577 1754 Talis
612 1724 721 1768 ergo
755 1710 840 1754 erit
872 1710 1158 1768 comparatio
1186 1709 1365 1753 divinae
1391 1709 1609 1754 scientiae
1636 1709 1691 1753 ad
1717 1723 1789 1754 res
1821 1709 1948 1764 alias,
1966 1709 2090 1768 quod

129 1777 268 1823 etiam
297 1791 394 1822 non
426 1777 738 1821 exsistentium
766 1790 864 1820 esse
891 1786 1054 1835 potest.

55 1885 59 1902 ‚
171 1865 173 1867 ·
218 1844 358 1889 Item:
385 1844 590 1904 cognitio
624 1844 763 1888 divini
788 1843 1046 1888 intellectus
1073 1853 1365 1902 comparatur
1393 1843 1449 1887 ad
1480 1857 1552 1888 res
1586 1843 1712 1898 alias,
1745 1843 1862 1888 sicut
1888 1843 2091 1903 cognitio

43 1909 68 1927 ⁴⁹
129 1910 312 1956 artificis
329 1912 385 1956 ad
412 1910 660 1965 artificiata,
684 1925 790 1955 cum
807 1925 885 1969 per
902 1925 1031 1955 suam
1055 1911 1294 1956 scientiam
1311 1911 1366 1955 sit
1385 1925 1521 1955 causa
1548 1925 1713 1955 rerum.
1748 1910 1921 1955 Artifex
1939 1921 2092 1955 autem

130 1991 239 2024 suae
251 1979 358 2023 artis
375 1978 639 2038 cognitione
657 1978 795 2022 etlam
814 1993 865 2022 ea
883 1993 1000 2037 quae
1016 1979 1224 2022 nondum
1245 1988 1350 2022 sunt
1373 1978 1609 2022 artificiata
1632 1979 1893 2036 cognoscit3
1915 1977 2091 2022 formae

2 2060 6 2075 ³
51 2075 63 2107 4
130 2045 255 2090 enim
281 2046 388 2090 artis
413 2059 467 2090 ex
488 2046 585 2103 ejus
611 2045 802 2089 scientia
828 2045 1017 2089 effluunt
1041 2045 1087 2088 in
1115 2045 1390 2090 exteriorem
1408 2045 1646 2089 materiam
1665 2045 1720 2089 ad
1748 2044 2092 2089 artificiatorum

131 2112 530 2166 constitutionem3
566 2111 686 2156 unde
722 2111 837 2156 nihil
876 2112 1087 2172 prohibet
1127 2112 1174 2155 in
1205 2112 1395 2156 scientia
1427 2112 1610 2156 artificis
1644 2126 1742 2155 esse
1767 2111 1940 2156 formas
1975 2126 2092 2171 quae

0 2174 1 2182 ’
127 2179 335 2225 nondum
371 2179 564 2224 exterius
597 2178 872 2237 prodierunt.
911 2179 986 2224 Sic
1019 2180 1154 2237 igitur
1188 2178 1303 2223 nihil
1340 2179 1566 2238 prohibet,
1593 2179 1747 2223 Deum
1780 2193 1941 2223 eorum
1975 2193 2091 2238 quae

56 2268 58 2270 v
127 2259 225 2291 non
254 2255 373 2300 sunt,
403 2246 616 2290 notitiam
637 2245 819 2290 habere.

50 2316 76 2355 ²2
144 2329 186 2356 ,κε’
217 2313 481 2358 Praeterea:
507 2313 635 2357 Deus
667 2314 908 2372 cognoscit
932 2312 1021 2357 alia
1043 2327 1068 2357 a
1085 2327 1133 2357 se
1154 2327 1236 2372 per
1261 2327 1392 2357 suam
1420 2313 1680 2368 essentiam,
1707 2314 1754 2357 in
1776 2323 1997 2372 quantum
2021 2323 2089 2357 est

44 2402 85 2445 2⁶<
126 2376 379 2426 similitudo
406 2393 568 2424 eorum
589 2394 705 2438 quae
732 2380 786 2423 ab
820 2393 876 2424 eo
899 2380 1166 2439 procedunt,
1194 2389 1242 2423 ut
1269 2394 1322 2424 ex
1348 2381 1478 2424 dictis
1506 2381 1565 2437 (c.
1595 2381 1682 2437 54.)
1710 2390 1856 2438 patet:
1883 2380 1963 2424 sed
1986 2394 2092 2423 cum

113 2447 327 2493 ‘mentia
341 2447 430 2491 Dei
446 2447 503 2492 sit
518 2446 720 2491 infinitae
739 2446 1044 2506 perfectionis,
1072 2456 1120 2490 ut
1136 2461 1269 2505 supra
1287 2448 1348 2504 (c.
1375 2448 1469 2505 43.)
1498 2457 1731 2491 ostensum
1757 2457 1837 2500 est,
1865 2446 2093 2505 quaelibet

46 2514 77 2570 j?
130 2521 284 2560 autem
306 2512 394 2558 alia
420 2528 493 2559 res
518 2514 656 2558 habet
679 2528 791 2568 esse,
819 2524 863 2558 et
887 2513 1217 2573 perfectionem
1243 2514 1550 2568 terminatam,
1567 2513 1852 2572 impossibile
1878 2524 1946 2558 est
1968 2513 2092 2573 quod

116 2581 398 2629 *universitas
418 2595 569 2627 rerum
593 2581 784 2626 aliarum
808 2581 1031 2640 adaequet
1055 2581 1278 2625 essentiae
1305 2582 1483 2625 divinae
1509 2580 1864 2638 perfectionem:
1893 2581 2094 2625 extendit

127 2648 272 2710 igitur
288 2662 339 2694 se
368 2648 437 2693 vis
462 2661 571 2693 suae
587 2648 1016 2707 repraesentationis
1051 2649 1108 2692 ad
1139 2647 1286 2692 multo
1320 2647 1449 2706 plura
1481 2661 1620 2706 quam
1653 2648 1709 2691 ad
1736 2661 1790 2691 ea
1826 2661 1942 2706 quae
1973 2656 2091 2691 sunt.

116 2714 350 2776 Siigitur
373 2716 499 2760 Deus
524 2715 724 2760 totaliter
756 2717 972 2760 virtutem
1008 2725 1053 2760 et
1086 2714 1416 2773 perfectionem
1442 2728 1550 2758 suae
1579 2713 1800 2758 essentiae
1836 2713 2091 2773 cognoscit,

130 2782 330 2829 'extendit
353 2796 402 2828 se
424 2783 522 2841 ejus
549 2782 752 2840 cognitio
777 2796 872 2826 non
898 2781 1050 2826 solum
1078 2782 1134 2825 ad
1162 2795 1215 2825 ea
1242 2795 1358 2840 quae
1384 2790 1503 2836 sunt,
1530 2780 1608 2826 sed
1636 2781 1774 2826 etiam
1801 2781 1858 2825 ad
1895 2795 1949 2825 ea
1974 2794 2092 2840 quae

52 2864 86 2898 T
127 2862 226 2895 non
249 2858 367 2895 sunt.

219 2917 458 2977 Amplius:
491 2915 749 2961 intellectus
775 2925 932 2960 noster
963 2915 1214 2959 secundum
1235 2913 1363 2959 illam
1383 2915 1702 2974 operationem
1728 2928 1818 2974 qua
1854 2914 2094 2974 cognoscit

48 2981 81 3022 »Γ
130 2983 259 3045 quod'
274 2982 381 3044 quid
403 2993 485 3038 est,
505 2983 716 3028 notitiam
732 2983 900 3026 habere
917 2991 1068 3041 potest
1084 2982 1220 3025 etiam
1239 2995 1406 3033 eorum
1418 2995 1534 3041 quae
1559 2995 1654 3026 non
1672 2990 1777 3026 sunt
1797 2990 1924 3036 actu;
1942 2990 2094 3040 potest

70 3041 76 3050 ”
134 3051 257 3102 enim
282 3050 428 3095 leonis
452 3049 529 3094 vel
553 3050 659 3109 equi
684 3049 930 3094 essentiam
967 3048 1358 3107 comprehendere
1389 3049 1602 3093 omnibus
1627 3047 1895 3107 hujusmodi
1925 3048 2095 3092 anima-

130 3116 248 3163 libus
264 3117 559 3175 interemptis.
577 3116 837 3161 Intellectus
860 3125 1015 3160 autem
1031 3115 1208 3159 divinus
1228 3115 1468 3174 cognoscit
1486 3115 1542 3159 ad
1559 3115 1751 3159 modum
1769 3117 2090 3174 cognoscentis

71 3201 91 3216 ’-
132 3184 256 3244 quod
287 3183 394 3244 quid
427 3193 508 3238 est,
533 3197 629 3228 non
653 3182 806 3228 solum
829 3182 1134 3236 diffinitiones,
1161 3182 1241 3226 sed
1267 3183 1407 3227 etiam
1441 3181 1749 3236 enuntiabilia,
1775 3191 1826 3226 ut
1847 3195 1899 3226 ex
1941 3195 2094 3241 supra·

132 3250 263 3363 &dictis
300 3251 363 3308 (c.
399 3251 488 3310 59.)
522 3259 672 3310 patet;
718 3258 869 3309 potest
907 3250 1046 3309 igitur
1078 3249 1218 3294 etiam
1252 3262 1412 3294 eorum
1448 3263 1564 3309 quae
1605 3262 1699 3293 non
1733 3258 1837 3293 sunt
1878 3248 2090 3294 notitiam

193 3317 314 3364 bere.

221 3383 408 3428 Adhuc:
437 3382 623 3428 effectus
661 3382 821 3443 aliquis
857 3383 905 3427 in
938 3397 1019 3428 sua
1047 3397 1184 3427 causa
1218 3382 1457 3441 praenosci
1482 3391 1644 3442 potest,
1681 3381 1819 3427 etiam
1845 3391 2092 3443 antequam

133 3450 205 3504 sit,
234 3450 353 3495 sicut
381 3450 639 3509 praenoscit
674 3449 932 3510 astrologus
964 3450 1170 3510 eclipsim
1202 3449 1400 3494 futuram
1435 3463 1489 3494 ex
1522 3449 1888 3494 consideratione
1919 3449 2091 3494 ordinis

137 3514 406 3561 coelestium
426 3526 652 3561 motuum.
680 3516 770 3561 Sed
802 3517 1007 3576 cognitio
1032 3516 1123 3561 Dei
1147 3525 1216 3560 est
1240 3515 1296 3560 de
1321 3515 1454 3560 rebus
1477 3515 1689 3560 omnibus
1708 3528 1789 3574 per
1810 3529 2020 3570 causam3
2041 3529 2091 3560 se

136 3581 262 3631 enim
286 3583 627 3643 cognoscendo,
643 3583 721 3644 qui
737 3594 804 3629 est
820 3583 1031 3629 omnium
1057 3596 1209 3637 causa,
1232 3582 1319 3627 alia
1345 3582 1475 3643 quasi
1490 3581 1679 3629 effectus
1704 3596 1813 3628 suos
1836 3582 2091 3643 cognoscit,
