2332 3854
747 254 903 293 Lusa
940 253 1014 292 lv.
1051 252 1176 293 CAP.
1218 252 1372 292 xxm.
1935 254 2036 309 593

0 399 3 401 ,
82 358 321 413 educasse,
341 357 584 403 hominem
608 356 780 403 faceret
812 372 866 404 ex
891 357 1044 417 aliqua
1075 356 1146 402 sui
1172 356 1381 416 corporis
1406 364 1533 415 parte
1558 354 1632 400 vel
1665 354 1803 399 etiam
1826 355 2045 401 exteriori

80 425 243 480 uodo,
266 427 386 471 siout
400 423 525 470 facit.
537 422 790 477 artificiata,
814 424 1063 483 productus
1078 424 1224 467 homo
1243 421 1535 482 producentis
1551 420 1670 466 filius
1686 435 1782 467 non
1803 420 2045 478 diceretur,

77 492 190 571 quia
213 505 308 537 non
333 490 600 552 procederet
616 490 670 535 ab
689 503 745 534 eo
764 500 813 535 ut
826 500 974 534 natus.
997 491 1236 535 Processio
1261 499 1413 535 autem
1432 489 1623 548 Spiritus
1641 487 1799 533 Sancti
1817 490 2045 534 rationem

0 571 10 610 g
77 556 329 605 nativitatis
357 570 452 602 non
478 557 629 614 habet,
655 566 705 601 ut
728 570 864 616 supra
890 567 1124 601 ostensum
1152 566 1232 601 est.
1266 556 1400 601 Unde
1428 555 1621 614 Spiritus
1649 555 1858 608 Sanctus,
1880 554 1987 600 licet
2015 569 2045 601 a

0 645 15 682 {-
79 624 220 671 <Patre
245 636 290 669 et
315 624 430 669 Filio
456 625 656 668 divinam
681 633 891 667 naturam
918 624 1096 677 habeat,
1123 638 1216 667 non
1242 634 1396 668 tamen
1424 637 1585 667 eorum
1612 621 1730 666 filius
1762 622 1852 666 dici
1877 631 2043 681 potest.

0 687 3 692 ’
177 692 318 746 Quod
345 701 496 736 autem
523 691 569 734 in
595 690 695 735 sola
716 700 875 734 natura
903 691 1053 733 divina
1080 691 1280 749 pluribus
1303 690 1453 734 modis
1479 700 1638 733 natura
1661 690 2044 744 communicatur,

0 799 2 805 ,
71 757 356 804 ‘rationabile
378 768 463 811 est,
491 758 595 816 quia
626 757 672 800 in
700 756 801 800 solo
826 756 930 800 Deo
957 758 1052 814 ejus
1086 756 1291 815 operatio
1319 766 1387 800 est
1419 771 1552 800 suum
1580 756 1869 810 esse..Unde,
1901 771 2044 815 quum

0 830 4 872 ῗ
79 826 131 871 fin
154 836 229 879 003
251 825 367 869 sicut
391 833 435 868 et
460 824 506 867 in
533 822 732 883 qualibet
756 822 1050 867 intellectuali
1076 833 1251 876 natura,
1277 823 1334 867 sit
1359 823 1612 881 intelligere
1636 833 1680 866 et
1700 822 1832 876 velle,
1850 823 1894 866 id
1917 823 2041 882 quod

81 891 292 951 procedit
315 891 362 935 in
389 905 446 935 eo
472 905 552 949 per
576 890 768 934 modum
800 888 1071 942 intellectus,
1099 900 1148 934 ut
1172 891 1377 943 verbum,
1406 900 1480 934 aut
1514 890 1683 934 amoris
1709 900 1753 934 et
1777 889 2043 944 voluntatis,

77 966 134 1003 ut
157 966 302 1012 amor,
328 967 509 1017 oportet
539 957 661 1016 quod
692 956 859 1000 habeat
891 970 988 999 esse
1021 956 1242 1011 divinum,
1269 966 1312 1002 et
1338 957 1395 1001 sit
1419 958 1571 1011 Deus;
1604 966 1648 1001 et
1679 956 1744 1001 sic
1777 966 1872 1001 tam
1904 957 2044 1002 Filius

45 1023 51 1031 ’
78 1035 220 1084 quam
247 1024 436 1083 Spiritus
463 1019 657 1067 Sanctu's
683 1031 750 1067 est
773 1036 907 1066 verus
924 1023 1063 1067 Deus.

0 1094 2 1096 ’
172 1088 298 1135 Haec
323 1090 461 1149 igitur
485 1091 541 1134 de
568 1090 761 1149 Spiritus
788 1089 944 1134 Sancti
970 1089 1202 1133 divinitate
1229 1090 1349 1134 dicta
1375 1090 1487 1143 sint;
1521 1089 1609 1133 alia
1640 1103 1752 1134 vero
1782 1103 1902 1149 quae
1925 1089 2045 1135 circa

75 1156 182 1216 *ius
204 1158 548 1217 processionem
582 1156 895 1200 difficultatem
917 1156 1101 1211 habent,
1134 1170 1189 1200 ex
1220 1156 1291 1200 his
1324 1170 1439 1215 quae
1466 1157 1521 1201 de
1548 1157 1780 1201 nativitate
1804 1156 1908 1202 Filii
1924 1157 2046 1202 dicta
2094 1196 2099 1198 .

77 1231 204 1279 tunt,
229 1224 519 1270 considerare
546 1233 739 1284 oportet.

127 1375 132 1389 ‘
160 1444 171 1456 r
819 1399 1074 1456 CAPUT
1106 1400 1316 1455 XXIV.

0 1526 8 1590 ’ἱ
414 1535 576 1581 QUOD
603 1534 846 1579 SPIRITUS
874 1534 1119 1574 SANCTUS
1147 1533 1438 1574 PROCEDAT
1471 1534 1506 1571 A
1538 1535 1705 1574 FILIO.

305 1638 364 1696 (Ι.
385 1644 502 1699 part.
528 1644 682 1696 quaest.
702 1618 904 1682 XXXVI.
931 1643 1013 1681 art.
1040 1652 1080 1682 2.
1107 1643 1145 1682 et
1169 1638 1237 1681 De
1255 1643 1342 1695 ppt.
1367 1643 1519 1696 quaest.
1543 1638 1595 1681 X.
1622 1643 1703 1681 art.
1725 1638 1805 1696 4.).

15 1799 17 1802 ,
173 1751 379 1804 Quidam
409 1763 521 1794 vero
553 1749 675 1793 circa
702 1748 893 1807 Spiritus
926 1747 1084 1792 Sancti
1114 1749 1458 1806 processionem
1483 1761 1633 1793 errare
1657 1750 1962 1807 inveniuntur,
1987 1748 2048 1793 di-

6 1830 12 1860 .·
82 1827 245 1865 centes
276 1816 495 1876 Spiritum
528 1815 748 1860 Sanctum
782 1830 808 1860 a
839 1814 956 1859 Filio
988 1829 1081 1859 non
1107 1815 1383 1874 procedere3
1417 1825 1463 1860 et
1484 1814 1588 1860 ideo
1616 1815 1953 1861 ostendendum
1977 1826 2046 1861 est

10 1912 29 1944 ³&
76 1885 303 1944 Spiritum
328 1883 550 1932 Sanctum
575 1897 602 1926 a
618 1882 734 1926 Filio
756 1881 1019 1940 procedere.

1 1945 26 2009 ᾖ,
93 1972 109 1978 *-
171 1949 464 1995 Manifestum
491 1959 561 1994 est
585 1949 709 1993 enim
732 1962 786 1993 ex
803 1963 932 1992 sacra
951 1948 1183 2007 Scriptura
1200 1948 1323 2006 quod
1348 1948 1540 2007 Spiritus
1559 1949 1755 1993 Sanctus
1778 1959 1847 1994 est
1864 1950 2046 2008 spiritus

77 2016 208 2072 imin
233 2018 396 2062 dicitur
421 2017 542 2061 enim
569 2016 727 2073 (Rom.
754 2016 879 2059 VIII.
905 2016 993 2074 9.):
1019 2017 1066 2060 Si
1092 2017 1183 2074 quis
1207 2016 1414 2074 Spiritum
1443 2015 1602 2060 Christi
1617 2031 1700 2060 non
1717 2017 1854 2071 habet,
1873 2017 1940 2061 hic
1955 2033 2047 2061 non

79 2091 138 2131 est
151 2087 250 2143 ejus.
267 2084 374 2138 Sed,
393 2097 452 2128 ne
475 2083 636 2141 aliquis
653 2093 807 2141 posset
822 2083 973 2126 dicere
991 2082 1113 2141 quod
1138 2082 1251 2125 alius
1269 2083 1325 2126 sit
1335 2084 1515 2140 spiritus
1531 2083 1607 2141 qui
1630 2083 1836 2141 procedit
1853 2098 1878 2127 a
1897 2085 2047 2138 Patre,

82 2161 129 2197 et
153 2151 268 2195 alius
292 2150 371 2209 qui
393 2160 464 2194 est
487 2148 602 2202 Filii,
630 2149 882 2193 ostenditur
906 2163 961 2192 ex
986 2148 1134 2192 verbis
1161 2148 1366 2205 ejusdem
1392 2148 1607 2207 Apostoli
1639 2149 1762 2207 quod
1795 2149 1917 2193 idem
1946 2151 2044 2209 Spi-

79 2217 192 2262 ritus
217 2216 411 2261 Sanctus
437 2215 496 2259 sit
520 2215 665 2259 Patris
689 2225 733 2258 et
757 2215 883 2268 Filii;
909 2229 1018 2258 nam
1044 2215 1133 2258 hoc
1158 2214 1279 2273 quod
1296 2214 1532 2259 inductum
1556 2225 1642 2259 est:
1666 2216 1712 2260 82·
1729 2218 1819 2274 quis
1838 2217 2047 2275 Spiritum

86 2284 247 2330 Christi
272 2299 355 2328 non
377 2283 506 2335 habet,
539 2282 604 2326 bic
629 2297 712 2326 non
739 2288 795 2326 est
816 2285 916 2340 ejus,
940 2282 1168 2339 subjunxit
1193 2291 1434 2339 postquam
1463 2281 1654 2326 dixerat:
1678 2283 1724 2327 Si
1751 2283 1934 2341 Spiritus
1957 2285 2044 2328 Dei

4 2386 6 2392 ,
39 2398 41 2402 ,
79 2351 243 2396 habitat
258 2351 303 2394 in
317 2351 451 2403 vobis,
470 2348 680 2393 etc.,Non
694 2358 845 2392 autem
865 2357 1015 2406 potest
1030 2348 1118 2393 dici
1140 2347 1332 2405 Spiritus
1352 2347 1546 2392 Sanctus
1567 2362 1664 2392 esse
1677 2349 1857 2406 spiritus
1870 2349 2047 2394 Christi

30 2416 34 2425 ”
73 2429 138 2464 α
158 2414 253 2462 hoc
274 2415 376 2461 solo
401 2415 525 2475 quod
551 2429 658 2459 eum
675 2415 833 2459 habuit
856 2424 1093 2473 tamquam
1118 2414 1279 2467 homo,
1297 2414 1550 2458 secundum
1571 2415 1683 2459 illud
1707 2415 1840 2472 (Luc.
1858 2416 1936 2460 IV.
1960 2417 2044 2475 3.):

11 2487 27 2526 ἰ
73 2485 189 2543 Jms
203 2484 351 2544 plenus
369 2483 535 2542 Spiritu
557 2482 712 2527 Sancto
737 2496 938 2539 regressus
962 2487 1017 2525 est
1032 2495 1058 2524 a
1077 2480 1289 2537 Jordane;
1314 2481 1477 2524 dicitur
1499 2481 1820 2538 enim,(Galat.
1847 2483 1925 2527 IV.
1953 2481 2045 2540 6.):

74 2548 300 2609 >Quoniam
319 2552 413 2594 estis
434 2550 528 2606 filii,
545 2550 663 2593 misit
679 2549 794 2593 Deus
813 2550 1011 2607 spiritum
1024 2548 1129 2592 Filii
1147 2549 1214 2591 sui
1229 2549 1274 2590 in
1297 2546 1424 2591 corda
1438 2553 1578 2591 vestra
1600 2548 1880 2593 clamantem:
1904 2550 2046 2604 Abba,

78 2618 221 2664 Pater.
246 2616 314 2661 Ex
337 2616 431 2660 hoc
459 2629 568 2672 ergo
596 2614 790 2673 Spiritus
816 2614 1012 2658 Sanctus
1038 2627 1122 2657 nos
1156 2612 1266 2657 facit
1296 2613 1414 2657 filios
1442 2615 1530 2658 Dei
1542 2611 1596 2656 'in
1624 2625 1844 2672 quantum
1868 2625 1936 2659 est
1958 2616 2043 2674 spi-

0 2730 1 2733 ,
77 2681 194 2728 ’titus
231 2681 333 2727 Filii
374 2681 476 2727 Dei.
519 2680 755 2725 Efficimur
797 2691 951 2724 autem
983 2679 1062 2723 filii
1095 2680 1183 2724 Dei
1216 2680 1417 2737 adoptivi
1458 2693 1539 2738 per
1572 2679 1967 2730 assimilationem,
1989 2682 2046 2725 ad

0 2741 4 2791 *r
71 2749 250 2796 ffiuium
282 2748 371 2793 Dei
394 2747 667 2800 naturalem,
699 2746 952 2791 secundum
984 2746 1095 2790 illud
1129 2746 1287 2802 (Rom.
1319 2745 1442 2790 VIII.
1477 2748 1594 2806 29.):
1625 2747 1741 2803 Quos
1759 2749 1991 2805 praescivit
2010 2754 2049 2793 et

0 2824 2 2878 ᾗ
77 2816 409 2878 praedestinavit
419 2816 522 2874 fieri
547 2814 780 2872 conformes
804 2814 1001 2870 imaginis
1022 2813 1126 2856 Filii
1150 2815 1252 2868 ejus,
1277 2818 1323 2855 ut
1346 2814 1400 2856 sit
1420 2814 1505 2871 ipse
1522 2815 1825 2871 primogenitus
1847 2816 1891 2858 in
1907 2815 2048 2860 multis

0 2916 4 2943 Ξ
41 2893 62 2900 ’
80 2884 300 2941 fratribus.
324 2881 399 2926 Sic
426 2881 562 2938 igitur
585 2890 651 2924 est
678 2879 870 2938 Spiritus
898 2879 1093 2922 Sanctus
1115 2878 1296 2936 spiritus
1316 2878 1503 2932 Christi,
1521 2879 1566 2922 in
1584 2889 1806 2937 quantum
1825 2890 1893 2927 est
1907 2880 2047 2925 Filius

46 2947 50 2953 ⁸
57 2947 174 2994 ‘Dei
196 2947 425 2993 naturalis.
452 2947 559 2991 Non
586 2957 736 3004 potest
762 2956 915 2989 autem
941 2944 1195 2989 secundum
1225 2945 1361 2988 aliam
1379 2945 1693 2989 habitudinem
1719 2946 1911 3005 Spiritus
1935 2947 2046 2991 San-

0 3026 6 3055 '2'
49 3024 183 3070 ,etus
213 3015 302 3059 dici
327 3014 506 3073 spiritus
527 3013 630 3056 Filii
656 3013 743 3056 Dei
763 3013 848 3055 nisi
881 3011 1132 3055 secundum
1166 3011 1367 3070 aliquam
1394 3012 1637 3069 originem,
1670 3013 1775 3071 quia
1807 3013 1923 3057 haec
1947 3014 2047 3058 sola

59 3079 348 3132 ξῆίεὶίηετὶο·
338 3094 385 3124 m
406 3079 568 3124 divinis
594 3079 834 3123 invenitur
861 3079 1061 3122 Necesse
1085 3088 1152 3122 est
1169 3079 1305 3136 igitur
1327 3048 1493 3123 dicereD
1501 3079 1624 3137 quod
1646 3079 1838 3137 Spiritus
1852 3079 2046 3125 Sanctus

34 3145 150 3198 ,uic
175 3149 232 3192 sit
256 3146 357 3191 Filii
379 3147 500 3206 quod
527 3146 580 3189 ab
606 3160 661 3190 eo
683 3145 914 3204 procedat.

51 3215 89 3273 γ’
173 3214 313 3258 Item:
337 3212 528 3271 Spiritus
552 3213 745 3256 Sanctus
770 3225 795 3254 a
817 3211 932 3255 Filio
956 3213 1160 3265 mittitur,
1181 3211 1433 3256 secundum
1456 3210 1567 3255 illud
1590 3212 1775 3272 (Joann.
1798 3211 1898 3256 XV.
1923 3211 2044 3269 26.):

3 3319 6 3336 ξ
51 3280 229 3339 „Quum
253 3281 415 3324 venerit
441 3278 696 3336 Paraclytus,
720 3292 838 3336 quem
859 3292 928 3335 ogo
954 3280 1121 3322 mittam
1145 3279 1262 3322 vobis
1294 3293 1320 3321 α
1342 3278 1480 3322 Patre.
1504 3279 1688 3322 Mittens
1712 3288 1864 3322 autem
1888 3289 2039 3323 aucto-

52 3339 264 3394 s,etitatem
291 3345 487 3404 aliquam
516 3345 653 3388 habet
676 3345 722 3387 in
748 3345 952 3388 missum.
983 3345 1179 3403 Oportet
1205 3345 1342 3403 igitur
1373 3345 1522 3389 dicere
1550 3345 1672 3403 quod
1706 3345 1858 3388 Filius
1878 3345 2044 3390 habeat

49 3412 285 3472 'ffliquam
308 3411 624 3455 auctoritatem
648 3420 855 3468 respectu
879 3410 1072 3469 Spiritus
1096 3411 1278 3464 Sancti;
1305 3425 1398 3454 non
1422 3421 1575 3455 autem
1594 3411 1785 3454 dominii
1807 3411 1881 3455 vel
1905 3412 2045 3469 majo-

55 3473 89 3514 ss
110 3479 241 3532 tatis,
267 3476 345 3522 sed
372 3476 624 3521 secundum
650 3475 799 3520 solam
826 3477 1065 3535 originem.
1091 3477 1166 3521 Sic
1194 3477 1331 3535 igitur
1347 3478 1537 3536 Spiritus
1561 3477 1755 3521 Sanctus
1778 3486 1845 3521 est
1865 3491 1890 3520 a
1912 3477 2044 3522 Filio.

58 3546 82 3573 ³
100 3545 136 3589 i
160 3545 260 3604 quis
286 3553 438 3587 autem
465 3543 586 3587 dicat
608 3542 731 3601 quod
759 3542 897 3587 etiam
923 3542 1062 3588 Filius
1086 3543 1275 3587 mittitur
1299 3558 1323 3587 a
1352 3543 1520 3602 Spiritu
1545 3543 1732 3596 Sancto,
1755 3543 1860 3602 quia
1882 3543 2046 3588 dicitur

66 3612 83 3667 J
134 3621 220 3656 uc.
246 3608 324 3654 IV.
355 3609 444 3667 18.)
469 3609 592 3668 quod
617 3608 848 3654 Dominus
872 3609 984 3654 dixit
1007 3609 1053 3653 in
1080 3623 1128 3654 se
1154 3609 1395 3669 impletum
1420 3609 1531 3654 illud
1559 3609 1727 3654 Isaiae:
1755 3610 1939 3669 Spiritus
1959 3611 2046 3655 Do-

223 3710 261 3745 S.
291 3709 446 3745 Tuom!
474 3700 604 3744 Summa
629 3716 737 3744 contra
765 3709 920 3745 Gentiles.
1327 3701 1337 3714 '
1916 3712 1955 3753 38
