2332 3854
744 228 899 267 mnan
936 228 1015 267 111.
1056 227 1175 267 cap,
1217 227 1327 266 mx.
1907 216 2011 283 369

151 331 199 376 Si
226 339 378 375 autern
410 330 659 389 praemissa
692 328 933 388 diligenter
965 329 1320 382 considerentur,
1353 336 1476 387 patet
1500 326 1622 386 quod
1649 326 1850 386 quodam
1876 327 2018 371 modo

9 432 14 437 .
61 396 262 443 videntes
288 397 488 441 divinam
510 396 805 441 substantiam
830 397 986 446 omnia
1003 395 1170 450 vident,
1187 395 1388 457 quodam
1404 408 1513 439 vero
1532 393 1687 447 mod0,
1704 406 1813 437 non.
1828 392 1878 437 Si
1895 394 2017 437 enim

0 462 6 499 :'
43 477 140 523 per
164 463 320 508 omnia
344 462 423 507 illa
448 461 756 521 intelligantur
789 476 905 522 quae
935 462 991 506 ad
1024 462 1222 507 universi
1252 459 1580 522 perfectionem
1606 459 1846 518 pertinent,
1878 460 2020 503 mani·

59 529 225 575 festum
257 540 325 574 est
365 543 419 574 ex
455 529 599 584 dictis,
639 528 761 590 quod
795 528 998 573 videntes
1026 529 1227 572 divinam
1253 527 1550 583 substantiam
1585 526 1742 570 omnia
1773 525 1941 579 vident,
1969 535 2018 570 ut

60 597 258 643 rationes
288 597 430 641 modo
462 596 674 640 inductae
707 595 962 640 ostendunt.
999 595 1118 640 Cum
1147 594 1267 639 enim
1294 593 1550 638 intellectus
1576 593 1633 636 sit
1670 592 2015 652 quodammodo

59 664 215 708 omnia
242 677 557 722 quaecumque
591 662 646 706 ad
679 661 1007 721 perfectionem
1038 672 1226 706 naturae
1258 661 1496 720 pertinent,
1530 659 1685 703 omnia
1712 659 1848 703 etiam
1882 659 2017 718 perti-

57 739 167 775 nent
191 729 247 773 ad
271 728 599 788 perfectionem
617 743 714 774 esse
733 728 1041 786 intelligibilis,
1061 738 1243 787 propter
1268 728 1406 786 quod,
1433 727 1683 770 secundum
1706 726 2016 783 Augustinum

64 796 288 856 (secundo
311 796 472 854 Super.
500 794 614 840 Gen.
643 795 699 838 ad
715 795 798 839 litt.
818 809 855 838 c.
873 795 951 850 8.),
978 808 1294 852 quaecumque
1319 793 1438 837 facta
1463 803 1569 837 sunt
1594 807 1673 850 per
1690 792 1779 836 Dei
1800 791 2018 844 Verbum,

59 862 181 907 ut‘in
204 862 348 921 prima
373 871 533 906 natura
556 862 863 913 subsisterent,
888 860 1055 904 fiebant
1077 861 1215 904 etiam
1237 860 1283 903 in
1310 859 1609 917 intelligentia
1636 858 1858 916 angelica,
1885 869 1942 902 ut-
1960 859 2014 903 ab

59 928 232 988 angelis
256 928 626 987 intelligerentur.
646 929 716 972 De
735 926 1012 986 perfectione
1040 938 1192 970 autem
1219 926 1434 970 naturalis
1464 940 1562 970 esse
1589 935 1694 969 sunt
1714 936 1902 969 naturae
1924 938 2021 984 spe-

59 996 248 1051 cierum,
274 1005 319 1040 et
350 1008 508 1039 earum
543 995 853 1053 proprietates,
886 1004 929 1037 et
959 996 1172 1037 virtutes:
1207 994 1263 1036 ad
1295 1002 1478 1036 naturas
1512 992 1635 1036 enirn
1667 992 1921 1050 specierum
1954 991 2017 1037 in-
2053 1037 2056 1039 ,

57 1062 200 1108 'tentio
232 1063 419 1106 naturae
450 1061 612 1115 fertur;
644 1061 876 1104 individua
906 1060 1029 1103 enim
1061 1070 1166 1103 sunt
1197 1069 1381 1118 propter
1405 1058 1620 1116 speciem.
1655 1058 1858 1102 Pertinet
1882 1058 2017 1116 igitur

58 1129 118 1174 ad
141 1128 466 1189 perfectionoei
493 1127 813 1172 intellectualis
844 1127 1134 1179 substantiae,
1161 1136 1209 1170 ut
1236 1126 1447 1170 omniurn
1477 1125 1732 1182 specierum
1763 1135 1948 1169 naturas
1975 1135 2020 1169 et

57 1195 259 1250 virtutes,
285 1205 330 1240 et
350 1195 533 1255 propria
561 1195 814 1239 accidentia
832 1203 1094 1251 cognoscat.
1115 1193 1215 1237 Hoc
1234 1193 1371 1251 igitur
1396 1193 1441 1235 in
1468 1191 1593 1236 finali
1618 1191 1896 1237 beatitudine
1914 1205 2019 1237 con-

58 1262 260 1322 sequitur
283 1276 364 1322 per
388 1262 568 1306 divinae
587 1262 808 1306 essentiae
834 1261 1074 1304 visionem.
1101 1260 1188 1303 Per
1215 1259 1528 1318 cognitionem
1555 1269 1708 1303 autern
1739 1257 2014 1304 naturalium

56 1329 326 1388 specierum,
352 1339 397 1373 et
419 1328 652 1373 individua
673 1328 753 1372 snb
781 1328 1016 1387 speciebus
1035 1326 1299 1384 hujusmodi
1316 1325 1574 1370 exsistentia
1598 1335 1938 1384 cognoscuntur
1961 1325 2016 1370 ab

56 1394 467 1456 intellectu-Deum
493 1395 689 1450 vidente,
716 1405 765 1439 ut
796 1409 851 1439 ex
876 1394 947 1438 his
979 1408 1093 1452 quae
1122 1393 1243 1436 dicta
1267 1403 1372 1437 sunt
1397 1406 1532 1451 supra
1557 1394 1618 1450 (c.
1662 1405 1727 1450 55.
1756 1402 1800 1437 et
1833 1390 1926 1448 56.)
1960 1391 2016 1438 de

59 1461 323 1522 cognitione
348 1461 438 1506 Dei
459 1471 504 1506 et
530 1461 804 1520 angelorum
826 1470 975 1520 potest
1000 1473 1098 1504 esse
1125 1459 1429 1515 manifestum.
1454 1459 1504 1503 Si
1535 1473 1643 1504 vero
1670 1474 1751 1518 per
1777 1459 1934 1505 omnia
1955 1458 2017 1501 in-

56 1527 317 1587 telligantur
341 1528 498 1572 omnia
523 1542 640 1587 quae
665 1528 792 1572 Deus
808 1541 939 1571 suam
966 1526 1211 1571 essentiam
1228 1526 1426 1570 videndo
1453 1526 1707 1584 cognoscit,
1723 1524 1875 1570 nullus
1892 1523 2021 1570 intel-

57 1594 204 1640 lectus
227 1604 405 1639 cremus
430 1595 587 1638 omnia
613 1595 659 1637 in
684 1595 773 1638 Dei
798 1594 1047 1638 substantia
1071 1592 1208 1645 videt,
1235 1602 1284 1636 ut
1308 1606 1443 1650 snpra
1469 1602 1706 1636 ostensum
1733 1601 1813 1636 est.

146 1661 249 1706 Hoc
275 1672 428 1706 autom
455 1661 734 1706 considerari
750 1670 898 1719 potest
914 1669 1134 1719 quantum
1157 1659 1214 1702 ad
1240 1658 1382 1716 plura.
1409 1658 1565 1703 Primo
1589 1659 1775 1717 quidem
1797 1667 2019 1717 quantum

57 1728 113 1771 ad
131 1741 186 1772 ea
201 1742 316 1787 quae
333 1728 458 1772 Deus
472 1727 621 1771 facere
637 1737 802 1786 potest,
827 1727 906 1770 sed
928 1741 1013 1770 nec
1040 1725 1162 1779 facit,
1187 1739 1272 1769 nec
1299 1724 1497 1769 facturus
1516 1735 1583 1769 est
1604 1739 1821 1784 unquam.
1842 1724 2016 1770 Omnia

57 1795 182 1839 enim
213 1795 478 1853 huiusmodi
513 1795 736 1853 cognosci
770 1809 864 1838 non
901 1803 1093 1853 possunt
1122 1793 1211 1836 nisi
1241 1794 1338 1850 ejus
1368 1792 1508 1836 virtus
1543 1792 2019 1850 comprehenderetur,

58 1862 180 1922 quod
205 1875 300 1906 non
332 1872 400 1905 est
433 1862 646 1920 possibile
678 1861 816 1905 alicui
845 1860 1098 1904 intellectui
1129 1869 1299 1912 creato,
1331 1868 1380 1905 ut
1411 1873 1544 1917 supr-a
1571 1860 1632 1917 (c.
1664 1860 1747 1916 55.)
1783 1869 2018 1904 ostensum

59 1938 137 1973 est.
179 1927 299 1972 Hinc
332 1939 400 1972 oet
430 1929 552 1987 quod
579 1928 682 1987 (Job
725 1927 802 1972 XI.
829 1941 870 1985 7.
902 1927 942 1971 8.
977 1937 1021 1971 et
1050 1926 1115 1986 9.)
1148 1926 1331 1972 dicitur:
1363 1927 1560 1971 Forsitan
1591 1928 1765 1983 vestigia
1791 1927 1875 1971 Dei
1907 1941 2018 1970 com·

51 1995 286 2055 prebenda,
310 2002 353 2040 et
367 2010 490 2053 usque
515 1995 570 2039 ad
588 1996 817 2053 perfectum
838 1995 1169 2053 Omnipotentem
1191 1994 1393 2052 reperies:
1420 1994 1617 2037 excelsior
1639 1993 1746 2037 coelo
1773 1999 1843 2046 est,
1867 1999 1905 2038 et
1921 1991 2020 2051 quid

48 2062 219 2121 facies?
235 2062 490 2120 profundior
516 2062 696 2120 inferno,
724 2064 760 2105 et
786 2061 894 2105 unde
920 2062 1158 2118 cognosces?
1184 2060 1348 2118 longior
1373 2065 1484 2104 terra
1506 2074 1699 2104 mensura
1725 2062 1810 2117 ejus
1830 2066 1869 2104 et
1895 2059 2022 2103 latior

58 2130 183 2173 mari.
209 2128 317 2173 Non
343 2130 464 2173 enim
490 2129 605 2173 haec
633 2129 843 2172 dicuntur
868 2129 998 2187 quasi
1023 2127 1382 2171 dimensionibus
1404 2127 1666 2186 quantitatis
1693 2127 1819 2171 Deus
1845 2127 1903 2171 sit
1926 2139 2019 2171 ma-

59 2209 190 2254 gnus,
216 2196 294 2242 sod
320 2196 424 2255 quia
450 2196 547 2254 ejus
571 2196 712 2240 virtus
729 2209 824 2240 non
842 2195 1062 2239 limitatur
1087 2194 1143 2238 ad
1169 2195 1325 2238 omnia
1343 2208 1459 2255 quae
1476 2208 1644 2252 magna
1672 2208 1774 2239 esse
1796 2193 2018 2246 videntur,

58 2262 167 2321 quin
193 2262 336 2321 possit
360 2262 498 2308 etiam
524 2265 700 2321 maiora
725 2262 889 2307 facere.

149 2329 377 2383 Secundo,
397 2340 618 2389 quantum
645 2330 702 2374 ad
727 2330 955 2374 rationem
971 2343 1122 2373 rerum
1145 2328 1383 2382 factarum,
1407 2342 1518 2387 quas
1545 2341 1707 2372 omnes
1740 2341 2023 2387 cognoscere

58 2410 153 2441 non
178 2405 328 2455 potest
357 2395 626 2451 intellectus,
658 2397 766 2456 quin
799 2396 1000 2440 divinam
1031 2396 1288 2439 bonitatem
1322 2394 1696 2453 comprehendat.
1729 2394 1864 2438 Ratio
1897 2394 2020 2438 enim

60 2462 301 2522 cujuslibet
325 2462 390 2507 rei
414 2460 560 2507 factae
587 2464 778 2507 sumitur
805 2477 859 2507 ex
884 2463 972 2507 fine
1001 2477 1138 2522 quem
1164 2462 1335 2506 faciens
1362 2462 1566 2506 intendit.
1596 2461 1718 2505 Finis
1746 2470 1897 2505 autem
1925 2475 2021 2505 om-

57 2530 186 2574 nium
214 2543 238 2573 a
265 2530 367 2574 Deo
391 2528 618 2574 factorum
643 2530 795 2574 divina
819 2530 999 2574 bonitas
1026 2539 1105 2579 ost.
1133 2529 1268 2574 Ratio
1289 2529 1425 2587 igitur
1451 2543 1602 2572 rerum
1619 2527 1844 2572 factarum
1872 2537 1953 2582 est,
1975 2537 2024 2572 ut

60 2596 211 2641 divina
236 2596 414 2640 bonitas
440 2595 715 2641 diffundatur
739 2597 786 2640 in
812 2597 959 2640 rebus.
989 2596 1064 2640 Sic
1090 2596 1229 2655 igitur
1256 2595 1417 2654 aliquis
1450 2610 1611 2640 omnes
1645 2595 1844 2639 rationes
1870 2608 2022 2639 rerum

61 2673 314 2708 creatarum
341 2673 656 2722 cognosceret,
682 2663 723 2708 si
746 2673 1048 2722 cognosceret
1069 2663 1226 2708 omnia
1251 2663 1372 2708 bona
1399 2677 1516 2721 quae
1542 2663 1589 2706 in
1614 2663 1747 2706 rebus
1775 2661 1937 2706 creatis
1960 2675 2026 2709 se-

60 2730 261 2774 cundum
286 2726 495 2773 ordinem
522 2730 701 2774 divinae
727 2730 976 2788 sapientiae
1009 2730 1249 2786 provenire
1284 2740 1492 2787 possunt;
1527 2729 1648 2788 quod
1676 2739 1794 2772 esset
1820 2728 2022 2771 divinam

59 2797 311 2842 bonitatem
338 2807 382 2841 et
406 2796 678 2855 sapientiam
705 2796 1109 2854 comprehendere,
1137 2795 1259 2854 quod
1284 2794 1434 2839 nullus
1458 2795 1715 2839 intellectus
1744 2805 1920 2839 creatus
1948 2809 2024 2854 po·

61 2873 161 2908 test.
188 2863 307 2907 Hinc
329 2873 397 2908 est
421 2863 544 2922 quod
570 2863 731 2907 dicitur
749 2861 922 2919 (Eccle.
940 2861 1063 2906 VIII.
1086 2861 1197 2920 17.):
1215 2861 1402 2906 Intellexi
1419 2861 1525 2920 quod
1542 2863 1730 2906 omnium
1749 2870 1922 2921 operum
1939 2862 2026 2906 Dei

0 2979 2 2983 ,
60 2945 145 2974 non
169 2931 297 2988 possit
321 2930 442 2974 homo
468 2931 658 2974 invenire
683 2931 901 2973 rationem.

0 3092 7 3136 ἒ

0 3138 7 3173 ε

0 3176 9 3209 z*

146 2995 320 3051 Tertio,
347 3006 569 3055 quantum
595 2996 651 3040 ad
678 3010 730 3041 ea
753 3010 870 3055 quae
892 3009 947 3039 ex
973 2994 1073 3039 sola
1098 2995 1187 3039 Dei
1207 2994 1443 3039 voluntate
1469 2994 1738 3053 dependent,
1765 2994 1881 3038 sicut
1901 3007 2026 3053 prae·-

0 3051 6 3089 '.=
61 3062 316 3118 destinatio,
350 3063 530 3117 electio,
565 3063 840 3121 justificatio,
864 3072 909 3106 et
944 3061 1031 3105 alia
1066 3061 1332 3130 hujusmodi
1365 3075 1481 3120 quae
1518 3063 1574 3105 ad
1612 3060 2023 3106 sanctificationem
2091 3108 2095 3112 ,

61 3129 287 3188 pertinent
317 3140 562 3174 creaturae.
597 3130 715 3174 Hinc
751 3139 817 3174 est
857 3129 980 3187 quod
1012 3128 1175 3172 dicitur
1206 3127 1273 3186 (I.
1299 3127 1509 3172 Corinth.
1543 3128 1600 3171 11.
1640 3127 1750 3183 11.:)
1779 3128 1899 3184 Quae
1930 3132 2027 3171 sunt

61 3196 239 3240 bominis
263 3211 380 3241 neaeno
402 3198 526 3241 novit
546 3198 627 3241 nisi
651 3198 820 3255 spiritus
844 3197 1023 3240 hominis
1044 3197 1115 3253 qui
1139 3195 1185 3239 in
1206 3196 1295 3254 ipso
1321 3200 1390 3248 est,
1411 3197 1472 3239 ita
1493 3202 1531 3239 et
1553 3208 1656 3253 quae
1673 3200 1768 3239 sunt
1783 3194 1884 3248 Dei,
1904 3207 2024 3238 nemo

65 3264 273 3322 cognovit,
300 3264 382 3307 nisi
401 3265 570 3322 spiritus
596 3264 693 3308 Dei.

201 3696 238 3730 S.
262 3695 414 3729 Tuomst.
443 3696 574 3731 Summa
597 3702 706 3730 contra
733 3696 875 3730 Gentiles
1847 3705 1888 3737 24
