2332 3854
260 192 369 260 360
945 208 1100 246 mam<
1139 207 1215 246 111.
1258 207 1378 246 cAP.
1419 204 1509 246 LII.

258 315 326 350 est
355 307 453 366 ipsa
475 308 626 352 divina
653 309 860 361 essentia,
887 323 976 367 qua
1000 308 1089 352 Dei
1110 308 1358 353 substantia
1382 309 1572 362 videtur,
1598 318 1648 353 ut
1671 308 1718 352 in
1743 309 1892 367 primo
1914 307 1976 368 (c.
1997 309 2094 367 453
2113 324 2212 369 pro·

255 373 412 417 batum
439 385 517 418 est.
544 375 804 418 Intellectus
832 384 983 417 autem
1011 384 1187 418 creatus
1203 375 1326 419 videt
1343 375 1541 418 divinam
1561 375 1858 419 substantiam
1876 387 1953 434 per
1969 371 2213 421 essentiam

255 439 345 483 Dei
377 441 505 498 quasi
536 455 614 499 per
647 440 767 484 aliud
801 455 826 483 a
858 454 920 483 se.
955 440 1081 484 Haec
1114 441 1396 499 igiturbvisio
1427 455 1523 486 non
1554 451 1703 500 potest
1729 442 1939 485 advenire
1965 441 2214 487 intellectui

257 516 425 559 creato,
452 507 539 550 nisi
565 522 643 565 per
670 506 899 549 actionem
924 506 1027 549 Dei.
1256 511 1264 522 ¹

344 573 583 615 Praeterea
602 587 611 615 :
640 572 856 630 quidquid
883 572 1059 615 excedit
1084 572 1252 616 limites
1275 571 1462 631 alicujus
1481 583 1684 627 naturae,
1700 586 1793 616 non
1810 583 1960 631 potest
1974 573 2060 617 sibi
2082 573 2216 619 'adtre-

255 639 352 682 nire
374 639 460 681 nisi
482 653 562 696 per
584 639 814 682 actionem
848 639 1055 692 alterius;
1078 641 1194 682 sicut
1214 653 1331 697 aqua
1351 652 1445 683 non
1477 640 1621 684 tendit
1642 653 1821 683 sursum
1852 640 1941 683 nisi
1972 639 2025 683 ab
2059 639 2212 699 aliquo

257 705 347 748 alio
381 716 520 748 mota.
543 704 711 748 Videre
735 713 887 748 autem
909 705 998 748 Dei
1019 705 1316 749 substantiam
1347 706 1626 750 transcendit
1655 705 1823 750 limites
1844 707 1995 750 omnis
2026 715 2213 751 naturae

257 780 459 823 creatae,
491 784 599 812 nam
627 770 865 828 cujuslibet
888 781 1076 814 naturae
1102 770 1420 815 intellectualis
1447 781 1624 817 creatae
1650 772 1882 830 proprium
1909 780 1990 825 est,
2013 781 2065 816 ut
2086 771 2214 816 intel-
2265 779 2270 784 ”

255 836 366 894 ligat
387 837 638 879 secundum
662 837 852 880 modum
875 850 984 880 suae
1006 837 1296 882 substantiae.
1321 837 1581 881 Substantia
1604 848 1756 881 autem
1776 838 1931 882 divina
1949 848 2044 882 non
2063 847 2214 902 petest

255 903 320 946 sic
346 902 553 960 intelligi,
579 913 629 946 ut
653 917 788 961 supra
815 903 875 959 (c.
902 904 997 962 49.)
1023 913 1258 947 ostensum
1285 913 1366 947 est.
1394 903 1681 961 Impossibile
1703 914 1771 948 est
1791 917 1902 962 ergo
1916 901 2140 965 perveniri
2155 905 2211 948 ab

256 969 406 1027 aliquo
433 968 664 1012 intellectu
693 979 846 1012 creato
881 970 936 1012 ad
966 969 1193 1014 visionem
1224 969 1403 1014 divinae
1435 970 1724 1024 substantiae,
1756 970 1844 1015 nisi
1872 982 1953 1028 per
1978 966 2211 1015 actionem

254 1035 356 1088 Dei,
385 1037 461 1093 qui
486 1049 672 1078 omnem
702 1045 955 1084 creaturam
981 1035 1273 1079 transcendit.

344 1102 462 1144 Hinc
489 1111 557 1145 est
582 1101 704 1160 quod
731 1101 888 1159 (Rom.
917 1101 994 1144 VI.
1029 1101 1121 1160 23.)
1158 1102 1343 1145 dicitur:
1385 1101 1542 1147 Gratia
1578 1103 1664 1147 Dei
1693 1104 1785 1147 vita
1820 1109 2001 1148 aeterna.
2032 1103 2085 1147 In
2107 1103 2213 1163 *ipsa

255 1168 376 1212 enim
405 1168 555 1211 divina
580 1168 756 1212 visione
779 1167 1060 1212 ostendimus
1088 1182 1186 1212 esse
1211 1168 1413 1212 hominis
1438 1168 1779 1223 beatitudinem,
1805 1181 1922 1227 quae
1940 1170 2033 1214 vita
2047 1172 2211 1215 aalma

255 1235 430 1288 dicitur,
458 1235 513 1277 ad
539 1249 677 1294 quam
704 1234 803 1278 sola
828 1235 913 1279 Dei
949 1234 1092 1293 gratia
1130 1235 1351 1288 ducimur,
1389 1244 1433 1278 et
1463 1235 1657 1278 dicimur
1691 1235 1940 1293 pervenire,
1972 1237 2080 1294 quia
2105 1235 2213 1280 valis

255 1300 370 1344 'visio
399 1314 586 1344 omnem
613 1310 846 1344 creaturae
871 1300 1135 1344 facultatem
1162 1300 1351 1355 excedit,
1376 1315 1460 1344 nec
1495 1310 1562 1344 est
1593 1300 1809 1359 possibile
1837 1301 1902 1359 ad
1926 1312 2031 1346 eam
2056 1312 2216 1360 ‘perve-

253 1368 350 1411 nire
375 1367 464 1411 nisi
489 1367 643 1410 divino
671 1381 873 1411 munere.
903 1367 1038 1420 Quae
1075 1377 1228 1411 autem
1264 1367 1328 1411 sic
1368 1367 1612 1412 adveniunt
1643 1377 1890 1422 creaturae,
1921 1365 2010 1413 Dei
2042 1368 2212 1427 gratiae

255 1434 542 1493 deputantur.
568 1434 626 1478 Et
650 1433 808 1492 (Joan.
837 1432 959 1477 XIV.
987 1433 1082 1490 21.)
1103 1433 1334 1477 Dominus
1361 1433 1492 1478 dicit:
1519 1434 1608 1492 Ego
1629 1434 1958 1493 manufestaboei
1975 1446 2041 1478 me
2064 1431 2212 1493 ipsium

1009 1593 1263 1651 CAPUT
1305 1595 1452 1650 LIII.

802 1730 960 1775 QUOD
996 1714 1376 1769 INTELLECTUS
1411 1730 1658 1768 CREATUS

366 1802 675 1843 INDIGET
714 1803 986 1848 ALIQUA
1024 1804 1481 1843 INFLUENTIA
1520 1803 1765 1842 DIVINI
1809 1803 2101 1845 LUMINts

544 1877 618 1914 AD
660 1877 777 1915 HOC
818 1878 977 1922 QUOD
1017 1878 1174 1916 DEIJM
1214 1879 1314 1916 PER
1352 1878 1658 1916 ESSENTIAM
1695 1876 1921 1918 VIDEAT.

880 1979 938 2036 (Ι.
961 1985 1076 2037 part.
1104 1985 1255 2038 quaest.
1281 1979 1379 2024 XII.
1399 1984 1484 2023 art.
1505 1978 1580 2038 5.).

345 2089 544 2147 Oportet
577 2098 730 2132 autem
762 2089 885 2147 quod
918 2089 973 2133 ad
1009 2099 1105 2133 tam
1137 2089 1342 2134 nobilem
1378 2090 1606 2133 visionem
1641 2089 1896 2135 intellectus
1925 2099 2105 2136 eneam
2135 2104 2215 2148 per

255 2155 454 2214 aliquam
481 2156 659 2200 divinae
686 2156 901 2200 bonitatis
927 2156 1210 2200 influentiam
1233 2157 1450 2201 elevetur.
1476 2155 1764 2214 Impossibile
1790 2166 1859 2201 est
1883 2158 2008 2202 enim
2028 2149 2214 2216 quodid

253 2222 376 2280 quod
403 2232 470 2266 est
493 2222 642 2266 forma
667 2222 857 2280 alicujus
883 2223 949 2266 rei
974 2225 1170 2282 propria,
1203 2223 1281 2266 fiat
1307 2222 1490 2266 alterius
1514 2223 1578 2266 rei
1602 2222 1766 2277 forma,
1789 2223 1877 2267 nisi
1898 2236 1979 2268 ,τω
2009 2223 2216 2282 illa·par.-
2291 2227 2302 2264 ζ

252 2289 409 2346 ticipet
435 2289 633 2347 aliquam
660 2288 1003 2356 similjtudinem
1035 2289 1171 2343 illius,
1199 2290 1326 2346 cujus
1353 2299 1420 2333 est
1444 2289 1626 2347 propria
1656 2288 1837 2344 forma;
1867 2289 1986 2334 sicut
2013 2289 2214 2335 lut-non
2268 2321 2270 2323 »
2304 2285 2332 2331 Ξ

254 2354 303 2398 fit
329 2365 454 2398 actus
481 2354 670 2413 alicujus
697 2357 915 2413 corporis,
942 2355 1029 2398 nisi
1056 2355 1224 2413 aliquid
1247 2356 1485 2414 participet
1507 2356 1562 2399 de
1581 2355 2046 2413 diaphan0.Essenti'a
2060 2365 2215 2401 autem

255 2421 406 2464 divina
433 2431 499 2465 est
524 2422 706 2480 propria
730 2421 881 2464 forma
912 2421 1207 2480 intelligibilis
1233 2421 1490 2465 intellectus
1518 2422 1672 2475 divini,
1705 2432 1750 2466 et
1775 2422 1817 2466 ei
1846 2422 2214 2481 proportionata

253 2502 361 2531 nam
386 2487 502 2532 haec
528 2487 612 2531 tria
637 2488 684 2530 in
710 2488 813 2531 Deo
841 2502 981 2531 unum
1011 2498 1137 2532 sunt:
1164 2487 1435 2544 intellectus,
1462 2502 1552 2547 quo
1579 2487 1859 2546 intelligitur,
1884 2498 1931 2534 et
1950 2488 2216 2547 quod-intel-

253 2554 418 2611 ligitur.
445 2553 732 2613 Impossibile
761 2564 827 2598 est
851 2556 1002 2611 igitur,
1029 2555 1151 2612 quod
1176 2554 1276 2613 ipsa
1302 2555 1496 2598 essentia
1522 2554 1612 2598 Dei
1637 2554 1713 2598 fiat
1739 2554 2035 2613 intelligibilis
2064 2554 2214 2601 forma
2235 2593 2238 2596 .
2302 2527 2332 2605 ζ

254 2621 445 2679 alicuius
469 2620 725 2664 intellectus
749 2622 901 2674 creati,
928 2621 1015 2664 nisi
1042 2635 1129 2678 per¹
1145 2622 1251 2674 hoc,
1279 2621 1400 2679 quod
1428 2621 1627 2679 aliquam
1653 2621 1853 2666 divinam
1870 2621 2214 2667 similitudinem

252 2688 508 2732 intellectus
541 2699 717 2732 creatus
749 2689 999 2747 participat.
1036 2689 1162 2732 Haec
1199 2689 1336 2747 igitur
1373 2689 1550 2732 divinae
1587 2688 1895 2733 similitudinis
1928 2687 2214 2747 participatio

252 2755 508 2799 necessaria
535 2765 602 2799 est
628 2756 684 2798 ad
710 2755 801 2799 hoc
827 2756 949 2814 quod
977 2755 1064 2799 Dei
1090 2756 1340 2800 substantia
1365 2756 1585 2799 videatur.

341 2821 527 2866 Adhuc:
554 2821 669 2865 nihil
694 2832 760 2865 est
785 2822 1095 2880 susceptivum
1121 2821 1297 2866 formae
1323 2822 1617 2876 sublimioris,
1639 2822 1726 2866 nisi
1747 2837 1828 2881 per
1843 2821 2044 2882 aliquam
2065 2821 2213 2881 dispo·

253 2889 466 2934 sitionem
495 2889 550 2932 ad
573 2888 693 2932 illius
721 2890 1020 2946 capacitatem
1047 2889 1262 2933 elevetur.
1295 2890 1510 2947 Proprius
1545 2890 1667 2933 enim
1695 2900 1822 2934 actus
1848 2890 1900 2933 in
1923 2890 2108 2948 propria
2137 2903 2214 2949 po·

253 2955 394 2999 tentia
420 2955 481 2999 fit.
510 2954 714 2999 Essentia
738 2963 890 2999 autem
917 2955 1069 2999 divina
1096 2967 1164 2999 est
1189 2955 1336 2999 forma
1364 2956 1498 2999 altior
1524 2956 1652 3000 omni
1676 2955 1909 3001 intellectu
1941 2965 2110 3001 creato.
2140 2955 2213 3000 Ad
2248 2989 2261 2991 -
2296 2941 2325 2988 's-

252 3018 342 3065 h'oc
368 3022 503 3080 igitur
529 3022 651 3080 quod
678 3022 874 3065 essentia
901 3022 1054 3065 divina
1084 3022 1162 3066 fiat
1194 3022 1487 3080 intelligibilis
1522 3023 1695 3080 species
1731 3022 1922 3081 alicujus
1957 3022 2214 3068 intellectus

254 3090 407 3142 creati,
434 3090 556 3147 quod
583 3089 824 3148 requiritur
851 3089 907 3132 ad
939 3089 1029 3132 hoc
1062 3090 1184 3147 quod
1217 3089 1369 3132 divina
1401 3089 1651 3132 substantia
1681 3089 1900 3144 videatur,
1929 3102 2117 3142 necesse
2148 3098 2216 3134 est
2291 3092 2319 3151 ᾗγ,

253 3156 375 3214 quod
406 3155 662 3199 intellectus
697 3165 873 3199 creatus
907 3155 1061 3213 aliqua
1093 3155 1391 3213 dispositione
1424 3155 1680 3199 sublimiori
1712 3155 1769 3199 ad
1799 3155 1891 3199 hoc
1923 3154 2137 3200 elevetur.

342 3222 580 3280 Amplius:
607 3223 645 3266 si
672 3222 823 3279 aliqua
846 3222 937 3265 duo
965 3222 1086 3280 prius
1113 3220 1277 3264 fuerint
1303 3222 1564 3275 nonunita,
1592 3231 1636 3266 et
1667 3221 1964 3281 postmodum
1990 3221 2215 3275 uniantur,

253 3299 433 3347 oportet
458 3289 581 3347 quod
607 3289 698 3332 hoc
725 3288 802 3332 fiat
829 3302 909 3346 per
935 3288 1238 3332 mutationem
1271 3289 1517 3346 utriusque,
1542 3289 1616 3333 vel
1643 3288 1830 3333 alterius
1848 3298 2038 3334 tanmm.
2067 3287 2119 3333 Si
2142 3301 2216 3334 nu-

252 3366 346 3399 tem
372 3366 565 3413 ponatur
591 3355 713 3414 quod
745 3355 1002 3399 intellectus
1035 3354 1194 3413 aliquis
1228 3364 1404 3398 creatus
1436 3355 1492 3398 de
1524 3368 1650 3399 novo
1681 3355 1869 3414 incipiat
1897 3354 1991 3403 Dei-
2015 3354 2216 3402 subman-

253 3422 362 3465 tiam
391 3423 559 3476 videre,
578 3432 772 3481 oportet,
795 3422 1044 3466 secundum
1075 3421 1338 3480 praemissa,
1364 3421 1487 3479 quod
1514 3421 1668 3465 divina
1695 3421 1890 3467 essentia
1915 3419 2154 3485 copuletur
2170 3420 2216 3466 ei

255 3490 309 3532 de
335 3503 473 3543 novo,
500 3499 550 3533 ut
573 3489 869 3547 intelligibilis
896 3489 1084 3547 species.
1111 3487 1399 3547 Impossibile
1426 3498 1493 3533 est
1515 3498 1668 3533 autem
1694 3487 1817 3547 quod
1841 3486 2214 3535 divinaessentia

255 3566 508 3610 moveatur,
541 3556 657 3600 sicut
692 3570 826 3615 supra
858 3556 980 3614 (Lib.
1008 3555 1040 3600 1.
1072 3570 1108 3599 c.
1151 3553 1239 3612 13.)
1276 3565 1511 3600 ostensum
1549 3565 1628 3600 est.
1667 3555 1868 3614 Oportet
1901 3553 2052 3613 igitur,
2090 3549 2217 3614 quod'
2272 3549 2296 3578 ”2
