2332 3854
0 85 7 133 ἓ
14 83 15 86 ,

0 196 3 214 ῐ

0 221 4 231 x

0 310 10 329 '9

0 349 11 388 ἓ,

0 482 7 492 δ

434 185 451 204 0

801 202 955 240 mnan
994 201 1066 239 1v.
1109 201 1230 240 CAP.
1270 200 1320 238 1..
1930 187 2034 254 639

174 307 314 352 Item:
347 306 598 366 baptismus
633 314 679 350 et
718 304 809 349 alia
844 313 1130 349 sacramenta
1160 301 1393 347 Ecclesiae
1429 310 1534 346 sunt
1569 301 1794 359 quaedam
1838 301 2040 346 remedia

86 383 246 419 contra
280 382 535 433 peccatum,
566 381 616 415 ut
647 370 759 416 infra
795 371 977 429 patebit.
1014 369 1260 414 Exhibetur
1300 378 1454 412 autem
1488 367 1754 426 baptismus,
1786 368 2039 412 secundum

86 452 385 492 communem
415 437 648 483 Ecclesiae
681 437 1074 489 consuetudinem,
1107 435 1255 495 pueris
1291 444 1496 479 recenter
1525 433 1656 478 natis.
1694 433 1877 477 Frustra
1901 433 2040 490 igitur

85 505 349 558 exiberetur,
370 504 457 548 nisi
473 504 519 547 in
546 504 611 548 eis
627 513 745 548 esset
771 503 954 561 aliquod
981 512 1233 561 peccatum.
1256 501 1364 545 Non
1380 510 1448 545 est
1474 499 1688 544 autemin
1711 499 1774 543 eis
1800 509 2041 557 peccatum

9 621 11 623 ,
86 572 277 631 actuale,
303 571 408 631 quia
434 580 590 615 carent
616 584 699 614 usu
725 569 852 614 liberi
880 569 1061 622 arbitrii,
1093 569 1188 612 sine
1216 581 1307 625 quo
1339 566 1490 611 nullus
1517 576 1643 610 actus
1673 566 1852 610 homini
1882 565 1929 608 in
1952 564 2042 608 cul-

83 651 192 696 pam
213 639 471 697 imputatur.
487 637 685 695 Oportet
709 636 844 694 igitur
870 636 1021 680 dicere
1048 637 1094 679 in
1121 635 1184 679 eis
1211 648 1310 678 esse
1337 643 1575 692 peccatum
1608 646 1688 690 per
1713 631 1940 691 originem
1957 641 2042 675 tra-

84 704 285 758 ductum,
306 718 447 763 quum
472 704 518 747 in
544 703 755 762 operibus
777 702 866 747 Dei
887 712 931 746 et
957 700 1189 746 Ecclesiae
1215 699 1329 743 nihil
1361 700 1417 743 sit
1443 713 1614 742 vanum
1639 707 1684 742 et
1708 697 1887 742 frustra.

35 802 44 813 .
96 804 101 807 ψ
174 770 225 815 Si
250 775 403 815 autem
443 770 632 822 dicatur,
673 768 795 827 quod
841 767 1091 826 baptismus
1125 765 1367 810 infantibus
1406 765 1550 817 datur,
1591 778 1689 826 non
1722 772 1771 808 ut
1797 778 1823 808 a
1847 772 2040 823 peccato

85 838 371 890 mundentur,
397 836 477 880 sed
508 846 558 880 ut
582 835 637 879 ad
662 848 855 892 regnum
881 834 968 877 Dei
994 833 1272 891 perveniant,
1298 845 1388 890 quo
1416 830 1642 889 perveniri
1667 844 1761 875 non
1777 839 1927 889 potest
1942 829 2040 875 sine

81 903 307 961 baptismo
325 936 337 956 ,
363 915 505 961 quum
544 901 772 945 Dominus
797 900 917 943 dicat
942 899 1125 957 (Joann.
1150 898 1227 941 ΙΙΙ.
1256 898 1337 954 5.):
1365 898 1462 942 Nisi
1492 899 1583 955 quis
1618 903 1784 942 renatus
1822 897 1948 947 fuerit
1988 911 2040 942 cx

57 983 196 1029 ,σφω
219 976 259 1016 et
298 969 462 1028 Spiritu
495 968 662 1021 Sancto,
701 981 783 1011 non
810 972 943 1024 potest
987 966 1161 1010 introire
1193 967 1238 1008 in
1279 978 1451 1021 regnum
1482 965 1590 1015 Dei;
1634 963 1726 1007 hoc
1756 976 1926 1007 vanum
1957 972 2037 1007 est.

83 1034 248 1082 Nullus
272 1036 396 1079 enim
418 1049 444 1078 a
469 1048 612 1093 regno
630 1033 719 1077 Dei
744 1032 995 1077 excluditur
1019 1031 1107 1075 nisi
1128 1040 1311 1089 propter
1331 1030 1530 1088 aliquam
1548 1028 1748 1087 culpam.
1766 1029 1888 1073 Finis
1915 1028 2040 1073 enim

84 1100 492 1148 omnisrationalis
524 1110 757 1144 creaturae
785 1109 851 1144 est
876 1108 925 1143 ut
951 1097 1007 1142 ad
1032 1097 1359 1142 beatitudinem
1390 1096 1636 1155 perveniat,
1668 1109 1784 1154 quae
1815 1109 1914 1140 esse
1944 1109 2040 1140 non

83 1177 233 1228 potest
247 1167 335 1212 nisi
359 1168 405 1211 in
431 1180 573 1225 regno
599 1166 708 1220 Dei3
735 1165 859 1224 quod
885 1165 1070 1224 quidem
1095 1163 1210 1208 nihil
1235 1174 1302 1208 est
1315 1162 1437 1207 aliud
1454 1177 1593 1221 quam
1613 1162 1821 1207 ordinata
1842 1162 2039 1207 societas

83 1247 245 1281 eurum
270 1234 347 1293 qui
371 1233 525 1278 divina
555 1232 731 1276 visione
756 1231 978 1284 fruuntur,
1003 1231 1050 1274 in
1082 1244 1171 1289 qua
1196 1244 1303 1274 vera
1330 1229 1561 1274 beatitudo
1595 1229 1817 1282 consistit,
1842 1238 1892 1273 ut
1916 1238 2041 1288 patet

83 1300 231 1346 exhis
255 1314 371 1360 quae
396 1301 442 1344 in
464 1299 596 1343 tertio
623 1307 727 1343 sunt
748 1308 945 1343 ostensa.
963 1296 1091 1341 Nihil
1117 1307 1270 1340 autem
1293 1310 1319 1340 a
1344 1295 1434 1340 fine
1460 1309 1544 1340 suo
1572 1295 1723 1340 deficit
1747 1295 1835 1340 nisi
1856 1305 2041 1353 propter

83 1366 268 1426 aliquod
293 1375 548 1425 peccatum.
576 1365 626 1409 Si
650 1365 787 1423 igitur
813 1364 940 1423 pueri
980 1363 1188 1407 nondum
1224 1362 1437 1422 baptizati
1469 1363 1525 1407 ad
1550 1376 1744 1420 regnum
1770 1361 1860 1406 Dei
1889 1374 2041 1420 perve-

81 1433 180 1479 nire
217 1446 314 1477 non
345 1442 549 1491 possunt,
583 1440 764 1491 oportet
799 1430 949 1475 dicere
981 1444 1079 1475 esse
1115 1430 1163 1473 in
1187 1426 1252 1474 eis
1284 1428 1470 1488 aliquod
1494 1438 1752 1487 peccatum.
1788 1428 1864 1472 Sic
1889 1428 2041 1486 igitur,

82 1499 336 1544 secundum
361 1497 616 1543 catholicae
640 1497 746 1542 fidei
767 1497 1074 1550 traditionem,
1086 1496 1336 1541 tenendum
1354 1505 1422 1540 est
1442 1495 1655 1541 homines
1671 1495 1799 1540 nasci
1819 1509 1926 1540 cum
1941 1508 2042 1554 pec·

86 1575 191 1611 cato
216 1563 443 1623 originali.

864 1759 1120 1817 CAPUT
1165 1759 1256 1815 LI.

396 1903 765 1958 OBJECTIONES
807 1902 1032 1943 CONTRA
1069 1901 1370 1941 PECCATUM
1409 1902 1725 1943 ORIGINALE.

146 2027 243 2072 Sun
265 2037 419 2072 autem
441 2028 667 2085 quaedam
692 2027 842 2072 adhuc
869 2041 984 2086 quae
1009 2027 1189 2071 veritati
1215 2027 1443 2071 adversari
1462 2027 1684 2072 videntur.

143 2095 391 2139 Peccatum
433 2094 555 2138 enim
597 2095 730 2138 unius
775 2094 873 2138 aliis
923 2108 1018 2138 non
1056 2094 1304 2153 imputatur
1345 2094 1401 2138 ad
1443 2094 1655 2153 culpam3
1698 2094 1818 2139 unde
1852 2090 2040 2153 (Eze‘ch.

84 2161 251 2205 XVIIL
278 2161 366 2221 19.)
393 2161 555 2205 dicitur
587 2162 710 2220 quod
724 2161 845 2220 filius
867 2176 951 2205 non
970 2166 1112 2220 portat
1132 2162 1396 2219 iniquitatem
1417 2163 1552 2220 patris
1562 2176 1580 2218 ;
1599 2171 1642 2205 et
1667 2161 1802 2218 hujus
1833 2162 1948 2206 ratio
1975 2172 2043 2206 est

84 2227 189 2286 quia
213 2241 311 2272 non
334 2227 574 2272 laudamur
599 2241 747 2287 neque
772 2227 1082 2286 vituperamur
1106 2226 1194 2271 nisi
1220 2241 1274 2270 ex
1299 2227 1370 2272 his
1396 2241 1512 2286 quae
1538 2228 1584 2272 in
1610 2228 1742 2272 nobis
1769 2238 1885 2273 sunt.
1913 2229 2041 2273 Haec

82 2304 236 2349 autem
257 2302 362 2339 sunt
384 2307 502 2352 quae
522 2303 679 2338 nostra
700 2292 935 2338 voluntate
962 2293 1308 2338 committimus.
1339 2293 1448 2338 Non
1472 2294 1610 2352 igitur
1635 2304 1877 2353 peccatum
1902 2294 2040 2353 primi

5 2363 10 2367 ”
82 2358 284 2406 hominis
303 2360 390 2404 toti
419 2360 624 2404 humano
652 2360 808 2418 generi
828 2360 1089 2419 imputatur.

159 2425 226 2471 ,Si
261 2439 371 2471 vero
401 2426 504 2486 quis
540 2426 661 2471 dicat
705 2425 843 2485 quod,
877 2441 970 2471 uno
1013 2436 1231 2485 peccante
1259 2440 1421 2471 omnes
1454 2436 1759 2485 peccaverunt
1778 2427 1966 2486 inipso,
1994 2438 2042 2472 ut

0 2495 7 2532 .'
83 2490 335 2551 Apostolus
367 2492 516 2537 dicere
543 2492 733 2548 videtur,
767 2502 812 2536 et
843 2493 907 2537 sic
934 2492 1012 2536 uni
1049 2506 1143 2537 non
1170 2494 1417 2552 imputatur
1459 2503 1701 2552 peccatum
1738 2493 1935 2548 alterius,
1961 2494 2042 2538 sed

83 2572 218 2604 suum
248 2568 502 2617 peccatum,
527 2558 619 2604 hoc
647 2559 800 2612 etiam,
841 2569 890 2604 ut
921 2559 1111 2613 videtur,
1149 2569 1267 2604 stare
1299 2574 1394 2604 non
1435 2570 1608 2618 potest3
1636 2560 1742 2618 quia
1780 2559 1847 2605 illi
1879 2560 1955 2618 qui
1988 2574 2041 2604 ex

84 2624 236 2670 Adam
261 2624 356 2669 nati
381 2634 496 2679 sunt,
523 2625 706 2684 quando
727 2625 880 2669 Adam
913 2626 1132 2684 peccavit,
1163 2626 1210 2670 in
1245 2640 1300 2671 eo
1322 2628 1527 2671 nondum
1556 2636 1683 2671 erant
1714 2637 1831 2684 actu,
1857 2627 1936 2671 sed
1959 2627 2042 2671 vir-

3 2720 14 2754 2,
83 2699 180 2736 tute
204 2700 396 2744 tantum,
422 2691 539 2735 sicut
568 2692 615 2735 in
640 2691 787 2749 prima
832 2691 1031 2750 origine3
1067 2706 1258 2751 peccare
1285 2703 1453 2747 autem,
1489 2707 1631 2751 quum
1672 2693 1730 2737 sit
1766 2707 1916 2752 agere,
1946 2707 2041 2737 non

4 2799 6 2801 ,
85 2757 304 2817 competit
327 2757 414 2801 nisi
436 2757 667 2802 exsistenti
691 2758 737 2801 in
765 2767 898 2812 actu3
924 2772 1018 2802 non
1046 2758 1182 2816 igitur
1208 2761 1254 2803 in
1280 2759 1433 2803 Adam
1461 2773 1623 2803 omnes
1649 2759 1956 2817 peccavimus.

174 2822 224 2869 Si
249 2833 402 2868 autem
426 2824 489 2868 ita
526 2825 700 2868 dicatur
738 2838 824 2868 nos
857 2824 904 2868 in
940 2824 1093 2868 Adam
1119 2839 1334 2883 peccasse
1366 2826 1495 2884 quasi
1527 2825 1808 2884 originaliter
1833 2827 1888 2871 ab
1915 2839 1970 2870 eo
1993 2825 2040 2869 in

10 2904 12 2911 ²
83 2903 170 2935 nos
194 2899 434 2948 peccatum
467 2890 706 2949 proveniat
731 2889 867 2934 simul
900 2905 1006 2935 cum
1043 2901 1218 2945 natura,
1250 2891 1341 2936 hoc
1374 2892 1514 2936 etiam
1541 2891 1823 2950 impossibile
1849 2893 2039 2937 videtur.

9 2952 13 2980 ‘³
84 2956 313 3002 Accidens
337 2956 476 3010 enim,
502 2971 643 3016 quum
681 2956 736 3001 de
769 2958 973 3014 subjecto
1002 2957 1057 3001 ad
1095 2957 1350 3015 subjectum
1390 2972 1486 3003 non
1528 2969 1740 3012 transeat,
1771 2973 1866 3004 non
1891 2969 2041 3018 potest

82 3022 273 3075 traduci,
297 3022 386 3066 nisi
410 3022 663 3080 subjectum
690 3023 962 3067 traducatur.
1007 3023 1274 3082 SubJectum
1313 3034 1466 3068 autem
1503 3025 1679 3083 peccati
1723 3024 1874 3069 anima
1910 3027 2042 3070 ratio·
2079 3020 2099 3061 ’ἑ

11 3124 14 3130 2
83 3088 199 3133 nalis
229 3098 311 3144 est,
336 3102 452 3147 quae
468 3103 562 3133 non
587 3089 835 3134 traducitur
851 3090 897 3133 in
924 3104 1008 3134 nos
1038 3104 1092 3133 ex
1114 3090 1263 3147 primo
1290 3101 1492 3148 parente,
1519 3091 1597 3135 sed
1626 3105 1651 3134 a
1677 3091 1779 3135 Deo
1807 3091 2040 3150 sigillatim

27 3179 30 3182 >
85 3164 263 3199 creator
287 3154 334 3198 in
366 3169 659 3214 unoquoque,
686 3166 734 3199 ut
758 3156 804 3199 in
831 3155 1033 3200 secundo
1062 3157 1121 3212 (c.
1163 3154 1255 3212 86.)
1279 3167 1514 3201 ostensum
1547 3166 1626 3201 est.
1660 3156 1767 3201 Non
1792 3149 2038 3216 igitur'per

89 3220 314 3279 originem
336 3233 575 3279 peccatum
597 3222 653 3265 ad
678 3235 763 3266 nos
785 3222 839 3266 ab
867 3222 1018 3266 Adam
1041 3223 1234 3266 derivari
1255 3233 1417 3282 potest.

173 3286 367 3331 Adhuc:
395 3287 433 3332 si
463 3298 702 3346 peccatum
730 3301 755 3331 a
780 3288 928 3346 primo
964 3300 1149 3347 parente
1187 3289 1233 3332 in
1262 3289 1374 3334 alios
1398 3290 1638 3342 derivatur,
1664 3289 1770 3346 quia
1796 3290 1849 3333 ab
1874 3304 1929 3334 eo
1957 3291 2041 3335 ori-

85 3353 240 3412 ginem
275 3352 470 3407 trahunt,
503 3368 645 3412 quum
673 3353 879 3399 Christus
926 3370 950 3398 a
984 3356 1132 3414 primo
1170 3367 1355 3414 parente
1383 3357 1609 3414 originem
1645 3357 1832 3410 duxerit,
1864 3357 2041 3402 videtur

19 3471 22 3474 A
84 3419 206 3478 quod
233 3419 325 3478 ipse
351 3421 489 3463 etiam
515 3430 705 3477 peccato
733 3420 944 3479 originali
970 3422 1198 3479 subjectus
1224 3421 1385 3476 fuerit;
1419 3423 1540 3480 quod
1564 3433 1630 3467 est
1657 3422 1829 3466 alienus
1856 3437 1881 3466 a
1908 3422 2008 3468 fide.

171 3486 432 3530 Praeterea:
460 3485 582 3545 quod
609 3487 900 3546 consequitur
917 3486 1086 3545 aliquid
1104 3487 1354 3532 secundum
1372 3502 1502 3532 suam
1520 3489 1744 3548 originem
1761 3488 2033 3544 naturalem,

19 3558 21 3561 ’
85 3561 154 3596 est
174 3551 216 3597 ei
239 3550 458 3597 naturale.
487 3551 626 3605 Quod
653 3564 721 3598 est
753 3553 888 3598 alicui
912 3553 1117 3598 naturale
1143 3567 1235 3597 non
1268 3564 1335 3598 est
1359 3565 1600 3613 peccatum
1632 3555 1679 3599 in
1711 3557 1825 3613 ipso,
1853 3555 1970 3601 sicut
1990 3556 2036 3600 in
