2332 3854
774 232 930 271 LIBER
969 230 1027 269 11.
1068 230 1188 270 CAP.
1228 228 1390 268 Lxxv.
1950 227 2052 283 231

56 343 60 371 f
105 335 286 380 meritur
309 333 627 392 phantasmata
657 333 912 379 necessaria
938 333 994 377 ad
1018 330 1380 390 intelligendum.
1414 328 1470 373 Et
1501 329 1606 388 quia
1633 328 1829 373 exterior
1854 329 2061 387 operatio

103 396 306 448 docentis
331 399 446 444 nihil
467 410 730 459 operaretur
749 401 835 443 nisi
859 399 1037 443 adesset
1062 397 1333 458 principium
1359 395 1654 441 intrinsecum
1681 395 1915 448 scientiae,
1938 395 2061 453 quod

77 462 220 512 ‘inm
238 465 370 511 nobis
394 466 621 520 divinituS,
647 466 752 509 ideo
790 466 906 524 apud
932 465 1177 523 theologos
1203 464 1365 508 dicitur
1387 462 1509 539 quod
1531 462 1674 506 homo
1697 462 1832 506 docet
1859 462 2061 505 ministe-

56 531 226 591 frium
262 532 532 586 exhibendo,
564 532 690 577 Deus
726 542 878 576 autem
918 533 1103 576 interius
1136 531 1394 591 operand03
1431 530 1547 574 sicut
1582 539 1627 574 et
1661 529 1866 573 medicus
1903 529 2066 572 dicitur

51 595 290 656 {naturae
326 598 531 643 minister
561 599 607 642 in
640 599 857 643 sanando.
893 598 968 642 Sic
1005 598 1142 656 igitur
1178 608 1388 642 causatur
1425 596 1613 640 scientia
1645 596 1691 639 in
1729 594 1952 654 discipulo
1986 609 2065 654 per

103 663 387 724 magistrum,
413 679 506 710 non
533 665 675 710 modo
700 664 918 709 naturalis
945 665 1151 718 actionis,
1178 664 1256 709 sed
1283 662 1543 716 artificialis,
1570 672 1618 707 ut
1650 662 1823 707 dictum
1850 672 1930 706 est.

73 748 81 774 ς
121 737 127 757 ²
145 737 156 759 ³*
187 730 452 777 Praeterea:
472 745 613 791 quum
640 731 994 775 Commentator
1010 731 1264 790 praedictus
1283 734 1422 790 ponat
1439 729 1619 774 habitus
1645 729 1937 773 scientiarum
1961 742 2060 772 esse
2087 764 2090 768 .

93 798 150 844 'in‘
172 797 405 843 intellectu
436 799 618 857 passivo
644 798 761 842 sicut
784 798 831 841 in
857 798 1076 856 subjecto,
1103 798 1250 841 unitas
1282 795 1540 841 intellectus
1566 794 1793 855 possibilis
1818 793 1933 838 nihil
1956 793 2066 838 facit

103 863 161 921 ad
183 864 276 909 hoc
302 865 424 923 quod
457 865 514 909 sit
545 879 635 909 una
666 866 839 908 scentia
870 878 1063 908 numero
1096 865 1141 907 in
1174 862 1395 921 discipulo
1433 873 1476 907 et
1508 863 1754 921 magistr03
1783 859 2065 906 intellectum

103 930 227 976 enim
251 931 482 992 passivum
509 940 687 976 constat
708 945 801 975 non
819 945 916 975 esse
943 930 1140 975 eundem
1162 930 1208 974 in
1231 930 1432 983 diversis,
1456 944 1596 988 quum
1620 931 1676 974 sit
1696 928 1900 988 potentia
1925 938 2068 973 mate-

36 1006 54 1026 ·²
102 996 238 1043 rialis.
265 997 400 1042 Unde
424 997 539 1042 haec
566 997 681 1042 ratio
712 1011 807 1041 non
840 1007 907 1042 est
939 997 994 1041 ad
1027 997 1327 1056 propositum,
1359 996 1611 1040 secundum
1644 997 1741 1054 eius
1772 994 2063 1054 positionem.

808 1165 1064 1223 CAPUT
1098 1165 1352 1220 LXXVI.

139 1272 141 1275 r
202 1301 362 1349 QUOD
394 1301 776 1342 INTELLECTUS
808 1301 983 1340 AGENS
1017 1301 1135 1340 NON
1167 1299 1252 1338 SIT
1287 1298 1628 1339 SUBSTANTIA
1661 1298 1960 1349 SEPARATA,

748 1376 848 1414 SED
902 1375 1136 1420 ALIQUID
1191 1373 1417 1413 ANIMAE.

662 1477 717 1536 (I.
745 1484 863 1537 part.
896 1482 1047 1535 quaest.
1081 1475 1277 1520 LXXIX.
1310 1481 1391 1519 art.
1423 1476 1503 1533 4.).

41 1586 60 1633 ἐζ,
110 1609 131 1614 «-
187 1586 255 1631 Ex
279 1587 351 1632 his
373 1596 526 1632 autem
549 1586 763 1631 concludi
788 1596 952 1646 potest,
974 1586 1096 1645 quod
1119 1599 1203 1630 nec
1229 1584 1485 1629 intellectus
1511 1598 1650 1644 agens
1676 1592 1742 1628 est
1767 1597 1883 1628 unus
1905 1583 1951 1627 in
1970 1597 2066 1627 om-

48 1668 71 1709 12
100 1653 248 1708 nibus,
272 1663 323 1698 ut
346 1653 606 1698 Alexander
631 1654 800 1713 (primo
826 1654 898 1697 De
924 1654 1092 1707 anima,
1115 1667 1153 1696 c.
1176 1653 1248 1696 De
1273 1651 1534 1709 intell.’ag.)
1561 1651 1698 1695 etiam
1721 1651 1864 1710 ponit,
1890 1660 1934 1694 et
1960 1650 2066 1694 Avi-

102 1733 249 1766 cenna
274 1721 368 1778 (De
392 1719 532 1765 intell.
560 1730 606 1764 et
629 1721 679 1764 P.
706 1721 740 1764 Ι.
766 1721 839 1764 De
865 1720 1032 1774 anima,
1060 1734 1099 1764 c.
1131 1722 1205 1777 5.),
1229 1719 1307 1778 qui
1331 1733 1426 1762 non
1451 1728 1628 1778 ponunt
1651 1717 1936 1763 intellectum
1963 1731 2065 1776 pose

41 1797 79 1837 ἒ
100 1786 279 1832 sibilem
304 1800 403 1832 esse
428 1801 571 1831 unum
603 1787 828 1832 omnium.

43 1859 54 1916 ᾗ
73 1864 77 1869 ’
192 1852 351 1906 Quum
377 1855 501 1898 enim
523 1868 663 1913 agens
681 1863 726 1898 et
745 1853 967 1913 recipiens
983 1854 1073 1898 sint
1088 1853 1447 1913 proportionata,
1474 1863 1655 1911 oportet
1673 1853 1794 1912 quod
1821 1852 2065 1911 unicuique

99 1920 281 1980 passivo
312 1921 587 1980 respondeat
621 1921 856 1980 proprium
891 1921 1104 1965 activum.
1139 1920 1399 1965 Intellectus
1435 1930 1588 1964 autem
1621 1918 1848 1979 possibilis
1881 1933 2064 1977 compa-

38 1994 55 2005 *
100 1997 225 2031 ratur
240 1987 298 2031 ad
320 1997 532 2046 agentem
558 1997 606 2031 ut
631 1988 864 2047 proprium
887 1987 1119 2046 passivum
1141 1987 1234 2032 sive
1251 1987 1561 2046 susceptivum
1585 1987 1749 2045 ipsius;
1775 1986 1915 2030 habet
1941 1986 2063 2030 enim

101 2067 151 2098 se
168 2053 225 2098 ad
243 2067 351 2098 eum
366 2067 508 2113 agens
525 2054 641 2098 sicut
658 2068 730 2098 ars
749 2054 805 2098 ad
822 2055 1076 2110 materiam,
1094 2063 1143 2098 ut
1160 2054 1322 2098 dicitur
1338 2054 1386 2097 in
1401 2054 1536 2098 tertio
1554 2054 1625 2097 De
1643 2054 1797 2097 anima
1823 2054 1874 2110 (t.
1898 2068 1937 2097 c.
1961 2054 2065 2111 17.).

36 2123 67 2182 2³³.
104 2121 154 2165 Si
178 2121 318 2180 igitur
340 2120 600 2166 intellectus
640 2120 868 2180 possibilis
909 2131 976 2165 est
1013 2121 1181 2180 aliquid
1215 2121 1394 2165 animae
1426 2122 1671 2175 humanae,
1713 2119 2064 2180 multiplicatum

100 2187 353 2232 secundum
374 2187 712 2232 multitudinem
738 2188 1093 2242 individuorum,
1116 2198 1163 2232 ut
1180 2199 1416 2233 ostensum
1444 2198 1511 2233 est
1528 2190 1588 2246 (c.
1614 2202 1664 2247 73
1674 2189 1722 2246 .),
1745 2198 1789 2232 et
1809 2187 2064 2233 intellectus

48 2272 78 2312 L'„
102 2253 254 2339 etiam
266 2268 408 2313 agens
435 2255 519 2299 erit
542 2254 820 2313 hujusmodi,
847 2264 892 2299 et
915 2269 1010 2299 non
1037 2255 1120 2299 erit
1146 2269 1262 2299 unus
1289 2256 1511 2299 omnium.

159 2321 378 2367 s-Adhuc:
404 2320 660 2366 intellectus
687 2336 827 2380 agens
858 2336 952 2366 non
978 2321 1086 2366 facit
1118 2322 1291 2380 species
1315 2308 1625 2380 intelligibiles
1659 2332 1762 2366 actu
1789 2332 1838 2366 ut
1862 2322 1959 2381 ipse
1985 2335 2065 2381 per

44 2395 180 2442 visas
208 2387 445 2447 intelligat,
477 2390 676 2433 maxime
708 2389 824 2433 sicut
855 2389 1104 2434 substantia
1130 2399 1351 2448 separata,
1379 2404 1516 2448 quum
1551 2404 1646 2433 non
1678 2390 1735 2434 sit
1765 2389 1812 2432 in
1837 2389 2064 2448 potentia3

52 2454 183 2502 ted
205 2465 256 2500 ut
285 2469 367 2515 per
391 2469 467 2500 eas
493 2454 718 2514 intelligat
747 2454 1004 2500 intellectus
1031 2455 1271 2515 possibilis.
1305 2456 1411 2500 Non
1438 2456 1575 2514 igitur
1595 2455 1706 2500 facit
1731 2470 1807 2500 eas
1834 2456 1922 2500 nisi
1952 2455 2066 2500 tales

47 2519 262 2582 '132qnales
289 2532 555 2598 competunt
569 2522 820 2567 intellectui
832 2522 1036 2582 possibili
1058 2523 1113 2567 ad
1136 2522 1497 2582 intelligendum.
1522 2522 1662 2568 Tales
1689 2534 1843 2568 autem
1860 2522 1969 2567 facit
1984 2536 2061 2567 eas

23 2586 246 2651 &qualis
271 2599 340 2634 est
364 2589 483 2648 ipse3
507 2603 617 2633 nam
644 2603 781 2634 omne
809 2604 949 2648 agens
977 2590 1070 2649 agit
1092 2590 1177 2634 sibi
1202 2590 1364 2634 simile.
1391 2590 1497 2634 Est
1486 2604 1623 2649 igitur
1649 2590 1907 2635 intellectus
1926 2604 2066 2649 agens

57 2652 86 2708 ”ff
96 2655 469 2732 proportionatus
490 2655 741 2700 intellectui
761 2656 990 2714 possibili;
1018 2666 1063 2701 et
1088 2657 1168 2710 sic,
1195 2671 1337 2715 quum
1359 2656 1614 2702 intellectus
1632 2657 1860 2717 possibilis
1882 2657 1939 2701 sit
1963 2671 2067 2716 pars

100 2721 296 2777 niniae,
320 2721 576 2767 intellectus
601 2737 750 2799 agens·
766 2737 861 2767 non
889 2724 971 2768 erit
996 2724 1243 2768 substantia
1269 2734 1489 2783 separata.

151 2788 426 2848 Amplius:
453 2789 569 2834 sicut
593 2790 783 2834 materia
815 2790 961 2849 prima
993 2790 1222 2849 perficitur
1247 2805 1326 2850 per
1351 2791 1522 2835 formas
1553 2791 1781 2835 naturales
1813 2805 1930 2850 quae
1963 2801 2069 2835 sunt

104 2863 239 2899 extra
249 2857 466 2910 animam,
482 2855 544 2900 ita
570 2855 824 2900 intellectus
828 2856 1068 2916 possibilis
1085 2857 1314 2914 perficitur
1330 2872 1410 2916 per
1426 2857 1598 2902 formas
1617 2858 1897 2902 intellectas
1886 2873 1932 2901 m
1947 2868 2064 2902 actu.

56 2921 70 2952 3³
104 2919 195 2967 sed
217 2920 394 2967 formae
419 2922 649 2967 naturales
681 2923 960 2982 recipiuntur
994 2924 1042 2967 in
1074 2925 1265 2968 materia
1297 2925 1459 2984 prima,
1491 2940 1585 2969 non
1618 2940 1696 2984 per
1729 2926 1958 2971 actionem
1992 2924 2068 2969 ali-

104 2987 231 3047 cujus
261 2988 536 3033 substantiae
567 3000 800 3048 separatae
833 3000 1026 3045 tantum,
1058 2991 1136 3034 sed
1169 3005 1248 3049 per
1277 2992 1518 3036 ·actionem
1551 2991 1726 3036 formae
1760 2991 1963 3050 ejusdem
1995 3005 2068 3050 ge-

49 3073 69 3094 ³»
90 3054 237 3110 neris,
261 3055 435 3100 scilicet
455 3069 572 3115 quae
589 3066 656 3100 est
672 3057 718 3100 in
736 3057 951 3111 materia3
969 3057 1085 3102 sicut
1101 3057 1214 3102 haec
1238 3072 1346 3102 caro
1373 3070 1616 3117 generatur
1632 3074 1711 3118 per
1728 3058 1924 3103 formam
1949 3072 2066 3117 quae

103 3129 172 3166 est
194 3121 240 3165 in
262 3121 334 3167 his
359 3123 569 3167 carnibus
591 3124 698 3167 etin
718 3123 789 3167 his
812 3124 1004 3177 ossibus,
1031 3134 1079 3168 ut
1105 3125 1267 3183 probat
1287 3125 1559 3170 Aristoteles
1580 3126 1627 3169 in
1645 3126 1840 3185 septimo
1861 3125 2065 3184 Metaph.

104 3186 156 3244 (t.
181 3201 222 3232 c.
247 3188 356 3245 28.).
376 3188 425 3232 Si
445 3189 583 3248 igitur
607 3189 864 3234 intellectus
890 3191 1117 3249 possibilis
1135 3192 1194 3235 sit
1210 3205 1313 3250 pars
1337 3192 1517 3236 animae
1544 3203 1589 3236 et
1609 3207 1703 3236 non
1731 3192 1787 3236 sit
1811 3192 2066 3236 substantia

80 3255 89 3284 ἵ
105 3264 326 3314 separata,
351 3263 402 3299 ut
421 3255 663 3314 probatum
686 3266 753 3300 est
778 3257 839 3314 (c.
868 3258 972 3316 59.)‚
998 3257 1254 3302 intellectus
1273 3272 1428 3316 agens,
1446 3273 1525 3316 per
1543 3260 1670 3317 cujus
1697 3259 1926 3303 actionem
1954 3259 2068 3304 fiunt

302 3319 608 3380 intelligibiles
634 3322 681 3366 in
707 3323 823 3381 ipso,
854 3337 948 3368 non
981 3325 1064 3368 erit
1096 3324 1246 3383 aliqua
1273 3326 1520 3370 substantia
1547 3336 1768 3385 separata,
1801 3326 1878 3371 sed
1913 3326 2065 3386 aliqua

79 3420 82 3423 -
104 3386 244 3432 virtus
269 3388 416 3432 activa
442 3388 636 3433 animae.

119 3474 124 3490 ι
191 3453 328 3499 Item:
362 3454 493 3499 Plato
530 3455 597 3513 (in
641 3454 786 3514 Tim.)
819 3457 972 3516 posuit
1006 3458 1245 3502 scientiam
1277 3459 1324 3502 in
1355 3459 1486 3503 nobis
1514 3460 1691 3504 causari
1717 3460 1771 3504 ab
1795 3460 1923 3514 ideis,
1951 3475 2064 3520 quas

77 3549 89 3569 ς
105 3519 303 3580 ponebat
327 3535 426 3566 esse
452 3521 671 3580 quasdam
702 3523 973 3568 substantias
1005 3534 1258 3583 separatas3
1292 3539 1430 3584 quam
1457 3525 1641 3584 quidem
1668 3526 1944 3584 positionem
1968 3527 2067 3572 Ari-

58 3585 290 3635 sboteles
315 3587 543 3648 improbat
573 3588 619 3632 in
642 3588 789 3647 primo
820 3589 1021 3650 Metaph.
1050 3592 1102 3648 (t.
1130 3605 1170 3635 c.
1197 3591 1268 3646 48.
1297 3602 1342 3636 et
1365 3591 1517 3649 infra).
1546 3591 1739 3639 Constat
1765 3604 1916 3639 autem
1942 3594 2065 3654 quod
