2332 3854
261 238 365 308 398
826 242 829 252 ’
911 250 1065 289 LIBER
1104 249 1180 288 111.
1222 249 1340 287 CAP.
1383 234 1593 297 LXXVI.³

347 353 611 398 Praeterea:
647 352 852 411 superior
883 350 1169 410 providentia
1201 348 1277 393 dat
1306 349 1486 408 regulas
1518 349 1827 409 providentiae
1858 350 2074 407 inferiori,
2098 346 2216 398 sient

257 419 470 479 politicus
503 421 578 464 dat
609 419 789 478 regulas
823 427 866 462 et
896 417 1024 475 leges
1056 416 1161 460 duci
1186 417 1420 472 exercitus,
1446 416 1524 476 qui
1549 417 1625 462 dat
1648 416 1772 476 leges
1790 428 1835 462 et
1858 416 2039 476 regulas
2064 420 2218 464 centu-

258 487 459 531 rionibus
487 497 530 530 et
554 485 756 530 tribunis.
782 484 831 528 Si
856 483 993 542 igitur
1024 483 1104 527 sub
1138 483 1284 541 prima
1314 482 1599 542 providentia
1632 483 1722 528 Dei
1757 485 1927 528 summi
1961 482 2215 530 sunt'alia'e

257 553 583 613 providentiae,
610 560 790 610 oportet
812 549 933 608 quod
959 550 1085 593 Deus
1110 547 1199 592 illis
1221 548 1431 594 secundis
1456 549 1529 594 vel
1554 550 1696 594 tertiis
1718 550 2026 609 provisoribus
2053 550 2131 606 det⁴
2151 552 2217 596 re-

259 619 387 678 gulas
414 619 483 663 sui
515 617 762 676 regiminis.
790 616 883 660 Aut
910 629 1020 674 ergo
1047 614 1125 660 dat
1150 615 1214 660 eis
1239 614 1419 674 regulas
1446 627 1490 661 et
1514 616 1639 676 leges
1666 616 1957 672 universales,
1984 616 2061 663 aut
2083 619 2215 678 parti-

259 685 447 730 culares.
478 685 526 728 Si
554 693 706 727 autem
733 683 809 726 dat
835 682 898 725 eis
931 681 1207 726 universales
1232 682 1412 741 regulas
1443 683 1691 742 regiminis,
1719 698 1824 727 cum
1849 682 2217 737 universalefflfess

258 750 392 810 gulae
409 765 502 793 non
520 750 695 808 possint
711 762 891 807 semper
901 748 956 792 ad
973 748 1261 807 particularia
1279 748 1506 808 applicari,
1524 749 1723 794 maxime
1740 749 1787 794 in
1803 750 1935 795 rebus
1951 749 2230 807 mobilibus,

205 815 213 822 ’
261 832 376 876 quae
403 831 496 859 non
523 830 703 892 semper
730 816 895 860 eodem
923 815 1064 859 modo
1092 829 1139 860 se
1165 816 1348 870 habent,
1375 826 1604 876 oporteret
1630 817 1752 876 quod
1777 816 1844 861 illi
1868 819 2142 877 provisores
2151 833 2217 864 se-

259 883 394 927 cundi
410 882 483 926 vel
500 883 618 926 tertii
641 882 913 941 quandoque
938 891 1116 940 praeter
1136 882 1316 941 regulas
1341 882 1424 926 sibi
1447 883 1572 927 datas
1595 883 1855 928 ordinarent
1879 883 1934 929 de
1958 884 2091 929 rebus
2107 898 2216 929 suae

258 949 509 1008 provisioni
534 948 759 1006 subiectis.
788 948 1019 992 Haberent
1044 962 1154 1008 ergo
1179 949 1399 1008 judicium
1425 964 1560 1009 super
1580 948 1761 1008 regulas
1788 961 2011 1017 acceptas,
2034 951 2225 1011 quando

258 1016 509 1060 secundum
537 1029 611 1058 eas
639 1024 870 1074 oporteret
892 1029 1042 1074 agere,
1070 1025 1115 1059 et
1140 1015 1321 1074 quando
1339 1030 1415 1061 eas
1431 1017 1788 1074 praetermittere
1815 1026 2067 1076 oporteret:
2093 1017 2216 1076 quod

262 1097 360 1126 esse
387 1096 480 1125 non
507 1091 670 1140 potest,
693 1082 798 1141 quia
823 1082 914 1126 hoc
940 1082 1161 1158 Judicium
1189 1083 1244 1126 ad
1270 1083 1550 1141 superiorem
1576 1084 1781 1143 pertinet.
1802 1081 1924 1128 Nam
1950 1083 2046 1141 ejus
2072 1083 2218 1128 estin-

257 1148 491 1207 terpretari
521 1148 646 1206 leges
674 1158 718 1192 et
745 1147 1043 1207 dispensare
1031 1162 1079 1191 1n
1106 1148 1184 1202 eis,
1212 1150 1338 1207 quus
1372 1158 1439 1193 est
1471 1163 1547 1193 eas
1574 1150 1784 1194 condere.
1819 1148 1920 1194 Hoc
1946 1149 2084 1208 igitur
2106 1149 2218 1209 judi-

259 1215 382 1259 cium
415 1214 470 1258 de
495 1214 663 1272 regulis
690 1214 1018 1259 universalibus
1046 1214 1158 1259 datis
1192 1224 1372 1274 oportet
1399 1216 1520 1274 quod
1552 1215 1630 1259 fiat
1660 1230 1740 1273 per
1772 1218 2037 1275 supremum
2067 1216 2217 1275 provi-

258 1295 433 1326 sorem:
462 1281 583 1340 quod
618 1281 801 1340 quidem
829 1295 926 1326 esse
952 1295 1047 1325 non
1073 1292 1240 1340 posset,
1273 1282 1311 1326 si
1343 1296 1391 1326 se
1424 1282 1700 1327 ordinationi
1724 1283 1892 1327 horum
1918 1280 2217 1343 singularium

258 1348 520 1392 immediate
553 1362 647 1392 non
678 1348 972 1392 immisceret.
1003 1348 1199 1408 Oportet
1224 1349 1360 1407 igitur
1385 1349 1638 1393 secundum
1673 1350 1764 1393 hoc
1801 1348 1935 1408 qu'od‘
1958 1348 2016 1394 §it
2048 1348 2218 1394 horum

258 1415 550 1458 immediatus
570 1415 791 1473 provisor.
821 1414 870 1458 Si
896 1429 1005 1459 vero
1032 1416 1219 1459 secundi
1245 1425 1290 1459 et
1313 1415 1433 1459 tertii
1458 1416 1714 1474 provisores
1737 1430 1762 1460 a
1779 1429 1962 1460 summo
1983 1415 2217 1475 provisore

259 1480 551 1539 particulares
583 1480 762 1540 regulas
789 1491 834 1526 et
858 1480 983 1540 leges
1010 1482 1250 1541 accipiunt,
1283 1481 1522 1526 manifeste
1556 1493 1754 1542 apparet,
1787 1477 1909 1542 quod
1933 1481 2121 1526 horum
2133 1483 2219 1554 sin-

259 1547 485 1606 gularium
513 1548 738 1592 ordinatio
765 1547 814 1592 fit
835 1548 1100 1592 immediate
1126 1563 1207 1607 per
1227 1548 1428 1592 divinam
1453 1548 1801 1608 providentiam.
2096 1567 2097 1570 ¹
2166 1563 2169 1570 ·

347 1614 584 1673 Amplius:
613 1628 793 1673 semper
812 1614 1021 1674 provisor
1047 1615 1252 1674 superior
1272 1614 1409 1659 habet
1424 1615 1645 1674 judicium
1664 1616 1719 1660 de
1733 1614 1805 1660 his
1826 1615 1943 1675 quae
1965 1612 2019 1659 ab
2040 1613 2219 1660 inferio-

257 1681 379 1725 ribus
404 1681 712 1740 provisoribus
739 1681 1017 1734 ordinantur,
1043 1691 1194 1725 utrum
1222 1681 1311 1725 sint
1340 1681 1455 1725 bene
1482 1681 1703 1736 ordinata,
1728 1695 1888 1726 necne.
1918 1680 1968 1726 Si
1992 1681 2220 1739 igitur‘s‘e-

260 1748 395 1792 cundi
420 1748 679 1806 provisores
704 1747 777 1791 vel
801 1747 922 1792 tertii
948 1748 1037 1791 sint
1062 1747 1142 1791 sub
1170 1747 1272 1792 Deo
1299 1747 1448 1806 primo
1474 1748 1724 1806 provisore,
1743 1745 2072 1807 oportetsquod'
2090 1747 2223 1792 Deus

257 1814 476 1890 judicium
498 1814 663 1858 habeat
685 1814 739 1858 de
755 1814 826 1858 his
844 1828 959 1874 quae
983 1814 1036 1857 ab
1065 1814 1129 1858 eis
1156 1814 1444 1859 ordinantur:
1467 1814 1589 1872 quod
1615 1813 1801 1873 quidem
1827 1826 1925 1859 esse
1936 1827 2043 1859 non
2040 1819 2216 1873 potest,

259 1881 299 1925 si
322 1881 488 1925 horum
515 1879 814 1939 singularium
838 1881 1045 1925 ordinem
1070 1894 1165 1924 non
1188 1880 1455 1925 consideret.
1479 1881 1628 1925 Habet
1653 1895 1764 1940 ergo
1788 1881 1888 1941 ipse
1911 1894 1995 1941 per
2004 1879 2218 1939 seipsum

260 1961 417 1991 curam
439 1947 495 1991 de
521 1947 591 1991 his
617 1946 930 2005 singularibus.

347 2013 536 2057 Adhuc:
570 2013 608 2057 si
639 2013 765 2057 Deus
797 2027 877 2072 per
909 2014 1109 2072 seipsum
1141 2013 1405 2058 immediate
1437 2012 1652 2058 inferiora
1678 2013 1925 2073 singularia
1949 2024 2044 2058 non
2076 2022 2217 2068 curat,

258 2081 349 2124 hoc
366 2095 461 2124 non
479 2089 546 2124 est
561 2079 648 2124 nisi
663 2079 738 2123 vel
754 2080 859 2139 quia
886 2094 938 2123 ea
957 2081 1159 2140 despicit,
1185 2080 1260 2125 vel
1276 2095 1333 2125 ne
1351 2082 1446 2139 eJus
1464 2081 1657 2139 dignitas
1673 2080 1946 2140 inquinetur,
1966 2079 2017 2125 ut
2033 2078 2218 2139 quidam

259 2148 416 2191 dicunt
441 2147 622 2206 (Averr.
651 2146 831 2191 decimo
859 2148 1061 2192 secundo
1088 2148 1343 2207 Metaphys.
1370 2158 1400 2192 t.
1437 2163 1474 2193 c.
1506 2161 1572 2207 37.
1596 2158 1640 2191 et
1670 2147 1773 2205 51.).
1800 2147 1903 2192 Hoc
1931 2156 2084 2192 autem
2107 2146 2218 2209 irra-
2296 2195 2301 2203 ¹7

259 2213 476 2259 tionabile
505 2222 594 2267 est3
620 2227 730 2257 nam
763 2213 942 2272 dignius
975 2223 1042 2258 est
1071 2215 1260 2272 provide
1294 2214 1551 2273 aliquorum
1584 2213 1918 2258 ordinationem
1944 2211 2218 2273 excogitare,
2283 2240 2286 2243 -

260 2295 400 2341 quam
423 2281 471 2324 in
497 2281 561 2325 eis
588 2281 780 2338 operari.
810 2280 860 2324 Si
884 2282 1020 2340 igitur
1044 2281 1170 2326 Deus
1196 2282 1240 2325 in
1270 2281 1481 2326 omnibus
1504 2291 1730 2340 operatur,
1748 2280 1864 2331 sicut
1880 2293 2015 2340 supra
2038 2275 2101 2345 (c.
2122 2277 2218 2338 67.)
2229 2285 2242 2303 ‘²'
2284 2269 2299 2317 ’ζ

260 2358 494 2392 ostensum
521 2356 601 2401 est,
620 2361 704 2391 nec
721 2348 768 2391 in
785 2347 876 2391 hoc
896 2347 1063 2406 aliquid
1083 2349 1177 2406 ejus
1209 2348 1417 2405 dignitati
1443 2347 1700 2406 derogatur,
1726 2346 1839 2407 quin
1852 2346 2006 2392 immo
2023 2346 2242 2407 pertinet‘
2273 2365 2288 2401 ,ι

261 2415 317 2458 ad
345 2415 440 2472 ejus
467 2413 772 2458 universalem
799 2424 842 2458 et
868 2428 1099 2458 summam
1124 2414 1352 2469 virtutem,
1379 2413 1508 2458 nullo
1535 2413 1676 2458 modo
1704 2412 2053 2472 despiciendum
2067 2421 2134 2458 est
2160 2426 2217 2469 ei,
2239 2433 2242 2435 “
2293 2455 2300 2462 ,,

260 2479 334 2525 vel
357 2481 452 2538 ejus
478 2480 745 2538 dignitatem
779 2480 1102 2535 commaculat,
1135 2481 1174 2525 si
1206 2481 1326 2525 circa
1365 2480 1480 2525 haec
1514 2480 1760 2540 singularia
1784 2479 2048 2525 immediate
2072 2478 2220 2547 provi·-
2223 2489 2242 2500 ·’
2278 2484 2325 2511 ³

262 2547 462 2591 dentiam
488 2545 667 2591 habeat.

350 2613 490 2658 Item·
518 2613 668 2657 omnis
691 2613 871 2672 sapiens
893 2614 971 2672 qui
992 2613 1179 2673 provide
1206 2628 1287 2658 sua
1312 2613 1476 2659 virtute
1502 2615 1652 2668 utitur,
1677 2614 1725 2658 in
1752 2614 1930 2674 agendo
1954 2602 2243 2677 moderatur{
2323 2595 2326 2597 Δ

262 2693 369 2724 suae
396 2679 572 2723 virtutis
610 2693 758 2734 usum,
797 2680 1012 2724 ordinans
1048 2680 1103 2723 ad
1130 2680 1237 2739 quid
1264 2690 1307 2724 et
1333 2691 1551 2740 quantum
1578 2682 1837 2740 proveniat3
1865 2679 1975 2736 alias
2003 2678 2145 2726 virtus
2170 2676 2243 2724 ἱκίΣ
2273 2701 2280 2717 2.

264 2746 441 2805 agendo
478 2745 746 2805 sapientiam
778 2761 873 2791 non
906 2756 1182 2806 sequeretur.
1218 2746 1413 2792 Constat
1440 2757 1593 2792 autem
1620 2762 1672 2792 ex
1704 2746 1978 2807 praemissis,
2003 2741 2243 2806 quud''di·³
2274 2744 2289 2769 ’·
2327 2755 2329 2759 ’

261 2813 367 2856 vina
401 2812 541 2856 virtus
576 2812 624 2856 in
662 2813 897 2871 operando
924 2828 1065 2877 usque
1099 2814 1154 2857 ad
1186 2813 1343 2858 infima
1368 2827 1521 2858 rerum
1553 2814 1782 2892 pervenit;
1813 2813 1950 2873 igitur
1975 2812 2127 2858 divina
2147 2807 2244 2857 'sa-³²
2274 2811 2283 2838 ³
2327 2822 2329 2825 '

262 2880 431 2939 pientia
458 2890 525 2924 est
551 2880 819 2935 ordinativa,
845 2881 935 2941 qui,
964 2891 1007 2925 et
1033 2891 1157 2940 quot,
1186 2890 1229 2925 et
1255 2880 1447 2940 qualiter
1473 2895 1528 2926 ex
1559 2882 1654 2939 ejus
1685 2881 1848 2927 virtute
1873 2879 2218 2941 progrediantur
2230 2883 2245 2901 ³
2273 2887 2288 2942 ζ
2311 2906 2315 2907 ⁷

264 2946 465 3014 effectus,
499 2947 635 2991 etiam
667 2948 714 2991 in
743 2947 910 2992 infimis
943 2947 1088 2992 rebus.
1122 2947 1202 2992 Est
1230 2947 1366 3006 igitur
1396 2949 1491 3007 ipse
1522 2947 1785 2993 immediate
1820 2960 1901 3029 sua
1936 2945 2218 3021 providentia
2273 2960 2285 3002 j

264 3015 472 3058 omnium
504 3028 657 3058 rerum
684 3014 891 3059 ordinem
919 3013 2284 3074 excogitans.

353 3081 471 3123 Hinc
494 3090 563 3124 est
579 3081 701 3140 quod
719 3081 881 3125 dicitur
896 3081 1054 3139 (Rom.
1076 3081 1198 3125 XIII.
1221 3094 1237 3124 1
1247 3082 1303 3138 .:)
1324 3082 1443 3138 Quae
1460 3088 1598 3126 autem
1612 3087 1720 3136 sunt,
1739 3095 1766 3126 a
1781 3081 1872 3127 Deo
1889 3079 2084 3126 ordinata
2096 3086 2231 3134 sunu
2321 3092 2332 3141 ,1,

265 3155 309 3191 et
335 3146 508 3258 (EIUdiffl
532 3146 614 3259 IlX:
652 3149 739 3205 4.:)
782 3148 845 3192 Tu
861 3148 1003 3207 fecisti
1020 3149 1190 3208 priora,
1217 3154 1254 3193 et
1278 3148 1351 3193 illa
1368 3154 1464 3208 post
1488 3148 1564 3193 illa
1590 3149 1796 3207 cogitasti,
1821 3154 1861 3195 et
1883 3139 2142 3209 hocfactum
2160 3150 2261 3193 est
2329 3138 2332 3186 Ξ

263 3228 343 3271 quo
392 3215 474 3273 ipse
497 3229 551 3259 vo
570 3216 678 3260 aisti.
2329 3232 2332 3244 ¹
