2332 3854
802 250 957 290 1.me
996 250 1072 291 m.
1114 250 1236 291 cu.
1275 250 1387 291 κει.
1958 252 2069 308 423

116 365 270 407 verso,
296 352 375 398 sed
399 351 594 412 simplici
617 352 780 397 intuitu
805 365 967 412 puram
991 353 1230 399 veritatem
1251 353 1308 399 de
1329 354 1464 399 rebus
1482 352 1726 397 intuentur.
1749 353 1829 398 Est
1849 355 1989 399 etiam
2006 355 2071 399 in-

115 418 396 473 defectibilis,
422 432 530 463 cum
548 418 669 477 ipsas
694 432 847 463 rerum
870 429 1070 473 naturas,
1095 434 1176 464 seu
1202 420 1471 479 quidditates
1493 419 1751 464 intueantur
1776 435 1856 479 per
1881 422 2075 479 seipsas,

116 484 237 529 circa
261 499 372 544 quas
403 498 497 529 non
523 494 673 543 potest
703 485 958 529 intellectus
991 500 1155 539 errare,
1180 487 1297 531 sicut
1321 500 1405 530 nec
1432 499 1590 531 sensus
1617 485 1737 530 circa
1768 489 1951 544 propria
1973 500 2070 530 sen-

115 550 274 594 sibilia.
301 552 398 596 Nos
425 561 578 596 autem
603 551 872 610 quidditates
896 565 1047 595 rerum
1070 567 1123 596 ex
1151 553 1474 606 accidentibus,
1502 561 1544 596 et
1571 551 1809 597 effectibus·
1831 554 2072 611 cognosci·-

115 630 231 661 mus.
260 617 462 676 Oportet
483 631 594 676 ergo
621 617 743 677 quod
768 626 924 662 nostra
950 617 1268 662 intellectualis
1295 619 1498 678 cognitio
1525 617 1755 677 reguletur
1779 632 1860 678 per
1886 618 2070 677 angelo-

114 696 214 727 rum
241 684 569 742 cognitionem.

201 749 398 795 Rursus-2
423 750 480 794 de
506 749 772 808 corporibus
797 748 1024 803 humanis,
1051 760 1097 794 et
1120 751 1415 795 exterioribus
1442 750 1602 809 quibus
1628 750 1843 796 homines
1867 761 2068 805 utuntur,

111 813 404 860 manifestum
430 825 499 860 est
522 816 644 874 quod
676 816 723 859 in
749 816 814 860 eis
840 814 1152 874 multiplicitas
1196 817 1552 871 commixtionis,
1581 827 1624 861 et
1650 817 2000 872 contrarietatis,
2024 827 2070 862 et

111 881 233 940 quod
257 896 352 926 non
377 896 558 940 semper
583 882 749 928 eodem
774 883 916 927 modo
949 892 1207 936 moventur,
1232 884 1339 941 quia
1364 893 1516 928 motus
1544 897 1705 927 eorum
1741 898 1836 928 non
1876 893 2070 943 possunt

111 961 211 993 esse
236 949 456 1003 continui,
482 959 527 993 et
550 949 674 1007 quod
700 948 974 994 defectibilia
1010 959 1117 993 sunt
1155 963 1236 1008 per
1278 949 1594 994 alterationem
1634 961 1678 994 et
1709 952 2067 1009 corruptionem.

51 1035 56 1042 ·
109 1013 318 1074 Corpora
344 1026 497 1060 autem
529 1015 747 1060 coelestia
771 1025 876 1060 sunt
906 1014 1167 1070 uniformia,
1198 1025 1354 1073 utpote
1391 1015 1629 1074 simplicia,
1657 1026 1700 1060 et
1729 1017 1896 1075 absque
1934 1017 2065 1061 omni

111 1082 433 1127 contrarietate
455 1082 727 1126 exsistentia.
753 1081 913 1126 Motusx
945 1082 1084 1127 etiam
1120 1095 1281 1126 eorum
1319 1092 1423 1126 sunt
1462 1081 1728 1136 uniformes,
1771 1083 1990 1137 continui,
2021 1093 2067 1128 et

111 1159 292 1207 semper
323 1148 488 1192 eodem
518 1147 662 1192 modo
687 1161 736 1193 se
761 1148 995 1201 habentes,
1021 1162 1106 1192 nec
1133 1149 1178 1191 in
1205 1148 1270 1192 eis
1292 1158 1441 1206 potest
1467 1162 1565 1192 esse
1594 1149 1824 1207 corruptio
1851 1160 1927 1193 aut
1959 1149 2065 1194 alte-

109 1213 240 1258 ratio.
263 1213 398 1259 Unde
427 1214 735 1258 necessarium
762 1224 829 1259 est
866 1214 989 1272 quod
1016 1228 1210 1273 corpora
1235 1225 1406 1268 nostra,
1433 1225 1477 1258 et
1499 1214 1588 1258 alia
1613 1229 1729 1273 quae
1756 1216 1800 1259 in
1829 1230 1964 1260 usum
1987 1228 2069 1274 no-

108 1291 254 1325 strum
277 1281 490 1335 veniunt,
505 1295 586 1339 per
610 1291 791 1325 motum
818 1280 1088 1326 coelestium
1115 1294 1361 1341 corporum
1385 1280 1659 1340 regulentur.

851 1479 1106 1535 CAPUT
1139 1480 1319 1536 XCII.

372 1622 660 1667 QUOMODO
700 1622 933 1662 DICITUR
971 1622 1194 1668 ALIQUIS
1234 1623 1374 1661 BENE
1413 1622 1801 1671 FORTUNATUS‚

227 1695 300 1735 ET
341 1696 628 1743 QUOMODO
668 1696 990 1751 ADJUVATUR
1030 1697 1193 1735 HOMO
1235 1696 1269 1734 A
1303 1697 1684 1735 SUPERIORIBUS
1726 1696 1934 1735 CAUSIS.

193 1812 261 1856 Ex
285 1812 360 1857 his
383 1823 536 1858 autem
562 1827 778 1873 apparere
795 1823 946 1873 potest
961 1813 1197 1872 quomodo
1220 1813 1380 1871 aliquis
1399 1814 1542 1872 possit
1558 1813 1648 1856 dici
1663 1813 1778 1857 bene
1795 1812 2065 1858 fortunatus.

103 1878 283 1923 Dicitur
307 1879 433 1924 enim
458 1879 594 1924 alicui
624 1880 803 1925 homini
838 1880 952 1924 bene
994 1879 1249 1924 secundum
1286 1878 1517 1924 fortunam
1560 1880 1839 1938 contingere,
1881 1881 2065 1938 quando

103 1944 289 2004 aliquod
313 1945 487 1990 bonum
520 1946 685 1991 accidit
714 1947 797 1991 sibi
823 1957 999 2006 praeter
1024 1946 1339 2000 intentionem,
1383 1946 1500 1990 sicut
1532 1961 1638 1991 cum
1682 1945 1844 2005 aliquis
1885 1946 2063 1992 fodiens

101 2011 152 2056 in
177 2025 287 2070 agro
319 2012 492 2057 invenit
514 2013 793 2066 thesaurum,
826 2026 962 2071 quem
995 2027 1090 2057 non
1116 2012 1373 2071 quaerebat.
1403 2013 1644 2070 Contingit
1676 2023 1828 2056 autem
1863 2013 2063 2072 aliquem

104 2088 369 2138 operantem
395 2089 575 2138 praeter
599 2079 900 2124 intentionem
928 2080 1116 2138 operari·
1132 2079 1393 2138 propriam;
1419 2093 1513 2122 non
1539 2089 1693 2123 tamen
1721 2088 1899 2136 praeter
1922 2080 2065 2124 inten—

101 2146 277 2190 tionem
304 2145 494 2204 alicujus
519 2146 780 2205 superioris,
807 2145 882 2190 cui
905 2146 1002 2203 ipse
1028 2145 1193 2197 subest,
1236 2146 1352 2190 sicut
1383 2147 1419 2189 si
1447 2145 1660 2189 dominus
1690 2145 1852 2204 aliquis
1892 2149 2061 2204 praeci-

101 2212 196 2272 piat
221 2211 359 2256 alicui
381 2226 516 2257 servo
541 2213 663 2272 quod
690 2214 827 2257 vadat
853 2212 909 2256 ad
935 2212 1136 2270 aliquem
1162 2211 1318 2256 Iocum
1345 2226 1436 2270 quo
1463 2212 1558 2269 ipse
1587 2211 1728 2255 alium
1765 2226 1948 2256 servum
1983 2213 2064 2256 mi-

16 2312 19 2323 «,
102 2289 224 2325 sant
250 2276 333 2323 illo
359 2278 621 2338 ignorante:
654 2279 858 2323 inventio
891 2279 1101 2323 conservi
1132 2288 1200 2322 est
1230 2287 1407 2337 praeter
1438 2278 1740 2322 intentionem
1771 2279 1890 2322 servi
1921 2279 2064 2334 missi,

16 2375 23 2391 2
99 2355 376 2391 nonautem
399 2356 578 2404 praeter
615 2346 918 2390 intentionem
950 2345 1127 2390 domini
1157 2345 1399 2399 mittentis3
1434 2355 1478 2389 et
1507 2345 1612 2389 ideo
1639 2344 1747 2389 licet
1772 2359 1852 2404 per
1878 2359 2060 2405 compa-

98 2413 327 2458 rationem
353 2413 410 2457 ad
433 2427 617 2458 servum
642 2414 698 2458 sit
722 2413 960 2458 fortuitum
987 2421 1030 2457 et
1052 2411 1249 2466 casuale,
1271 2426 1365 2457 non
1390 2422 1543 2456 autem
1566 2426 1646 2471 per
1668 2413 2062 2471 comparationem

102 2479 163 2524 ad
184 2479 440 2534 dominum,
466 2480 545 2524 sed
571 2490 641 2525 est
672 2479 841 2539 aliquid
868 2479 1142 2524 ordinatum.
1175 2478 1297 2523 Cum
1323 2479 1460 2537 igitur
1484 2479 1630 2522 homo
1664 2479 1720 2522 sit
1742 2479 1975 2524 ordinatus
1998 2494 2064 2524 se-

102 2547 302 2591 cundum
337 2560 501 2605 corpus
533 2547 617 2591 sub
643 2547 910 2605 corporibus
943 2545 1229 2599 coelestibus,
1262 2545 1514 2590 secundum
1539 2545 1823 2589 intellectum
1846 2560 1956 2590 vero
1979 2547 2059 2591 sub

11 2645 15 2671 1
100 2612 291 2672 angelis,
330 2613 584 2657 secundum
613 2613 898 2658 voluntatem
932 2623 1086 2657 autem
1119 2612 1200 2656 sub
1243 2612 1360 2665 Deo,
1393 2622 1543 2670 potest
1581 2612 1848 2671 contingere
1892 2613 2061 2672 aliquid

22 2726 26 2728 ,
98 2689 278 2739 praeter
296 2679 602 2724 intentionem
627 2680 844 2734 hominis,
870 2680 992 2738 quod
1015 2689 1170 2724 tamen
1193 2687 1261 2723 est
1285 2679 1537 2722 secundum
1560 2678 1767 2722 ordinem
1791 2678 2061 2723 coelestium

99 2759 361 2805 corporum,
396 2746 471 2790 vel
505 2746 854 2805 dispositionem
887 2744 1172 2804 angelorum,
1214 2744 1288 2788 vel
1329 2745 1467 2788 etiam
1499 2745 1600 2788 Dei.
1637 2745 1863 2796 Quamvis
1907 2755 2060 2790 autem

98 2812 225 2856 Deus
249 2812 376 2856 solus
408 2813 575 2856 directe
602 2813 656 2856 ad
690 2812 963 2856 electionem
986 2811 1188 2855 hominis
1208 2821 1434 2868 operetur,
1460 2821 1615 2854 tamen
1638 2810 1760 2855 actio
1785 2812 1935 2870 angeli
1957 2826 2063 2871 ope-

7 2871 21 2908 77
98 2888 222 2923 ratur
253 2878 421 2938 aliquid
454 2878 510 2922 ad
535 2878 809 2923 electionem
841 2879 1042 2922 hominis
1079 2892 1158 2936 per
1193 2879 1384 2921 modum
1427 2878 1754 2935 persuasionis:
1789 2878 1909 2922 actio
1950 2892 2059 2922 vero

23 2965 24 2968 ¹
99 2945 305 3004 corporis
335 2944 651 3004 coelestisper
677 2946 869 2989 modum
900 2945 1194 3003 disponentis,
1230 2944 1276 2987 in
1309 2953 1530 3002 quantum
1570 2944 1832 3003 corporales
1873 2946 2058 3003 impres·

19 3005 26 3043 3
98 3012 251 3056 siones
268 3011 538 3056 coelestium
555 3025 802 3070 corporum
819 3012 865 3055 in
883 3025 1078 3070 corpora
1094 3020 1248 3055 nostra
1266 3011 1515 3070 disponunt·
1530 3012 1584 3054 ad
1605 3010 1777 3070 aliquas
1795 3010 2059 3057 electiones.

35 3120 37 3123 ,
101 3077 304 3130 Quando
329 3078 467 3136 igitur
493 3078 655 3137 aliquis
681 3093 736 3122 ex
766 3078 1066 3137 impressione
1099 3077 1367 3122 coelestium
1402 3091 1664 3135 corporum,
1691 3087 1734 3122 et
1769 3078 2057 3137 superiorum

22 3150 31 3185 ζ
98 3158 340 3189 causarum
381 3145 635 3189 secundum
673 3145 954 3204 praedictum
996 3145 1189 3188 modum
1229 3143 1472 3188 inclinatur
1505 3145 1560 3188 ad
1593 3144 1766 3203 aliquas
1808 3144 2057 3195 electiones

98 3210 182 3255 sibi
208 3210 358 3265 utiles,
386 3225 579 3270 quarum
603 3220 757 3255 tamen
784 3210 1024 3255 utilitatem
1056 3210 1238 3269 propria
1264 3209 1440 3254 ratione
1465 3224 1560 3254 non
1601 3212 1853 3268 cognoscit,
1882 3221 1925 3255 et
1951 3226 2058 3256 cum

97 3276 189 3322 hoc
215 3291 270 3321 ex
296 3276 470 3321 lumine
494 3276 872 3321 intellectualium
898 3277 1250 3322 substantiarum
1277 3277 1559 3321 illuminatur
1590 3276 1847 3322 intellectus
1879 3278 1975 3335 ejus
2000 3278 2057 3322 ad

15 3355 26 3381 ὲ
98 3342 261 3387 eadem
293 3343 484 3401 agenda,
516 3357 570 3387 ex
595 3343 748 3387 divina
773 3344 1039 3402 operatione
1077 3343 1323 3388 inclinante
1360 3344 1601 3387 inclinatur
1625 3343 1838 3388 voluntas
1869 3344 1965 3402 ejus
1998 3344 2054 3389 ad

99 3408 270 3469 aliquid
297 3410 561 3469 eligendum
588 3410 671 3455 sibi
698 3409 821 3464 utile,
849 3413 976 3470 cujus
1002 3411 1227 3455 rationem
1258 3411 1453 3469 ignorat,
1496 3410 1660 3454 dicitur
1692 3423 1788 3454 esse
1820 3410 1935 3455 bene
1966 3410 2060 3455 for-

19 3471 36 3515 f
97 3485 305 3531 tunatus;
332 3487 379 3521 et
407 3491 431 3521 e
459 3477 687 3521 contrario
720 3476 842 3521 male
875 3476 1146 3531 fortunatus,
1188 3476 1369 3535 quando
1397 3491 1450 3520 ex
1476 3476 1783 3535 superioribus
1825 3477 1972 3522 causis
1998 3477 2059 3522 ad

13 3552 37 3589 ζ»
99 3543 324 3588 contraria
357 3545 455 3603 ejus
481 3543 645 3588 electio
670 3542 928 3598 inclinatur,
953 3544 1070 3588 sicut
1095 3543 1151 3588 de
1183 3543 1386 3602 quodam
1413 3543 1575 3587 dicitur
1595 3543 1739 3600 (Hier.
1766 3542 1911 3588 XXII.
1938 3545 2054 3603 30.):

13 3608 39 3666 „3ss
99 3609 241 3656 Scribe
270 3611 417 3656 virum
447 3612 571 3656 istum
593 3610 789 3665 sterilem,
818 3612 964 3656 virum
995 3611 1068 3669 qui
1098 3611 1143 3655 in
1173 3610 1313 3656 diebus
1342 3611 1425 3656 suis
1449 3624 1531 3655 non
1548 3611 1877 3669 prosperabitur.
