2294 3854
794 203 949 243 Lnsssn
988 203 1061 242 tv.
1101 203 1222 244 cap,
1265 204 1410 256 mx.
1928 212 1932 217 -
1975 193 2077 261 671

71 299 87 322 ³
128 302 301 367 mh&
332 313 486 352 autem
517 303 728 355 dicuntur
760 316 947 365 azyma3
980 318 1091 365 ergo
1124 305 1405 352 concludunt
1434 304 1558 365 quod
1584 319 1731 351 coena
1752 306 1836 353 fuit
1860 307 2088 353 celebrata

131 379 236 435 ἓ*
264 383 442 430 azyma·

52 458 71 464 >·
144 460 167 488 :52
178 460 199 486 (11
210 436 292 486 ,Ad
316 436 410 485 hoc
437 446 589 482 autem
611 436 910 496 respondetur
930 438 1071 497 quod,
1092 440 1209 484 sicut
1229 440 1459 484 Dominus
1480 439 1668 485 mandat
1688 439 1853 496 (Exod.
1879 440 2001 497 XII.)
2028 440 2090 486 fe·

50 507 87 558 --ᾓ
127 513 263 554 Μ,
291 516 562 563 azymorum
592 512 768 562 septem
805 503 962 548 diebus
999 504 1323 560 celebrabatur,
1363 506 1481 556 inter
1521 519 1633 565 quas
1674 506 1774 551 dies
1811 506 1958 565 prima
1991 516 2089 552 erat

129 578 294 628 natta.
317 574 451 628 atqu'e
482 567 706 614 solemnis
736 570 979 628 praecipue
1010 571 1127 615 inter
1165 571 1290 626 alias,
1331 572 1456 631 quod
1488 582 1585 616 erat
1616 572 1772 630 quinta
1803 572 1983 617 decima
2014 573 2088 618 die

131 635 325 690 unnim
356 635 435 681 sed
466 635 573 694 quia
605 635 721 694 apud
749 635 946 692 Judaeos
979 636 1293 682 solemnitates
1326 652 1352 682 a
1383 638 1672 697 praecedenti
1698 652 1884 698 vespere
1903 639 2091 699 incipie-

129 703 261 759 bant,
283 702 403 750 'ideo'
421 711 579 761 quarta
611 701 791 749 decima
824 701 897 746 die
930 703 986 746 ad
1017 717 1255 761 vesperam
1286 705 1561 764 incipiebant
1583 705 1827 750 comedere
1856 719 2019 765 azyma
2044 715 2088 752 et

65 776 75 810 s.
130 769 432 817 comedebant
446 782 525 829 per
544 778 719 827 septem
741 768 1066 827 subsequentes
1088 770 1209 823 dies;
1234 780 1278 814 et
1299 771 1402 814 ideo
1426 772 1587 815 dicitur
1608 772 1654 816 in
1676 770 1842 817 eodem
1868 772 1991 831 (ΧΠ.
2019 772 2086 818 18.

130 846 184 885 etc
209 835 321 895 19.):
353 837 501 881 Primo
523 850 671 890 mense,
708 841 862 893 quarta
892 835 1052 880 decima
1077 836 1139 880 die
1165 839 1312 881 mensis
1337 838 1390 881 ad
1425 846 1657 897 vesperam,
1694 838 1906 884 comedetis
1935 853 2087 898 azyma

36 907 62 958 ζ’
130 917 254 964 usqu}
283 902 339 948 ad
368 902 476 948 diem
501 904 745 961 vigesimam
760 903 950 961 primam
975 902 1152 961 ejusdem
1173 905 1318 948 mensis
1339 904 1394 948 ad
1414 913 1643 964 vesperam.
1665 905 1823 963 Septem
1845 904 1984 950 diebus
2006 906 2088 961 fer·

55 983 62 1018 i
81 1009 88 1017 .
129 978 315 1017 mmm
352 984 437 1014 non
470 970 707 1015 invenietur
738 970 783 1012 in
819 968 1008 1012 domibus
1046 971 1193 1013 vestris
1205 985 1220 1020 ;
1255 980 1299 1014 et
1330 970 1487 1014 eadem
1522 980 1682 1029 quarta
1713 970 1894 1015 decima
1923 971 1996 1017 die
2029 972 2085 1016 ad

39 1052 78 1098 „jz
129 1050 341 1098 vesperas
370 1035 694 1083 immolabatur
724 1049 868 1092 agnus
900 1035 1142 1094 paschalis.
1175 1036 1327 1079 Prima
1360 1050 1471 1094 ergo
1505 1038 1576 1081 die
1609 1051 1875 1096 azymorum
1897 1051 1925 1081 a
1945 1037 2085 1085 tribus

35 1100 69 1160 .
128 1102 709 1163 vagnlistis,Matthae0,
732 1102 908 1155 Marco,
930 1101 1071 1155 Luca,
1098 1102 1261 1146 dicitur
1284 1113 1441 1160 quarta
1459 1103 1637 1148 decima
1654 1103 1750 1149 dies
1770 1104 1956 1157 mensis,
1971 1104 2085 1164 ,quia

128 1166 448 1229 'flvrvespewn
474 1168 778 1216 comedebant
803 1182 981 1227 azyma,
1013 1178 1058 1212 et
1082 1178 1191 1212 tunc
1215 1169 1541 1213 immolabatur
1566 1170 1751 1228 pascha,
1777 1170 1823 1214 id
1849 1180 1917 1215 est
1941 1184 2086 1229 agnus

128 1235 388 1301 pacha-liat
386 1245 446 1282 et
469 1235 560 1281 hoc
586 1245 696 1288 erat,
721 1234 973 1280 secundum
993 1235 1235 1312 Jpannem,
1259 1245 1362 1280 ante
1388 1236 1511 1280 diem
1532 1236 1696 1281 festum
1720 1237 1931 1295 paschae,
1954 1237 2000 1282 id
2020 1247 2087 1283 est

129 1303 472 1363 &quintam
487 1302 717 1351 decimam
743 1301 867 1352 diem
887 1301 1072 1355 mensis,
1089 1315 1204 1360 quae
1221 1312 1319 1346 erat
1334 1301 1585 1347 solemnior
1607 1302 1722 1347 inter
1740 1317 1917 1357 ornnes,
1933 1303 1980 1348 in
1997 1317 2087 1363 qua

122 1366 293 1430 banci
302 1369 525 1416 sotebant
548 1369 791 1417 comedere
817 1368 1000 1427 pascha,
1022 1367 1068 1412 id
1094 1378 1163 1413 est
1183 1382 1324 1426 panes
1342 1383 1528 1428 azymos
1549 1360 1801 1428 paschales,
1817 1383 1912 1415 non
1934 1379 2085 1415 autem

127 1441 300 1497 *m
330 1435 608 1496 paschalem
631 1435 694 1482 Et
711 1435 795 1490 sie,
818 1433 946 1483 uuna
970 1434 1198 1485 discordia
1228 1435 1344 1480 inter
1362 1434 1676 1494 Evangelistas
1708 1436 1966 1490 exsistente,
1997 1435 2088 1495 pla·

10 1519 15 1527 ‘
127 1511 335 1550 numium
357 1502 726 1562 quodebemus
754 1516 808 1550 ex
838 1514 1006 1561 azymo
1035 1515 1157 1560 pane
1186 1516 1359 1560 corpus,
1378 1517 1511 1547 suum
1543 1503 1828 1548 consecravit
1857 1502 1904 1547 in
1926 1516 2085 1555 coena,

127 1569 263 1617 Unde
278 1568 570 1615 manifestum
587 1568 636 1614 fit
651 1567 775 1628 quod
794 1567 1065 1612 Latinorum
1079 1567 1284 1612 Ecclesia
1300 1568 1628 1613 rationabiliter
1645 1582 1760 1628 pane
1775 1582 1937 1628 azymo
1950 1568 2087 1614 utitur

56 1668 57 1671 =
128 1636 293 1683 ino-hoc
315 1644 620 1686 sacramento.

878 1778 1133 1835 CAPUT
1174 1779 1348 1834 LXX.

395 1944 399 1948 ,
492 1910 579 1949 DE
627 1908 1102 1954 SACRAMENTO
1158 1908 1710 1948 POENITENTIAE

157 1991 163 2013 ὲ
217 1983 289 2023 BT
320 1983 488 2045 Pullo
529 1981 684 2030 QUOD
725 1982 865 2021 POST
907 1981 1154 2021 GRATIAM
1194 1982 1668 2021 SACRAMENTALEM
1707 1981 2002 2021 ACCEPTAM

671 2056 915 2096 HOMINES
964 2056 1209 2095 PECCARE
1261 2054 1527 2095 POSSUNT.

51 2208 55 2211 ,
218 2164 445 2219 Quamvis
471 2174 624 2210 autem
657 2179 737 2223 per
769 2165 999 2223 praedict-a
1028 2148 1319 2217 sacramenta
1347 2166 1610 2210 hominibus
1643 2165 1788 2223 gratia
1813 2163 2084 2218 conferatur,

48 2260 49 2263 =
126 2246 224 2280 non
248 2241 403 2276 tamen
428 2245 509 2291 per
535 2241 770 2290 acceptam
799 2232 992 2290 gratiam
1014 2231 1336 2292 impeccabiles
1367 2232 1494 2276 fiunt.

43 2304 62 2321 ‘⁴
131 2298 575 2348 .s:.z·Gratuita,enim
601 2298 723 2344 dona
754 2299 1033 2357 recipiuntur
1051 2299 1099 2343 in
1130 2299 1283 2343 anima
1314 2299 1432 2343 sicut
1455 2297 1710 2342 habituales
1742 2297 2086 2355 dispositiones;

39 2369 57 2398 '³
126 2365 375 2415 musenim
398 2365 545 2415 homo
571 2365 830 2415 *secundum
863 2380 919 2410 ea
949 2380 1128 2425 semper
1161 2367 1267 2425 agit.
1299 2365 1427 2411 Nihil
1459 2375 1612 2410 autem
1637 2365 1848 2423 prohibet
1872 2378 1978 2408 eum
2004 2365 2079 2422 qui

129 2433 339 2483 habitam
376 2431 515 2479 habet
546 2445 680 2490 agere
721 2431 975 2481 secundum
1004 2432 1212 2483 habitum
1248 2432 1323 2477 vel
1357 2443 1516 2476 contra
1546 2446 1674 2485 eum3
1711 2431 1828 2475 sicut
1859 2444 2085 2488 gramma-

128 2499 245 2543 ticus
281 2507 432 2558 potest
467 2498 720 2542 secundum
754 2499 1106 2557 grammaticam
1144 2510 1264 2544 recte
1291 2499 1431 2558 loqui,
1462 2499 1535 2543 vel
1572 2501 1708 2542 etiam
1747 2507 1903 2542 contra
1942 2511 2087 2556 gram-

129 2565 349 2614 maticam
374 2563 503 2623 loqui
525 2564 801 2624 incongrue:
829 2565 962 2615 etita
987 2576 1054 2610 est
1086 2567 1223 2610 etiam
1247 2566 1301 2610 de
1319 2566 1542 2610 habitibus
1569 2565 1785 2608 virtutum
1811 2563 2081 2616 moralium3

127 2641 283 2692 potest
301 2630 424 2677 enim
450 2631 528 2690 qui
560 2631 764 2690 justitiae
790 2632 997 2678 habitum
1023 2633 1161 2677 habet
1192 2634 1308 2690 justa
1335 2646 1483 2690 agere,
1511 2642 1555 2676 et
1580 2641 1729 2689 potest
1760 2631 1897 2675 etiam
1924 2640 2082 2675 contra

38 2700 75 2741 Γ,
126 2697 347 2758 justitiam
373 2711 533 2756 agere3
558 2698 682 2757 quod
707 2698 812 2746 ideo
834 2709 903 2744 est
927 2700 1034 2758 quia
1060 2714 1166 2744 usus
1183 2699 1420 2742 habituum
1437 2699 1484 2741 in
1501 2698 1632 2742 nobis
1659 2712 1711 2741 ex
1733 2697 1968 2741 voluntate
1994 2707 2082 2752 est;

127 2764 341 2813 voluntas
377 2773 531 2813 autem
567 2764 627 2808 ad
656 2774 899 2824 utrumque
941 2767 1258 2825 oppositorum
1284 2779 1331 2809 se
1358 2765 1508 2808 habet.
1534 2763 1825 2808 Manifestum
1851 2773 1919 2807 est
1947 2762 2084 2822 igitur

41 2836 62 2885 ἐχ
128 2832 249 2892 quod
276 2830 525 2890 suscipiens
551 2830 746 2890 gratuita
768 2832 888 2877 dona
910 2847 1101 2892 peccare
1128 2842 1277 2892 potest
1302 2842 1460 2876 contra
1487 2832 1678 2890 gratiam
1706 2830 1899 2887 agendo.

40 2904 43 2905 ⁷
79 2917 82 2919 “
162 2897 787 2957 22Adhuc:‹impeccabi1itas
813 2899 858 2942 in
885 2899 1074 2943 homine
1092 2913 1189 2943 esse
1206 2913 1300 2942 non
1327 2907 1474 2956 potest
1495 2898 1591 2941 sine
1617 2895 1984 2941 immutabilitate
2005 2910 2083 2940 vo·

124 2963 326 3013 humb·
350 2963 701 3013 Immutabilitas
732 2975 885 3009 autem
912 2965 1157 3010 voluntatis
1183 2979 1276 3009 non
1303 2973 1451 3022 potest
1482 2963 1660 3008 homini
1694 2971 1967 3022 competere,
1993 2963 2081 3007 nisi

126 3030 378 3081 sec-amdam
405 3031 527 3089 quod
553 3031 733 3090 attingit
758 3031 970 3076 ultimum
995 3031 1157 3085 finem;
1185 3046 1236 3075 ex
1263 3032 1353 3074 hoc
1386 3032 1508 3074 enim
1539 3029 1749 3073 voluntas
1782 3028 2075 3073 immutabilis

22 3101 53 3160 ζ
126 3097 327 3145 ωάὀὲωῐ
350 3096 477 3155 quod
503 3094 703 3142 totaliter
733 3097 961 3156 impletur,
987 3098 1050 3141 ita
1082 3097 1203 3155 quod
1230 3111 1324 3140 non
1351 3096 1487 3139 habet
1512 3109 1603 3153 quo
1636 3095 1827 3139 divertat
1860 3095 1913 3138 ab
1946 3109 2003 3140 eo
2036 3096 2081 3139 in

36 3160 62 3223 ’
125 3172 230 3223 quo..
245 3162 520 3210 cetininam.
547 3163 760 3222 Impletio
787 3174 939 3208 autem
966 3163 1210 3207 voluntatis
1228 3176 1320 3205 non
1339 3162 1558 3220 competit
1576 3161 1753 3205 homini
1770 3161 1859 3206 nisi
1880 3171 1927 3207 ut
1943 3161 2081 3208 finem

50 3236 53 3239 '
127 3228 339 3277 ultimum
365 3230 626 3288 attingenti;
659 3229 875 3288 quamdiu
903 3230 1026 3274 enim
1052 3238 1187 3273 restat
1215 3228 1382 3286 aliquid
1406 3228 1461 3271 ad
1484 3228 1846 3281 desiderandum,
1871 3227 2081 3273 voluntas

127 3294 318 3354 impletav
345 3309 440 3345 non
472 3305 551 3340 est.
585 3295 662 3343 Sic
695 3294 829 3353 igitur
860 3295 1038 3339 homini
1078 3293 1434 3352 impeccabilitas
1467 3308 1559 3337 non
1593 3294 1813 3351 competit
1838 3304 2080 3353 antequam

50 3399 51 3402 ,
128 3360 189 3411 ad
206 3359 424 3412 uitiatum
441 3361 588 3407 finem
615 3362 861 3419 perveniat,
883 3362 1004 3420 quod
1033 3361 1216 3419 quidem
1241 3374 1335 3404 non
1368 3360 1498 3403 datur
1520 3359 1696 3403 homini
1723 3360 1770 3403 in
1796 3360 1940 3418 gratia
1964 3374 2080 3419 quae

125 3426 178 3476 in,
198 3428 497 3476 sacramentis
520 3427 765 3481 confertur,
784 3428 888 3485 quia
910 3437 1196 3471 sacramenta
1214 3436 1317 3470 sunt
1341 3426 1386 3470 in
1405 3425 1680 3484 adjutorium
1706 3426 1905 3470 hominis
1926 3440 2082 3472 secun-

46 3494 52 3538 ’ἶ
125 3493 237 3544 dum
263 3493 482 3555 (modest
504 3494 551 3538 in
576 3494 650 3538 via
676 3494 731 3539 ad
754 3494 908 3541 finem.
933 3493 1040 3538 Non
1066 3493 1203 3551 igitur
1230 3507 1283 3536 ex
1304 3492 1447 3551 gratia
1474 3492 1520 3536 in
1546 3492 1843 3537 sacramentis
1868 3503 2079 3553 percepta

128 3558 293 3619 &¹³5³
314 3559 626 3620 impeccabilis
650 3558 863 3607 redditur.
