2332 3854
243 235 350 290 452
931 226 1091 272 unm(
1126 233 1202 270 111.
1245 233 1365 271 CAP.
1407 233 1515 272 ενι.

243 337 534 391 substantiae,
562 337 722 396 quibus
750 336 1063 394 adjuvantibus
1098 336 1385 394 operationes
1417 350 1660 395 magorum
1685 337 1993 396 perficiuntur,
2018 352 2113 384 non
2137 339 2202 384 vi-

243 403 403 447 dentur
429 405 543 447 bene
571 404 815 461 dispositae
843 402 1097 446 secundum
1129 401 1427 446 intellectum.

333 471 566 530 Amplius:
594 485 688 514 non
714 470 892 513 videtur
925 482 1022 512 esse
1061 468 1268 512 habentis
1302 468 1583 514 intellectum
1615 470 1730 515 bene
1763 470 2047 530 dispositum,
2079 481 2129 517 ut
2160 473 2200 517 si

241 537 298 581 sit
324 538 543 596 superior,
562 536 805 594 imperanti
831 535 916 578 sibi
942 534 1158 578 subdatur
1179 537 1294 578 sicut
1319 535 1544 590 inferiori3
1573 546 1650 580 aut
1675 537 1714 580 si
1739 537 1796 581 sit
1818 536 2021 592 inferior,
2044 547 2093 583 ut
2113 539 2200 583 sibi

241 605 294 647 ab
323 619 378 647 eo
406 605 533 662 quasi
559 603 781 661 superiori
807 601 1051 659 supplicari
1078 602 1285 659 patiatur.
1302 602 1427 660 Magi
1460 612 1611 646 autem
1640 604 1856 647 invocant
1880 617 1975 658 eos,
1996 618 2195 664 quorum
2254 607 2256 609 ’
2325 616 2332 623 ·

242 670 407 713 auxilio
435 680 631 720 utuntur,
659 668 935 726 suppliciter,
964 668 1092 725 quasi
1117 668 1397 726 superiores;
1427 683 1530 712 cum
1559 679 1712 713 autem
1745 669 2021 726 advenerint,
2053 671 2197 730 impe·

238 748 338 779 rant
364 737 442 788 eis,
470 736 597 793 quasi
623 734 922 778 inferioribus.
950 733 1091 778 Nullo
1117 733 1255 793 igitur
1276 735 1418 779 modo
1443 735 1621 779 videtur
1646 735 1768 794 quod
1795 736 1884 780 sint
1907 737 2024 782 bene
2051 737 2198 796 dispo-

238 803 310 845 siti
338 802 589 845 secundum
615 800 916 845 intellectum.

325 869 412 911 Per
438 869 526 912 hoc
556 878 708 912 autem
742 867 995 912 excluditur
1028 867 1282 912 Gentilium
1312 870 1458 925 error,
1494 869 1570 928 qui
1605 869 1871 928 hujusmodi
1905 871 2194 930 operationes

236 935 319 981 diis
345 935 613 979 tribuebant.

979 1083 1235 1141 CAPUT
1271 1085 1448 1173 CVII.

678 1213 837 1259 QUOD
884 1213 1226 1254 SUBSTANTIA
1264 1212 1738 1254 INTELLECTUALIS

413 1286 528 1341 CUJ
549 1287 625 1324 US
680 1287 979 1325 AUXILIO
1034 1288 1355 1327 MAGICAE
1408 1287 1627 1328 ARTES
1669 1287 2016 1328 UTUNTUR

562 1361 680 1401 NON
718 1361 820 1399 EST
861 1362 1011 1400 MALA
1051 1362 1351 1402 SECUNDUM
1384 1362 1531 1399 SUAM
1569 1362 1852 1401 NATURAM.

320 1469 427 1512 Non
455 1479 523 1513 est
549 1479 702 1513 autem
733 1469 947 1528 possibile
975 1470 1097 1529 quod
1124 1470 1181 1514 sit
1211 1469 1428 1514 naturalis
1461 1469 1634 1513 malitia
1665 1469 1711 1512 in
1745 1458 2193 1516 substantiisffntelli-

231 1536 439 1594 gentibus
467 1550 660 1595 quarum
695 1536 862 1580 auxilio
905 1538 1112 1595 magicae
1151 1547 1267 1581 artes
1304 1546 1562 1596 operantur.
1602 1536 1655 1584 In
1686 1535 1797 1579 illud
1838 1535 1962 1580 enim
1992 1534 2040 1580 in
2067 1537 2191 1596 quod

230 1602 398 1661 aliquid
424 1603 568 1646 tendit
589 1603 840 1646 secundum
867 1618 998 1647 suam
1024 1614 1249 1656 naturam,
1273 1618 1367 1647 non
1394 1603 1536 1647 tendit
1561 1617 1642 1660 per
1670 1602 1895 1657 accidens,
1921 1602 2000 1647 sed
2021 1617 2101 1663 per
2126 1616 2190 1658 se,

228 1670 344 1714 sicut
376 1685 512 1728 grave
540 1671 768 1715 deorsum.
799 1670 888 1714 Sed
916 1671 954 1714 si
978 1671 1244 1728 hujusmodi
1275 1669 1606 1715 intellectuales
1639 1669 1916 1714 substantiae
1941 1679 2092 1715 essent
2116 1683 2187 1715 se-

233 1737 433 1780 cundum
466 1751 597 1781 suam
628 1747 839 1781 naturam
872 1737 1036 1790 malae,
1063 1738 1327 1782 naturaliter
1351 1737 1399 1781 in
1426 1736 1601 1780 malum
1626 1737 1878 1797 tenderent.
1908 1735 2017 1781 Non
2043 1735 2186 1795 ‘igitur
2215 1737 2222 1739 “

229 1817 309 1861 per
342 1804 568 1857 accidens,
593 1805 683 1848 'sed
721 1819 801 1863 per
827 1818 875 1848 se
901 1805 1138 1848 tenderent
1170 1805 1225 1847 ad
1258 1804 1459 1857 malum3
1491 1803 1582 1847 hoc
1609 1813 1762 1846 autem
1789 1810 1858 1847 est
1881 1801 2186 1862 impossibile:

229 1881 461 1914 ostensum
491 1880 559 1914 est
586 1871 708 1913 enirn
741 1885 875 1930 supra
902 1872 961 1928 (c.
995 1869 1096 1927 16.)‚
1125 1871 1426 1929 quod-omnia
1452 1885 1532 1929 per
1558 1884 1606 1913 se
1631 1869 1821 1913 tendunt
1848 1868 1904 1913 ad
1929 1869 2118 1924 bonum,
2142 1880 2188 1915 et
2251 1868 2254 1871 ’
2302 1867 2308 1876 ⁷

227 1937 342 1980 nihil
362 1937 505 1980 tendit
531 1937 585 1980 ad
613 1937 787 1980 malum
814 1939 901 1981 nisi
927 1953 1006 1996 per
1033 1938 1258 1982 accidens.
1284 1939 1392 1982 Non
1418 1938 1553 1996 igitur
1571 1936 1835 1995 hujusmodi
1854 1935 2186 1983 intellectuales

227 2004 503 2047 substantiae
530 2013 632 2062 sunt
658 2005 910 2048 secundum
937 2019 1067 2048 suam
1093 2015 1305 2048 naturam
1327 2004 1489 2049 malae.
1882 2054 1883 2057 Ἰ

316 2069 504 2114 Adhuc:
533 2070 748 2129 quidquid
777 2071 906 2114 estin
923 2071 1070 2124 rebus,
1098 2081 1278 2128 oportet
1304 2071 1426 2147 quod
1454 2084 1590 2116 causa
1615 2069 1690 2115 vel
1712 2065 1950 2116 causatum
1974 2070 2058 2127 εἰη
2076 2070 2184 2116 alio-

197 2136 207 2143 ‘
226 2137 335 2195 quin·
363 2137 417 2179 ad
447 2136 534 2180 alia
561 2136 769 2181 ordinem
795 2152 891 2181 non
923 2138 1153 2181 haberent.
1189 2140 1282 2181 Aut
1307 2138 1443 2196 igitur
1474 2138 1738 2196 hujusmodi
1770 2137 2047 2182 substantiae
2078 2148 2185 2183 sunt

227 2217 392 2247 causae
419 2214 610 2256 tantum,
638 2214 715 2247 aut
741 2204 878 2248 etiam
908 2216 1105 2248 causata.
1135 2204 1183 2248 Si
1205 2215 1383 2249 tantum
1402 2218 1584 2258 causae,
1611 2204 1785 2249 malum
1808 2218 1902 2248 non
1918 2201 2070 2264 potest
2085 2218 2184 2250 esse

225 2284 362 2314 causa
388 2269 591 2328 alicujus,
617 2270 704 2314 nisi
731 2285 810 2328 per
836 2271 1062 2324 accidens,
1090 2281 1138 2315 ut
1165 2286 1299 2329 supra
1325 2273 1385 2330 (e.
1418 2271 1508 2328 14.)
1541 2282 1777 2316 ostensum
1810 2282 1900 2325 est;
1935 2285 2073 2316 omne
2107 2287 2185 2317 au-

221 2347 316 2380 tem
344 2337 467 2395 quod
494 2347 560 2381 est
586 2352 667 2395 per
694 2337 920 2390 accidens,
948 2348 1129 2413 oportet
1159 2338 1314 2381 reduci
1353 2338 1408 2381 ad
1435 2338 1480 2381 id
1518 2338 1641 2396 quod
1679 2352 1761 2397 per
1795 2351 1844 2382 se
1875 2348 1966 2392 est;
2000 2346 2182 2399 oportet
2206 2346 2210 2349 ’

222 2404 360 2461 igitur
378 2404 537 2462 quod
525 2418 572 2447 m
590 2406 653 2447 eis
677 2404 734 2447 sit
751 2404 919 2463 aliquid
938 2405 1058 2462 prius
1086 2419 1224 2462 quam
1247 2419 1409 2448 eorum
1428 2404 1616 2458 malitia,
1641 2419 1720 2463 per
1742 2405 1864 2463 quod
1890 2404 1981 2449 sint
2002 2414 2181 2450 causae.

222 2471 351 2515 Prius
379 2482 531 2514 autem
558 2473 604 2514 in
631 2485 910 2530 unoquoque
939 2482 1005 2515 est
1032 2473 1128 2529 ejus
1155 2480 1314 2515 natura
1339 2482 1382 2515 et
1408 2473 1616 2516 essentia.
1639 2472 1747 2515 Non
1772 2472 1910 2531 igitur
1930 2472 2183 2517 secundum

223 2551 351 2580 suam
381 2547 589 2580 naturam
619 2548 722 2581 sunt
755 2537 902 2581 malae
940 2538 1204 2595 hujusmodi
1238 2539 1529 2582 substantiae.
1566 2539 1695 2583 Idem
1732 2539 1870 2582 etiam
1912 2530 2115 2598 sequitur
2144 2539 2184 2584 si

222 2604 311 2647 sint
338 2614 534 2648 causata.
558 2605 680 2648 Nam
706 2605 882 2648 nullum
912 2619 1051 2663 agens
1079 2605 1171 2663 agit
1196 2605 1283 2648 nisi
1308 2605 1547 2649 intendens
1575 2605 1630 2649 ad
1656 2605 1844 2649 bonurn.
1871 2605 2046 2649 Malum
2069 2619 2180 2666 ergo

221 2685 315 2714 non
342 2681 492 2729 potest
518 2685 616 2715 esse
644 2670 830 2715 effectus
858 2671 1047 2730 alicujus
1076 2686 1253 2725 causae,
1280 2672 1367 2716 nisi
1389 2687 1468 2730 per
1494 2673 1720 2717 accidens.
1746 2671 1887 2724 Quod
1910 2682 2063 2717 autern
2081 2686 2182 2717 cau·

221 2748 344 2781 satur
368 2751 449 2796 per
475 2738 687 2781 accidens
714 2748 891 2782 tantum
919 2753 1013 2782 non
1040 2748 1190 2797 potest
1222 2753 1319 2783 esse
1353 2738 1606 2783 secundum
1637 2749 1861 2793 naturam,
1895 2751 2002 2783 cum
2027 2739 2179 2785 omnis

219 2814 379 2847 natura
407 2804 757 2848 determinatum
787 2805 979 2848 modum
1010 2806 1175 2850 habeat
1207 2820 1298 2865 quo
1332 2805 1537 2864 procedit
1567 2807 1613 2849 in
1646 2819 1760 2850 esse.
1797 2805 1905 2850 Non
1933 2814 2009 2859 est
2043 2805 2180 2865 igitur

220 2871 435 2929 possibile
461 2871 584 2931 quod
610 2871 876 2929 hujusmodi
908 2873 1183 2917 substantiae
1216 2875 1305 2917 sint
1337 2872 1486 2916 malae
1519 2872 1772 2916 secundum
1795 2884 1928 2917 suam
1951 2882 2177 2918 naturam.

308 2938 544 2996 Amplius:
572 2939 931 2998 unumquodque
960 2940 1133 2983 entium
1159 2939 1297 2984 habet
1328 2940 1562 2998 proprium
1582 2953 1679 2984 esse
1706 2937 1960 2998 secundum
1982 2939 2175 2985 modum

219 3007 328 3049 suae
353 3016 554 3049 naturae.
581 3005 691 3050 Esse
715 3017 882 3059 autern,
910 3006 956 3049 in
983 3017 1203 3065 quantum
1230 3006 1509 3064 hujusmodi,
1533 3016 1601 3050 est
1617 3006 1815 3063 bonurn;
1838 2998 1966 3065 cufns
1991 3006 2174 3064 signum

220 3081 287 3115 est
314 3072 435 3131 quod
463 3072 619 3116 omnia
657 3086 755 3117 esse
789 3083 1018 3132 appetunt.
1057 3073 1106 3116 Si
1139 3073 1274 3131 igitur
1309 3073 1573 3131 hujusmodi
1609 3072 1886 3118 substantiae
1923 3072 2176 3118 secundum

218 3153 348 3183 suam
374 3149 583 3183 naturam
610 3150 761 3184 essent
792 3140 956 3193 malae,
982 3140 1161 3183 nullum
1194 3154 1291 3184 esse
1318 3141 1551 3184 haberent.

307 3207 446 3251 Item:
481 3218 715 3251 ostensum
741 3217 809 3251 est
833 3221 968 3266 supra
995 3208 1114 3266 (Lib.
1142 3208 1196 3251 II.
1225 3223 1262 3251 c.
1298 3208 1385 3264 15.)
1413 3208 1535 3266 quod
1562 3206 1677 3252 nihil
1708 3216 1859 3267 potest
1883 3220 1982 3252 esse
2015 3208 2123 3266 quin
2147 3219 2175 3252 a

218 3274 366 3331 primo
394 3285 495 3318 ente
523 3289 620 3318 esse
657 3274 836 3328 habeat,
870 3284 915 3318 et
946 3274 1068 3333 quod
1106 3275 1304 3332 primum
1341 3289 1421 3318 ens
1459 3285 1526 3319 est
1561 3288 1796 3319 summurn
1829 3274 2018 3319 bonum.
2052 3272 2171 3319 Cum

218 3351 370 3384 autem
399 3355 536 3385 omne
565 3355 719 3399 agens,
746 3341 791 3384 in
820 3351 1040 3400 quantum
1073 3341 1354 3398 hujusmodi,
1388 3351 1494 3399 agat
1526 3341 1612 3386 sibi
1642 3340 1806 3394 simile,
1839 3350 2020 3400 oportet
2049 3338 2173 3400 quod

219 3422 271 3450 ea
298 3422 412 3465 quae
441 3422 466 3451 a
498 3409 646 3468 primo
674 3418 776 3452 ente
805 3418 921 3461 sunt,
948 3409 1070 3452 bona
1096 3408 1198 3452 sint.
1227 3408 1493 3452 Praedictae
1519 3408 1656 3467 igitur
1689 3407 1980 3464 substantiae,
2010 3402 2172 3452 secun-

217 3474 325 3516 dum
349 3475 469 3532 quod
496 3485 613 3529 sunt,
641 3485 684 3518 et
706 3485 915 3518 naturam
943 3475 1141 3534 aliquam
1169 3474 1354 3528 habent,
1381 3489 1474 3519 non
1500 3485 1692 3534 possunt
1720 3488 1820 3520 esse
1842 3473 2007 3526 malie.

305 3541 493 3586 Adhuc·
526 3541 807 3600 impossibile
830 3551 897 3586 est
930 3541 1098 3600 aliquid
1131 3555 1229 3586 esse
1256 3541 1378 3600 quod
1405 3542 1462 3586 sit
1488 3540 1803 3586 universaliter
1827 3528 2053 3600 privatum
2074 3550 2171 3598 par-

217 3606 478 3667 ticipatione
504 3608 627 3653 boni.
656 3607 777 3654 Cum
815 3608 938 3653 enim
963 3608 1088 3653 idem
1124 3608 1180 3653 sit
1213 3607 1452 3669 appetibile
1485 3619 1528 3654 et
1559 3609 1748 3663 bonum,
1780 3606 1819 3653 si
1850 3604 2021 3668 aliquid
2046 3615 2168 3653 esset
