2332 3854
272 214 377 269 242
935 215 1091 254 LIBER
1130 215 1185 253 11.
1228 215 1349 254 CAP.
1388 215 1553 253 LXXX.

272 315 433 360 mabus
459 317 798 361 remanentibus
835 326 940 376 post
981 330 1161 375 corpus,
1203 317 1438 362 diversitas
1469 317 1556 361 nisi
1586 316 1818 373 formalis3
1850 332 1946 362 non
1971 319 2095 364 enim
2126 329 2232 365 sunt

271 383 556 442 compositae
589 398 644 428 ex
680 384 870 428 materia
906 393 951 427 et
981 382 1145 438 forma,
1183 393 1232 428 ut
1264 398 1398 443 supra
1434 385 1494 442 (c.
1539 385 1627 442 50.)
1653 384 1896 443 probatum
1923 395 1991 429 est
2014 385 2071 430 de
2102 387 2231 431 omni

270 449 519 494 substantia
545 450 856 495 intellectuali.
884 449 1171 508 Relinquitur
1191 451 1330 509 igitur
1355 450 1478 509 quod
1499 461 1605 496 sunt
1629 451 1835 496 diversae
1860 452 2111 498 secundum
2136 466 2232 511 spe-

270 515 402 561 ciem.
430 517 538 560 Non
561 527 714 560 autem
740 530 820 575 per
847 517 1186 575 corruptionem
1209 517 1414 575 corporis
1432 527 1665 562 mutantur
1683 518 1864 562 animae
1887 518 1943 562 ad
1970 518 2108 563 aliam
2133 534 2231 579 spe-

268 583 401 637 ciem,
430 585 538 642 quia
565 597 704 627 omne
728 583 849 641 quod
887 593 1086 627 mutatur
1121 583 1177 628 de
1210 585 1363 642 specie
1396 585 1442 628 in
1475 585 1692 644 speciem,
1725 585 2044 644 corrumpitur.
2075 586 2231 632 Relin-

268 652 418 708 quitur
445 664 554 708 ergo
583 650 720 708 quod,
749 659 994 708 antequam
1021 660 1171 694 essent
1189 665 1214 694 a
1232 651 1500 710 corporibus
1534 661 1786 710 separatae,
1821 661 1950 697 erant
1978 654 2232 699 secundum

268 717 468 775 speciem
496 718 716 760 diversae.
745 716 1020 775 Composita
1048 727 1200 761 autem
1227 718 1476 762 sortiuntur
1498 718 1700 776 speciem
1732 718 1984 763 secundum
2014 717 2229 766 formam.

268 783 389 841 Ergo
418 793 462 826 et
487 783 716 826 individua
743 783 988 827 hominum
1026 794 1154 828 erant
1186 785 1437 829 secundum
1465 785 1667 843 speciem
1705 785 1897 839 diversa,
1921 785 2044 844 quod
2068 794 2139 831 est
2167 786 2232 830 in-

270 850 562 893 conveniens.
588 849 712 908 Ergo
744 849 1027 908 impossibile
1060 851 1237 895 videtur
1264 852 1385 910 quod
1412 852 1594 912 animae
1619 852 1850 896 humanae
1883 851 2054 896 multae
2087 867 2230 898 rema-

268 926 405 960 neant
438 926 540 974 post
568 930 774 975 corpora.
1102 955 1106 958 .

356 983 548 1026 Adhuc:
567 983 759 1027 videtur
787 983 978 1028 omnino
1007 998 1105 1028 esse
1131 984 1428 1043 impossibile,
1455 985 1707 1029 secundum
1739 995 1962 1045 ponentes
1995 985 2230 1030 aeternita-

266 1059 362 1093 tem
388 1050 561 1103 mundi,
579 1064 749 1108 ponere
768 1050 890 1109 quod
914 1051 1094 1095 animae
1110 1052 1342 1096 humanae
1362 1052 1409 1095 in
1435 1066 1516 1096 sua
1538 1051 1826 1096 multitudine
1842 1061 2110 1097 remaneant
2126 1062 2230 1111 post

196 1166 199 1168 ,
267 1126 464 1160 mortem
493 1117 712 1175 corporis.
740 1117 791 1161 Si
823 1117 944 1161 enim
974 1119 1170 1162 mundus
1196 1128 1265 1162 est
1291 1118 1344 1162 ab
1384 1127 1586 1172 aeterno,
1620 1128 1773 1162 motus
1808 1118 1893 1163 fuit
1929 1119 1983 1162 ab
2017 1128 2227 1173 aetern03

268 1197 377 1241 ergo
406 1193 449 1227 et
476 1185 710 1242 generatio
739 1194 805 1228 est
837 1194 1033 1230 aeterna.
1062 1185 1152 1229 Sed
1179 1185 1218 1229 si
1243 1185 1478 1244 generatio
1506 1194 1574 1229 est
1599 1194 1797 1239 aeterna,
1822 1185 1987 1229 infiniti
2016 1185 2229 1230 homines

266 1251 436 1294 mortui
463 1260 568 1294 sunt
590 1261 694 1295 ante
720 1265 820 1295 nos.
849 1251 899 1295 Si
926 1265 1036 1310 ergo
1065 1252 1246 1296 animae
1262 1262 1552 1296 mortuorum
1568 1262 1808 1296 remanent
1833 1261 1938 1310 post
1962 1253 2228 1301 mortemin

266 1332 347 1362 sua
374 1317 679 1372 multitudine,
707 1328 888 1377 oportet
915 1318 1066 1363 dicere
1085 1320 1261 1363 animas
1278 1319 1474 1363 infinitas
1502 1332 1602 1363 esse
1626 1333 1748 1362 nunc
1774 1318 1822 1362 in
1855 1328 1959 1364 actu
1983 1318 2229 1364 hominum

265 1384 388 1442 prius
415 1394 719 1429 mortuorum.
745 1385 846 1429 Hoc
874 1394 1027 1430 autem
1045 1396 1113 1430 est
1127 1385 1434 1444 impossibile3
1460 1399 1570 1429 nam
1595 1385 1824 1429 infinitum
1843 1394 1948 1430 actu
1970 1398 2063 1431 non
2080 1394 2230 1444 potest
2302 1426 2311 1434 .

267 1465 366 1495 esse
392 1451 438 1495 in
459 1462 635 1496 natura.
662 1451 950 1511 Relinquitur
974 1453 1125 1512 igitur,
1153 1454 1191 1498 si
1217 1453 1414 1497 mundus
1441 1462 1510 1497 est
1531 1461 1755 1507 aeternus,
1781 1452 1904 1512 quod
1931 1452 2112 1498 animae
2131 1465 2228 1497 non

267 1529 535 1563 remaneant
561 1518 733 1563 multae
754 1528 868 1582 *post
896 1530 1107 1567 mortem.

356 1586 499 1630 Item:
543 1586 666 1645 quod
694 1587 876 1630 advenit
902 1586 1039 1630 alicui
1080 1597 1125 1631 et
1161 1587 1352 1631 discedit
1384 1587 1437 1630 ab
1473 1601 1528 1631 eo
1555 1596 1734 1646 praeter
1768 1586 1839 1630 sui
1871 1586 2231 1647 corruptionem,

267 1652 450 1696 advenit
475 1653 517 1696 ei
535 1653 894 1708 accidentaliter;
917 1654 1032 1698 haec
1060 1655 1182 1698 enim
1211 1664 1278 1703 est
1310 1653 1518 1698 diffinitio
1547 1653 1809 1698 accidentis.
1854 1653 1904 1698 Si
1930 1667 2042 1713 ergo
2075 1653 2231 1702 anima

270 1719 473 1763 humana
491 1734 586 1763 non
608 1721 928 1779 corrumpitur,
947 1735 1139 1780 corpore
1174 1721 1459 1774 abscedente,
1492 1730 1703 1778 sequetur
1719 1719 1840 1779 quod
1858 1720 2012 1765 anima
2027 1720 2231 1764 humana

267 1785 609 1830 accidentaliter
637 1788 819 1845 corpori
845 1788 1039 1831 uniatur.
1058 1788 1180 1846 Ergo
1199 1788 1344 1831 homo
1370 1798 1436 1831 est
1462 1802 1542 1831 ens
1569 1801 1649 1845 per
1671 1787 1897 1841 accidens,
1924 1787 2001 1846 qui
2017 1796 2085 1832 est
2105 1801 2237 1833 com-

266 1853 440 1911 positus
469 1868 522 1897 ex
550 1854 703 1897 anima
731 1864 775 1897 et
797 1868 1002 1913 corpore.
1021 1855 1077 1898 Et
1093 1865 1306 1913 sequetur
1329 1854 1516 1898 ulterius
1535 1854 1657 1912 quod
1674 1868 1769 1908 non
1791 1855 1849 1898 sit
1880 1853 2031 1913 aliqua
2050 1854 2227 1912 species

266 1920 492 1973 humana;
510 1934 603 1964 non
623 1921 745 1964 enim
763 1935 816 1964 ex
836 1922 906 1965 his
924 1936 1039 1980 quae
1058 1924 1396 1980 conjunguntur
1415 1935 1494 1980 per
1512 1921 1723 1965 accidens
1740 1920 1789 1965 fit
1804 1921 1977 1979 species
1994 1935 2106 1976 una.;
2121 1935 2231 1966 nam

265 1986 410 2030 homo
438 1987 564 2031 albus
591 2001 685 2030 non
720 1997 786 2031 est
813 1988 963 2046 aliqua
996 1989 1184 2046 species.

355 2054 589 2113 Amplius:
616 2055 898 2113 impossibile
925 2066 991 2100 est
1019 2055 1219 2114 aliquam
1251 2055 1549 2099 substantiam
1576 2068 1690 2108 esse,
1724 2055 1851 2113 cujus
1877 2068 1973 2099 non
1999 2055 2055 2100 sit
2079 2053 2231 2114 aliqua

272 2122 492 2180 operatio.
522 2121 611 2165 Sed
631 2122 782 2166 omnis
805 2122 1012 2181 operatio
1032 2123 1211 2165 animae
1229 2121 1383 2165 finitur
1401 2136 1505 2165 cum
1529 2135 1722 2179 corpore
1738 2137 1749 2176 ;
1766 2121 1890 2180 quod
1907 2122 2092 2181 quidem
2108 2131 2233 2181 patet

267 2202 348 2247 per
375 2189 711 2233 inductionem:
738 2203 846 2232 narn
881 2189 1068 2233 virtutes
1104 2189 1284 2232 animae
1320 2188 1562 2232 nutritivae
1602 2198 1847 2247 operantur
1881 2202 1961 2247 per
1992 2187 2231 2248 qualitates
2283 2207 2285 2209 ·

266 2269 511 2313 corporeas
539 2266 582 2300 et
608 2270 686 2314 per
707 2256 1064 2301 instrumentum
1103 2270 1393 2315 corporeum,
1431 2266 1474 2300 et
1498 2256 1546 2299 in
1571 2256 1720 2315 ipsum
1754 2269 1934 2315 corpus,
1959 2255 2083 2314 quod
2104 2255 2232 2314 perfi-

269 2322 381 2367 citur
412 2337 493 2380 per
520 2324 737 2378 animam,
765 2323 887 2382 quod
924 2323 1117 2367 nutritur
1154 2333 1198 2367 et
1232 2333 1435 2381 augetur,
1465 2332 1506 2366 et
1534 2336 1588 2366 ex
1615 2337 1706 2381 quo
1739 2322 1961 2367 deciditur
1981 2337 2142 2367 semen
2174 2323 2231 2367 ad

266 2390 626 2448 generationem.
656 2390 962 2449 Operationes
990 2390 1127 2434 etiam
1146 2404 1307 2434 omnes
1334 2389 1644 2447 potentiarum
1670 2403 1787 2448 quae
1813 2392 2037 2449 pertinent
2062 2390 2119 2434 ad
2141 2390 2232 2435 ani-

267 2471 394 2500 mam
420 2457 699 2511 sensitivam,
718 2457 1007 2516 complentur
1025 2471 1103 2515 per
1132 2471 1305 2515 organa
1324 2455 1602 2515 corporalia3
1622 2465 1665 2499 et
1678 2456 1903 2514 quaedam
1926 2470 2083 2500 earum
2109 2470 2234 2501 com-

265 2523 445 2583 plentur
481 2538 588 2567 eum
621 2524 771 2583 aliqua
803 2524 1184 2568 transmutatione
1218 2522 1459 2582 corporali,
1496 2523 1612 2566 sicut
1650 2537 1765 2582 quae
1804 2523 2015 2568 dicuntur
2048 2523 2230 2568 animae

265 2592 514 2649 passiones,
542 2602 590 2635 ut
623 2606 767 2645 amor,
795 2591 1014 2650 gaudium
1053 2601 1096 2635 et
1120 2590 1399 2648 hujusmodi.
1438 2588 1699 2648 Intelligere
1728 2599 1896 2643 autem,
1933 2590 2018 2634 etsi
2048 2604 2143 2635 non
2175 2590 2233 2635 sit

267 2659 472 2717 operatio
500 2673 579 2717 per
606 2658 791 2717 aliquod
815 2673 1038 2717 organum
1068 2657 1359 2717 corporalem
1388 2657 1597 2710 exercita,
1625 2667 1779 2700 tamen
1807 2656 1987 2715 objecta
2010 2658 2106 2715 ejus
2126 2665 2232 2701 sunt

269 2725 605 2784 phantasmata,
639 2740 755 2784 quae
773 2726 834 2769 ita
861 2740 908 2770 se
935 2725 1104 2769 habent
1127 2725 1182 2768 ad
1208 2725 1371 2783 ipsam,
1399 2734 1448 2768 ut
1476 2723 1652 2768 colores
1676 2723 1731 2767 ad
1757 2723 1931 2778 visum;
1959 2723 2094 2778 unde,
2114 2723 2232 2768 sicut

265 2794 388 2836 visus
420 2807 515 2836 non
541 2802 691 2851 potest
715 2792 870 2836 videre
898 2793 994 2836 sine
1023 2791 1268 2846 coloribus,
1302 2791 1363 2834 ita
1392 2791 1544 2834 anima
1569 2789 1849 2834 intellectiva
1869 2803 1963 2834 non
1988 2799 2139 2850 potest
2167 2790 2231 2834 in·

265 2859 470 2918 telligere
493 2860 590 2903 sine
622 2858 1028 2918 phantasmatibus.
1056 2858 1235 2916 Indiget
1267 2857 1405 2902 etiam
1439 2857 1605 2909 anima,
1624 2857 1679 2900 ad
1705 2856 2067 2914 intelligendum,
2092 2857 2231 2905 virtu·

264 2926 382 2971 tibus
401 2927 771 2986 praeparantibus
788 2926 1121 2985 phantasmata,
1141 2926 1195 2968 ad
1213 2925 1302 2964 hoc
1322 2924 1443 2979 quod
1462 2922 1570 2964 fiant
1596 2920 1900 2980 intelligibilia
1922 2932 2041 2977 actu,
2056 2921 2231 2970 scilicet

264 2994 428 3038 virtute
456 2993 703 3048 cogitativa
736 3003 780 3031 ct
803 2987 1120 3041 memorativa,
1149 2988 1203 3032 de
1237 2988 1397 3046 quibus
1432 2997 1611 3032 constat
1652 2989 1789 3047 quod,
1816 3002 1956 3048 quum
1983 2989 2073 3034 sint
2098 3000 2225 3036 actus

265 3054 571 3113 quorumdam
595 3068 875 3113 organorum
904 3055 1108 3112 corporis
1134 3069 1213 3114 per
1238 3068 1354 3113 quae
1382 3065 1641 3113 operantur,
1659 3069 1753 3099 non
1779 3065 1969 3115 possunt
1989 3070 2227 3103 remanere

264 3131 367 3180 post
400 3135 580 3180 corpus.
615 3121 750 3165 Unde
789 3131 833 3165 et
868 3121 1138 3165 Aristoteles
1171 3122 1280 3165 dicit
1322 3122 1477 3179 (tertio
1514 3122 1584 3166 De
1623 3122 1789 3178 anima,
1826 3132 1856 3167 t.
1898 3137 1938 3167 c.
1983 3124 2072 3182 30.)
2104 3124 2227 3184 quod

268 3205 291 3230 «
318 3202 609 3247 nequaquam
636 3188 731 3232 sine
766 3189 1083 3247 phantasmate
1109 3188 1322 3247 intelligit
1359 3189 1511 3233 anima
1535 3206 1575 3243 »,
1599 3200 1644 3234 et
1669 3190 1793 3249 quod
1811 3206 1835 3232 <t
1863 3190 1979 3236 nihil
2013 3190 2227 3252 intelligit

265 3255 361 3299 sine
394 3254 628 3299 intellectu
656 3255 836 3314 passivo
863 3271 905 3309 »,
934 3270 1070 3314 quem
1096 3266 1234 3300 vocat
1255 3257 1468 3300 virtutem
1500 3257 1810 3315 cogitativam,
1846 3271 1962 3316 quae
1985 3267 2053 3303 est
2078 3271 2229 3310 corru-

264 3321 456 3380 ptibilis;
485 3332 528 3366 et
550 3333 734 3381 propter
756 3322 845 3366 hoc
875 3322 983 3366 dicit
1006 3323 1052 3366 in
1078 3323 1227 3382 primo
1251 3323 1322 3366 De
1349 3324 1502 3366 anima
1528 3324 1579 3381 (t.
1600 3337 1637 3368 c.
1655 3320 1749 3380 65.)
1774 3324 1898 3383 quod
1926 3340 1951 3366 α
1971 3322 2226 3385 intelligere

264 3389 465 3433 hominis
493 3390 811 3448 corrumpitur,
840 3389 1041 3449 quodam
1074 3390 1261 3434 interius
1289 3400 1502 3449 corrupto
1527 3408 1568 3444 »,
1601 3389 1777 3435 scilicet
1801 3390 2120 3450 phantasmate
2151 3391 2226 3438 vel
2298 3381 2332 3458 Ξ,

264 3456 445 3515 passivo
479 3455 735 3511 intellectu;
764 3467 808 3500 et
832 3457 879 3500 in
905 3457 1039 3501 tertio
1071 3457 1142 3501 De
1172 3457 1325 3500 anima
1352 3458 1403 3515 (t.
1439 3471 1476 3501 c.
1511 3456 1605 3514 20.)
1633 3456 1797 3501 dicitur
1826 3457 1953 3517 quod
1981 3473 2004 3500 α
2030 3472 2125 3504 non
2155 3472 2225 3504 re-

264 3522 548 3566 miniscimur
573 3533 677 3582 post
708 3534 905 3567 mortem
933 3537 1090 3568 eorum
1120 3538 1236 3582 quae
1268 3523 1485 3568 scivimus
1512 3526 1557 3568 in
1589 3523 1681 3568 vita
1704 3540 1745 3569 ».

355 3589 430 3633 Sic
457 3589 594 3649 igitur
611 3600 733 3650 patet
750 3590 872 3650 quod
895 3589 1019 3636 nulla
1037 3590 1242 3650 operatio
1261 3590 1441 3636 animae
1463 3601 1613 3652 potest
1631 3603 1865 3638 remanere
1875 3601 1983 3652 post
1998 3601 2224 3648 mortem
2266 3572 2269 3574 .
