<?xml version="1.0" encoding="UTF-8"?>
<!DOCTYPE html PUBLIC "-//W3C//DTD XHTML 1.0 Transitional//EN"
    "http://www.w3.org/TR/xhtml1/DTD/xhtml1-transitional.dtd">
<html xmlns="http://www.w3.org/1999/xhtml" xml:lang="en" lang="en">
 <head>
  <title>
</title>
<meta http-equiv="Content-Type" content="text/html;charset=utf-8" />
  <meta name='ocr-system' content='tesseract 3.04.00' />
  <meta name='ocr-capabilities' content='ocr_page ocr_carea ocr_par ocr_line ocrx_word'/>
</head>
<body>
  <div class='ocr_page' id='page_1' title='image "./divithomaeaquina00thom_0019.png"; bbox 0 0 2332 3854; ppageno 0'>
   <div class='ocr_carea' id='block_1_1' title="bbox 0 0 143 1169">
    <p class='ocr_par' dir='ltr' id='par_1_1' title="bbox 0 0 143 1169">
     <span class='ocr_line' id='line_1_1' title="bbox 0 0 143 1169; baseline 0 0"><span class='ocrx_word' id='word_1_1' title='bbox 0 0 143 1169; x_wconf 95' lang='lat' dir='ltr'> </span> 
     </span>
    </p>
   </div>
   <div class='ocr_carea' id='block_1_2' title="bbox 0 1174 145 1278">
    <p class='ocr_par' dir='ltr' id='par_1_2' title="bbox 0 1174 145 1278">
     <span class='ocr_line' id='line_1_2' title="bbox 0 1174 145 1278; baseline 0 2576"><span class='ocrx_word' id='word_1_2' title='bbox 0 1174 145 1278; x_wconf 95' lang='lat' dir='ltr'> </span> 
     </span>
    </p>
   </div>
   <div class='ocr_carea' id='block_1_3' title="bbox 0 1650 69 3452">
    <p class='ocr_par' dir='ltr' id='par_1_3' title="bbox 0 1650 69 3452">
     <span class='ocr_line' id='line_1_3' title="bbox 0 1650 69 3452; baseline 0 0"><span class='ocrx_word' id='word_1_3' title='bbox 0 1650 69 3452; x_wconf 95' lang='lat' dir='ltr'> </span> 
     </span>
    </p>
   </div>
   <div class='ocr_carea' id='block_1_4' title="bbox 950 187 2171 244">
    <p class='ocr_par' dir='ltr' id='par_1_4' title="bbox 950 187 2171 244">
     <span class='ocr_line' id='line_1_4' title="bbox 950 187 2171 244; baseline 0 -18"><span class='ocrx_word' id='word_1_4' title='bbox 950 187 1105 231; x_wconf 66' lang='lat' dir='ltr'>Lmen</span> <span class='ocrx_word' id='word_1_5' title='bbox 1144 188 1178 226; x_wconf 93' lang='lat'>1.</span> <span class='ocrx_word' id='word_1_6' title='bbox 1220 187 1342 226; x_wconf 85' lang='lat' dir='ltr'><strong>CAP.</strong></span> <span class='ocrx_word' id='word_1_7' title='bbox 1383 189 1434 226; x_wconf 91' lang='lat' dir='ltr'>v.</span> <span class='ocrx_word' id='word_1_8' title='bbox 2139 191 2171 244; x_wconf 92' lang='lat'><strong>7</strong></span> 
     </span>
    </p>
   </div>
   <div class='ocr_carea' id='block_1_5' title="bbox 214 286 2175 550">
    <p class='ocr_par' dir='ltr' id='par_1_5' title="bbox 215 286 2175 415">
     <span class='ocr_line' id='line_1_5' title="bbox 216 286 2175 349; baseline 0.002 -16"><span class='ocrx_word' id='word_1_9' title='bbox 216 300 324 333; x_wconf 89' lang='lat' dir='ltr'>cum</span> <span class='ocrx_word' id='word_1_10' title='bbox 348 286 405 331; x_wconf 91' lang='lat' dir='ltr'>de</span> <span class='ocrx_word' id='word_1_11' title='bbox 430 286 697 346; x_wconf 84' lang='lat' dir='ltr'>corporibus</span> <span class='ocrx_word' id='word_1_12' title='bbox 723 286 997 334; x_wconf 87' lang='lat' dir='ltr'>coelestibus</span> <span class='ocrx_word' id='word_1_13' title='bbox 1022 289 1312 348; x_wconf 84' lang='lat' dir='ltr'><strong>quaestiones</strong></span> <span class='ocrx_word' id='word_1_14' title='bbox 1338 289 1513 348; x_wconf 85' lang='lat' dir='ltr'>possint</span> <span class='ocrx_word' id='word_1_15' title='bbox 1538 288 1654 334; x_wconf 89' lang='lat' dir='ltr'>solvi</span> <span class='ocrx_word' id='word_1_16' title='bbox 1681 303 1819 348; x_wconf 89' lang='lat' dir='ltr'>parva</span> <span class='ocrx_word' id='word_1_17' title='bbox 1846 299 1890 334; x_wconf 92' lang='lat' dir='ltr'>et</span> <span class='ocrx_word' id='word_1_18' title='bbox 1914 290 2070 349; x_wconf 84' lang='lat' dir='ltr'>topica</span> <span class='ocrx_word' id='word_1_19' title='bbox 2105 305 2175 336; x_wconf 91' lang='lat' dir='ltr'>so-</span> 
     </span>
     <span class='ocr_line' id='line_1_6' title="bbox 215 353 1684 415; baseline 0.001 -17"><span class='ocrx_word' id='word_1_20' title='bbox 215 353 405 408; x_wconf 88' lang='lat' dir='ltr'>lutione,</span> <span class='ocrx_word' id='word_1_21' title='bbox 430 354 654 413; x_wconf 84' lang='lat' dir='ltr'>contingit</span> <span class='ocrx_word' id='word_1_22' title='bbox 679 354 874 399; x_wconf 85' lang='lat' dir='ltr'>auditori</span> <span class='ocrx_word' id='word_1_23' title='bbox 900 365 948 399; x_wconf 91' lang='lat' dir='ltr'>ut</span> <span class='ocrx_word' id='word_1_24' title='bbox 969 356 1219 402; x_wconf 87' lang='lat' dir='ltr'>vehemens</span> <span class='ocrx_word' id='word_1_25' title='bbox 1246 356 1304 401; x_wconf 91' lang='lat' dir='ltr'>sit</span> <span class='ocrx_word' id='word_1_26' title='bbox 1328 355 1546 415; x_wconf 89' lang='lat' dir='ltr'>gaudium</span> <span class='ocrx_word' id='word_1_27' title='bbox 1573 358 1684 414; x_wconf 89' lang='lat' dir='ltr'>ejus.</span> 
     </span>
    </p>

    <p class='ocr_par' dir='ltr' id='par_1_6' title="bbox 214 420 2173 550">
     <span class='ocr_line' id='line_1_7' title="bbox 304 420 2171 484; baseline 0.002 -19"><span class='ocrx_word' id='word_1_28' title='bbox 304 420 372 465; x_wconf 84' lang='lat' dir='ltr'>Ex</span> <span class='ocrx_word' id='word_1_29' title='bbox 396 420 556 479; x_wconf 90' lang='lat' dir='ltr'>quibus</span> <span class='ocrx_word' id='word_1_30' title='bbox 582 420 794 465; x_wconf 86' lang='lat' dir='ltr'>omnibus</span> <span class='ocrx_word' id='word_1_31' title='bbox 821 432 1008 481; x_wconf 83' lang='lat' dir='ltr'>apparet</span> <span class='ocrx_word' id='word_1_32' title='bbox 1032 423 1154 482; x_wconf 89' lang='lat' dir='ltr'>quod</span> <span class='ocrx_word' id='word_1_33' title='bbox 1180 423 1237 468; x_wconf 91' lang='lat' dir='ltr'>de</span> <span class='ocrx_word' id='word_1_34' title='bbox 1263 423 1395 467; x_wconf 87' lang='lat' dir='ltr'>rebus</span> <span class='ocrx_word' id='word_1_35' title='bbox 1421 422 1716 467; x_wconf 83' lang='lat' dir='ltr'>nobilissimis</span> <span class='ocrx_word' id='word_1_36' title='bbox 1749 432 2171 484; x_wconf 88' lang='lat' dir='ltr'>quantumcumque</span> 
     </span>
     <span class='ocr_line' id='line_1_8' title="bbox 214 486 2173 550; baseline 0.002 -18"><span class='ocrx_word' id='word_1_37' title='bbox 214 486 477 546; x_wconf 87' lang='lat' dir='ltr'>imperfecta</span> <span class='ocrx_word' id='word_1_38' title='bbox 496 488 699 546; x_wconf 82' lang='lat' dir='ltr'>cognitio</span> <span class='ocrx_word' id='word_1_39' title='bbox 720 487 971 532; x_wconf 84' lang='lat' dir='ltr'>maximam</span> <span class='ocrx_word' id='word_1_40' title='bbox 997 488 1326 547; x_wconf 74' lang='lat' dir='ltr'>perfectionem</span> <span class='ocrx_word' id='word_1_41' title='bbox 1344 490 1524 534; x_wconf 88' lang='lat' dir='ltr'>animae</span> <span class='ocrx_word' id='word_1_42' title='bbox 1547 488 1738 536; x_wconf 80' lang='lat' dir='ltr'>confert.</span> <span class='ocrx_word' id='word_1_43' title='bbox 1756 489 1811 534; x_wconf 93' lang='lat' dir='ltr'>Et</span> <span class='ocrx_word' id='word_1_44' title='bbox 1826 489 1947 543; x_wconf 91' lang='lat' dir='ltr'>ideo,</span> <span class='ocrx_word' id='word_1_45' title='bbox 1966 493 2173 550; x_wconf 78' lang='lat' dir='ltr'>quamvis</span> 
     </span>
    </p>
   </div>
   <div class='ocr_carea' id='block_1_6' title="bbox 164 554 2171 615">
    <p class='ocr_par' dir='ltr' id='par_1_7' title="bbox 164 554 2171 615">
     <span class='ocr_line' id='line_1_9' title="bbox 164 554 2171 615; baseline 0.003 -19"><span class='ocrx_word' id='word_1_46' title='bbox 164 556 168 561; x_wconf 75' lang='grc'><em>“</em></span> <span class='ocrx_word' id='word_1_47' title='bbox 215 566 283 609; x_wconf 84' lang='lat' dir='ltr'>ea,</span> <span class='ocrx_word' id='word_1_48' title='bbox 308 567 423 612; x_wconf 88' lang='lat' dir='ltr'>quae</span> <span class='ocrx_word' id='word_1_49' title='bbox 448 567 584 612; x_wconf 89' lang='lat' dir='ltr'>supra</span> <span class='ocrx_word' id='word_1_50' title='bbox 607 554 829 598; x_wconf 89' lang='lat' dir='ltr'>rationem</span> <span class='ocrx_word' id='word_1_51' title='bbox 859 565 975 609; x_wconf 91' lang='lat' dir='ltr'>sunt,</span> <span class='ocrx_word' id='word_1_52' title='bbox 1003 555 1118 600; x_wconf 84' lang='lat' dir='ltr'>ratio</span> <span class='ocrx_word' id='word_1_53' title='bbox 1144 557 1347 600; x_wconf 91' lang='lat' dir='ltr'>humana</span> <span class='ocrx_word' id='word_1_54' title='bbox 1374 555 1506 614; x_wconf 90' lang='lat' dir='ltr'>plene</span> <span class='ocrx_word' id='word_1_55' title='bbox 1536 570 1696 614; x_wconf 84' lang='lat' dir='ltr'>capere</span> <span class='ocrx_word' id='word_1_56' title='bbox 1722 570 1816 600; x_wconf 92' lang='lat' dir='ltr'>non</span> <span class='ocrx_word' id='word_1_57' title='bbox 1843 557 1998 615; x_wconf 88' lang='lat' dir='ltr'>possit,</span> <span class='ocrx_word' id='word_1_58' title='bbox 2016 567 2171 603; x_wconf 90' lang='lat' dir='ltr'>tamen</span> 
     </span>
    </p>
   </div>
   <div class='ocr_carea' id='block_1_7' title="bbox 213 619 2175 816">
    <p class='ocr_par' dir='ltr' id='par_1_8' title="bbox 213 619 2175 816">
     <span class='ocr_line' id='line_1_10' title="bbox 213 619 2172 682; baseline 0.002 -18"><span class='ocrx_word' id='word_1_59' title='bbox 213 619 408 664; x_wconf 89' lang='lat' dir='ltr'>multum</span> <span class='ocrx_word' id='word_1_60' title='bbox 435 620 519 665; x_wconf 88' lang='lat' dir='ltr'>sibi</span> <span class='ocrx_word' id='word_1_61' title='bbox 544 619 836 679; x_wconf 88' lang='lat' dir='ltr'>perfectionis</span> <span class='ocrx_word' id='word_1_62' title='bbox 869 622 1073 680; x_wconf 84' lang='lat' dir='ltr'>acquirit,</span> <span class='ocrx_word' id='word_1_63' title='bbox 1111 623 1149 666; x_wconf 93' lang='lat' dir='ltr'>si</span> <span class='ocrx_word' id='word_1_64' title='bbox 1181 622 1344 667; x_wconf 88' lang='lat' dir='ltr'>saltem</span> <span class='ocrx_word' id='word_1_65' title='bbox 1377 637 1430 667; x_wconf 91' lang='lat' dir='ltr'>ea</span> <span class='ocrx_word' id='word_1_66' title='bbox 1457 622 1847 682; x_wconf 86' lang='lat' dir='ltr'>qualitercumque</span> <span class='ocrx_word' id='word_1_67' title='bbox 1883 633 2038 668; x_wconf 88' lang='lat' dir='ltr'>teneat</span> <span class='ocrx_word' id='word_1_68' title='bbox 2069 624 2172 670; x_wconf 86' lang='lat' dir='ltr'>fide.</span> 
     </span>
     <span class='ocr_line' id='line_1_11' title="bbox 213 685 2171 748; baseline 0.003 -18"><span class='ocrx_word' id='word_1_69' title='bbox 213 685 271 731; x_wconf 89' lang='lat' dir='ltr'>Et</span> <span class='ocrx_word' id='word_1_70' title='bbox 294 686 398 731; x_wconf 86' lang='lat' dir='ltr'>ideo</span> <span class='ocrx_word' id='word_1_71' title='bbox 425 687 587 731; x_wconf 90' lang='lat' dir='ltr'>dicitur</span> <span class='ocrx_word' id='word_1_72' title='bbox 613 687 774 744; x_wconf 87' lang='lat' dir='ltr'>(Eccli.</span> <span class='ocrx_word' id='word_1_73' title='bbox 798 688 876 732; x_wconf 95' lang='lat' dir='ltr'>III.</span> <span class='ocrx_word' id='word_1_74' title='bbox 904 689 1018 745; x_wconf 84' lang='lat'>25.):</span> <span class='ocrx_word' id='word_1_75' title='bbox 1046 689 1242 733; x_wconf 81' lang='lat' dir='ltr'>Plurima</span> <span class='ocrx_word' id='word_1_76' title='bbox 1263 698 1390 748; x_wconf 78' lang='lat' dir='ltr'>supra</span> <span class='ocrx_word' id='word_1_77' title='bbox 1414 705 1573 734; x_wconf 69' lang='lat' dir='ltr'>sensum</span> <span class='ocrx_word' id='word_1_78' title='bbox 1596 691 1774 734; x_wconf 85' lang='lat' dir='ltr'>hominis</span> <span class='ocrx_word' id='word_1_79' title='bbox 1791 695 1949 736; x_wconf 79' lang='lat' dir='ltr'>ostensa</span> <span class='ocrx_word' id='word_1_80' title='bbox 1969 697 2062 735; x_wconf 82' lang='lat' dir='ltr'>sunt</span> <span class='ocrx_word' id='word_1_81' title='bbox 2084 693 2171 735; x_wconf 81' lang='lat' dir='ltr'>tibi.</span> 
     </span>
     <span class='ocr_line' id='line_1_12' title="bbox 213 751 2175 816; baseline 0.003 -19"><span class='ocrx_word' id='word_1_82' title='bbox 213 751 270 797; x_wconf 83' lang='lat' dir='ltr'>Et</span> <span class='ocrx_word' id='word_1_83' title='bbox 292 752 349 811; x_wconf 92' lang='grc' dir='ltr'>(Ι.</span> <span class='ocrx_word' id='word_1_84' title='bbox 376 752 487 798; x_wconf 91' lang='lat' dir='ltr'>Cor.</span> <span class='ocrx_word' id='word_1_85' title='bbox 513 754 569 797; x_wconf 89' lang='grc' dir='ltr'>ΙΙ.</span> <span class='ocrx_word' id='word_1_86' title='bbox 602 766 667 799; x_wconf 91' lang='lat'>10.</span> <span class='ocrx_word' id='word_1_87' title='bbox 694 763 739 798; x_wconf 91' lang='lat' dir='ltr'>et</span> <span class='ocrx_word' id='word_1_88' title='bbox 770 755 882 812; x_wconf 87' lang='lat'>11.):</span> <span class='ocrx_word' id='word_1_89' title='bbox 912 756 1032 811; x_wconf 76' lang='lat' dir='ltr'>Quae</span> <span class='ocrx_word' id='word_1_90' title='bbox 1053 762 1146 800; x_wconf 84' lang='lat' dir='ltr'>sunt</span> <span class='ocrx_word' id='word_1_91' title='bbox 1171 756 1257 800; x_wconf 71' lang='lat' dir='ltr'>Da·</span> <span class='ocrx_word' id='word_1_92' title='bbox 1277 771 1395 800; x_wconf 76' lang='lat' dir='ltr'>nemo</span> <span class='ocrx_word' id='word_1_93' title='bbox 1419 759 1551 810; x_wconf 84' lang='lat' dir='ltr'>novit,</span> <span class='ocrx_word' id='word_1_94' title='bbox 1580 758 1661 801; x_wconf 82' lang='lat' dir='ltr'>nisi</span> <span class='ocrx_word' id='word_1_95' title='bbox 1685 757 1864 816; x_wconf 78' lang='lat' dir='ltr'>Spiritus</span> <span class='ocrx_word' id='word_1_96' title='bbox 1890 757 2018 801; x_wconf 75' lang='lat' dir='ltr'>Dei...</span> <span class='ocrx_word' id='word_1_97' title='bbox 2042 758 2175 803; x_wconf 82' lang='lat' dir='ltr'>Nobis</span> 
     </span>
    </p>
   </div>
   <div class='ocr_carea' id='block_1_8' title="bbox 184 820 1208 881">
    <p class='ocr_par' dir='ltr' id='par_1_9' title="bbox 184 820 1208 881">
     <span class='ocr_line' id='line_1_13' title="bbox 184 820 1208 881; baseline 0.003 -17"><span class='ocrx_word' id='word_1_98' title='bbox 184 871 186 874; x_wconf 17' lang='lat' dir='ltr'>v</span> <span class='ocrx_word' id='word_1_99' title='bbox 211 824 348 864; x_wconf 76' lang='lat' dir='ltr'>autem</span> <span class='ocrx_word' id='word_1_100' title='bbox 374 820 576 866; x_wconf 78' lang='lat' dir='ltr'>revelavit</span> <span class='ocrx_word' id='word_1_101' title='bbox 600 821 715 866; x_wconf 79' lang='lat' dir='ltr'>Deus</span> <span class='ocrx_word' id='word_1_102' title='bbox 733 828 811 880; x_wconf 81' lang='lat' dir='ltr'>per</span> <span class='ocrx_word' id='word_1_103' title='bbox 838 821 1048 881; x_wconf 83' lang='lat' dir='ltr'>Spiritum</span> <span class='ocrx_word' id='word_1_104' title='bbox 1073 837 1208 871; x_wconf 80' lang='lat' dir='ltr'>suum.</span> 
     </span>
    </p>
   </div>
   <div class='ocr_carea' id='block_1_9' title="bbox 218 965 1387 1025">
    <p class='ocr_par' dir='ltr' id='par_1_10' title="bbox 218 965 1387 1025">
     <span class='ocr_line' id='line_1_14' title="bbox 218 965 1387 1025; baseline 0 -2"><span class='ocrx_word' id='word_1_105' title='bbox 218 965 255 1013; x_wconf 54' lang='grc' dir='ltr'>ι’</span> <span class='ocrx_word' id='word_1_106' title='bbox 994 968 1249 1025; x_wconf 92' lang='lat' dir='ltr'><strong>CAPUT</strong></span> <span class='ocrx_word' id='word_1_107' title='bbox 1293 970 1387 1025; x_wconf 90' lang='lat' dir='ltr'>VI.</span> 
     </span>
    </p>
   </div>
   <div class='ocr_carea' id='block_1_10' title="bbox 293 1093 2084 1223">
    <p class='ocr_par' dir='ltr' id='par_1_11' title="bbox 293 1093 2084 1223">
     <span class='ocr_line' id='line_1_15' title="bbox 293 1093 2084 1156; baseline 0.002 -16"><span class='ocrx_word' id='word_1_108' title='bbox 293 1101 456 1147; x_wconf 69' lang='lat' dir='ltr'>Quom</span> <span class='ocrx_word' id='word_1_109' title='bbox 481 1102 778 1142; x_wconf 80' lang='lat' dir='ltr'>ASSENTIRE</span> <span class='ocrx_word' id='word_1_110' title='bbox 812 1103 899 1141; x_wconf 79' lang='lat' dir='ltr'>ms</span> <span class='ocrx_word' id='word_1_111' title='bbox 934 1104 1084 1149; x_wconf 84' lang='lat' dir='ltr'><strong>QUAE</strong></span> <span class='ocrx_word' id='word_1_112' title='bbox 1118 1104 1260 1142; x_wconf 83' lang='lat' dir='ltr'>SUNT</span> <span class='ocrx_word' id='word_1_113' title='bbox 1293 1105 1458 1155; x_wconf 80' lang='lat' dir='ltr'>FmEr,</span> <span class='ocrx_word' id='word_1_114' title='bbox 1491 1105 1609 1144; x_wconf 79' lang='lat' dir='ltr'>NON</span> <span class='ocrx_word' id='word_1_115' title='bbox 1640 1093 1741 1144; x_wconf 81' lang='lat' dir='ltr'>Es&#39;T</span> <span class='ocrx_word' id='word_1_116' title='bbox 1775 1105 2084 1156; x_wconf 69' lang='lat' dir='ltr'>LEvrrA‘rts,</span> 
     </span>
     <span class='ocr_line' id='line_1_16' title="bbox 496 1167 1984 1223; baseline 0.002 -8"><span class='ocrx_word' id='word_1_117' title='bbox 496 1167 504 1177; x_wconf 88' lang='grc'><strong><em>’</em></strong></span> <span class='ocrx_word' id='word_1_118' title='bbox 724 1177 967 1223; x_wconf 84' lang='lat' dir='ltr'>QUAMVIS</span> <span class='ocrx_word' id='word_1_119' title='bbox 1001 1178 1171 1217; x_wconf 80' lang='lat' dir='ltr'>SUPRA</span> <span class='ocrx_word' id='word_1_120' title='bbox 1198 1179 1486 1218; x_wconf 85' lang='lat' dir='ltr'><strong>RATIONEM</strong></span> <span class='ocrx_word' id='word_1_121' title='bbox 1518 1179 1660 1218; x_wconf 82' lang='lat' dir='ltr'>s1NT.</span> <span class='ocrx_word' id='word_1_122' title='bbox 1981 1190 1984 1194; x_wconf 46' lang='lat'><strong>⁴</strong></span> 
     </span>
    </p>
   </div>
   <div class='ocr_carea' id='block_1_11' title="bbox 197 1282 2213 2686">
    <p class='ocr_par' dir='ltr' id='par_1_12' title="bbox 209 1282 2213 1479">
     <span class='ocr_line' id='line_1_17' title="bbox 298 1282 2172 1348; baseline 0.002 -17"><span class='ocrx_word' id='word_1_123' title='bbox 298 1285 577 1345; x_wconf 78' lang='lat' dir='ltr'>Huiusmodi</span> <span class='ocrx_word' id='word_1_124' title='bbox 603 1297 756 1332; x_wconf 84' lang='lat' dir='ltr'>autem</span> <span class='ocrx_word' id='word_1_125' title='bbox 781 1287 974 1342; x_wconf 88' lang='lat' dir='ltr'>veritati,</span> <span class='ocrx_word' id='word_1_126' title='bbox 1001 1288 1075 1332; x_wconf 91' lang='lat' dir='ltr'>cui</span> <span class='ocrx_word' id='word_1_127' title='bbox 1101 1288 1216 1332; x_wconf 90' lang='lat' dir='ltr'>ratio</span> <span class='ocrx_word' id='word_1_128' title='bbox 1243 1288 1446 1333; x_wconf 90' lang='lat' dir='ltr'>humana</span> <span class='ocrx_word' id='word_1_129' title='bbox 1472 1282 1833 1348; x_wconf 82' lang='lat' dir='ltr'>experimentum</span> <span class='ocrx_word' id='word_1_130' title='bbox 1857 1303 1951 1334; x_wconf 92' lang='lat' dir='ltr'>non</span> <span class='ocrx_word' id='word_1_131' title='bbox 1974 1289 2172 1348; x_wconf 87' lang='lat' dir='ltr'>praebet,</span> 
     </span>
     <span class='ocr_line' id='line_1_18' title="bbox 209 1353 2213 1414; baseline 0.001 -16"><span class='ocrx_word' id='word_1_132' title='bbox 209 1353 348 1399; x_wconf 86' lang='lat' dir='ltr'>fidem</span> <span class='ocrx_word' id='word_1_133' title='bbox 374 1354 640 1399; x_wconf 88' lang='lat' dir='ltr'>adhibentes</span> <span class='ocrx_word' id='word_1_134' title='bbox 664 1369 759 1399; x_wconf 91' lang='lat' dir='ltr'>non</span> <span class='ocrx_word' id='word_1_135' title='bbox 784 1354 944 1399; x_wconf 92' lang='lat' dir='ltr'>leviter</span> <span class='ocrx_word' id='word_1_136' title='bbox 970 1355 1172 1409; x_wconf 87' lang='lat' dir='ltr'>credunt,</span> <span class='ocrx_word' id='word_1_137' title='bbox 1200 1355 1328 1414; x_wconf 89' lang='lat' dir='ltr'>quasi</span> <span class='ocrx_word' id='word_1_138' title='bbox 1353 1355 1540 1400; x_wconf 85' lang='lat' dir='ltr'>indoctas</span> <span class='ocrx_word' id='word_1_139' title='bbox 1558 1356 1724 1413; x_wconf 75' lang='lat' dir='ltr'>fabulas</span> <span class='ocrx_word' id='word_1_140' title='bbox 1749 1357 1887 1410; x_wconf 65' lang='lat' dir='ltr'>secuti,</span> <span class='ocrx_word' id='word_1_141' title='bbox 1906 1365 1955 1400; x_wconf 90' lang='lat' dir='ltr'>ut</span> <span class='ocrx_word' id='word_1_142' title='bbox 1975 1357 2173 1401; x_wconf 86' lang='lat' dir='ltr'>secunda</span> <span class='ocrx_word' id='word_1_143' title='bbox 2210 1385 2213 1388; x_wconf 64' lang='lat'><strong><em>‹</em></strong></span> 
     </span>
     <span class='ocr_line' id='line_1_19' title="bbox 211 1419 740 1479; baseline -0.009 -10"><span class='ocrx_word' id='word_1_144' title='bbox 211 1419 334 1469; x_wconf 85' lang='lat' dir='ltr'>Petri</span> <span class='ocrx_word' id='word_1_145' title='bbox 361 1419 416 1479; x_wconf 89' lang='grc' dir='ltr'>(Ι.</span> <span class='ocrx_word' id='word_1_146' title='bbox 448 1419 537 1477; x_wconf 82' lang='lat'>16.)</span> <span class='ocrx_word' id='word_1_147' title='bbox 565 1421 740 1465; x_wconf 90' lang='lat' dir='ltr'>dicitur.</span> 
     </span>
    </p>

    <p class='ocr_par' dir='ltr' id='par_1_13' title="bbox 201 1486 2173 2084">
     <span class='ocr_line' id='line_1_20' title="bbox 296 1486 2173 1548; baseline 0.001 -17"><span class='ocrx_word' id='word_1_148' title='bbox 296 1486 423 1532; x_wconf 91' lang='lat' dir='ltr'>Haec</span> <span class='ocrx_word' id='word_1_149' title='bbox 449 1487 574 1532; x_wconf 91' lang='lat' dir='ltr'>enim</span> <span class='ocrx_word' id='word_1_150' title='bbox 599 1487 779 1532; x_wconf 87' lang='lat' dir='ltr'>divinae</span> <span class='ocrx_word' id='word_1_151' title='bbox 804 1487 1051 1545; x_wconf 89' lang='lat' dir='ltr'>sapientiae</span> <span class='ocrx_word' id='word_1_152' title='bbox 1077 1498 1253 1532; x_wconf 90' lang='lat' dir='ltr'>secreta</span> <span class='ocrx_word' id='word_1_153' title='bbox 1278 1488 1378 1547; x_wconf 90' lang='lat' dir='ltr'>ipsa</span> <span class='ocrx_word' id='word_1_154' title='bbox 1403 1489 1555 1532; x_wconf 89' lang='lat' dir='ltr'>divina</span> <span class='ocrx_word' id='word_1_155' title='bbox 1590 1488 1838 1547; x_wconf 88' lang='lat' dir='ltr'>Sapientia,</span> <span class='ocrx_word' id='word_1_156' title='bbox 1864 1503 1980 1548; x_wconf 92' lang='lat' dir='ltr'>quae</span> <span class='ocrx_word' id='word_1_157' title='bbox 2015 1489 2173 1534; x_wconf 89' lang='lat' dir='ltr'>omnia</span> 
     </span>
     <span class='ocr_line' id='line_1_21' title="bbox 207 1552 2173 1615; baseline 0.002 -18"><span class='ocrx_word' id='word_1_158' title='bbox 207 1552 469 1612; x_wconf 87' lang='lat' dir='ltr'>plenissime</span> <span class='ocrx_word' id='word_1_159' title='bbox 499 1555 642 1607; x_wconf 88' lang='lat' dir='ltr'>novit,</span> <span class='ocrx_word' id='word_1_160' title='bbox 674 1553 860 1612; x_wconf 89' lang='lat' dir='ltr'>dignata</span> <span class='ocrx_word' id='word_1_161' title='bbox 893 1563 961 1598; x_wconf 86' lang='lat' dir='ltr'>est</span> <span class='ocrx_word' id='word_1_162' title='bbox 991 1555 1256 1598; x_wconf 90' lang='lat' dir='ltr'>hominibus</span> <span class='ocrx_word' id='word_1_163' title='bbox 1288 1554 1507 1609; x_wconf 89' lang='lat' dir='ltr'>revelare,</span> <span class='ocrx_word' id='word_1_164' title='bbox 1540 1570 1656 1614; x_wconf 91' lang='lat' dir='ltr'>quae</span> <span class='ocrx_word' id='word_1_165' title='bbox 1688 1556 1759 1600; x_wconf 90' lang='lat' dir='ltr'>sui</span> <span class='ocrx_word' id='word_1_166' title='bbox 1790 1556 2096 1615; x_wconf 85' lang='lat' dir='ltr'>praesentiam</span> <span class='ocrx_word' id='word_1_167' title='bbox 2129 1565 2173 1600; x_wconf 89' lang='lat' dir='ltr'>et</span> 
     </span>
     <span class='ocr_line' id='line_1_22' title="bbox 205 1619 2172 1681; baseline 0.002 -18"><span class='ocrx_word' id='word_1_168' title='bbox 205 1619 440 1664; x_wconf 88' lang='lat' dir='ltr'>doctrinae</span> <span class='ocrx_word' id='word_1_169' title='bbox 467 1629 512 1664; x_wconf 88' lang='lat' dir='ltr'>et</span> <span class='ocrx_word' id='word_1_170' title='bbox 534 1620 843 1679; x_wconf 89' lang='lat' dir='ltr'>inspirationis</span> <span class='ocrx_word' id='word_1_171' title='bbox 864 1621 1103 1665; x_wconf 89' lang='lat' dir='ltr'>veritatem</span> <span class='ocrx_word' id='word_1_172' title='bbox 1129 1622 1505 1666; x_wconf 89' lang='lat' dir='ltr'>convenientibus</span> <span class='ocrx_word' id='word_1_173' title='bbox 1529 1623 1808 1681; x_wconf 86' lang='lat' dir='ltr'>argumentis</span> <span class='ocrx_word' id='word_1_174' title='bbox 1831 1623 2045 1677; x_wconf 86' lang='lat' dir='ltr'>ostendit,</span> <span class='ocrx_word' id='word_1_175' title='bbox 2061 1622 2172 1667; x_wconf 90' lang='lat' dir='ltr'>dum</span> 
     </span>
     <span class='ocr_line' id='line_1_23' title="bbox 206 1685 2173 1749; baseline 0.002 -19"><span class='ocrx_word' id='word_1_176' title='bbox 206 1685 263 1730; x_wconf 85' lang='lat' dir='ltr'>ad</span> <span class='ocrx_word' id='word_1_177' title='bbox 293 1685 660 1731; x_wconf 88' lang='lat' dir='ltr'>confirmandum</span> <span class='ocrx_word' id='word_1_178' title='bbox 693 1701 762 1741; x_wconf 89' lang='lat' dir='ltr'>ea,</span> <span class='ocrx_word' id='word_1_179' title='bbox 794 1702 910 1746; x_wconf 89' lang='lat' dir='ltr'>quae</span> <span class='ocrx_word' id='word_1_180' title='bbox 943 1687 1199 1733; x_wconf 85' lang='lat' dir='ltr'>naturalem</span> <span class='ocrx_word' id='word_1_181' title='bbox 1233 1689 1549 1747; x_wconf 88' lang='lat' dir='ltr'>cognitionem</span> <span class='ocrx_word' id='word_1_182' title='bbox 1584 1690 1827 1744; x_wconf 83' lang='lat' dir='ltr'>excedunt,</span> <span class='ocrx_word' id='word_1_183' title='bbox 1860 1704 1999 1749; x_wconf 90' lang='lat' dir='ltr'>opera</span> <span class='ocrx_word' id='word_1_184' title='bbox 2025 1690 2173 1734; x_wconf 90' lang='lat' dir='ltr'>visibi-</span> 
     </span>
     <span class='ocr_line' id='line_1_24' title="bbox 203 1751 2171 1814; baseline 0.002 -17"><span class='ocrx_word' id='word_1_185' title='bbox 203 1751 307 1798; x_wconf 67' lang='lat' dir='ltr'>liter</span> <span class='ocrx_word' id='word_1_186' title='bbox 330 1754 539 1808; x_wconf 89' lang='lat' dir='ltr'>ostendit,</span> <span class='ocrx_word' id='word_1_187' title='bbox 562 1768 678 1813; x_wconf 90' lang='lat' dir='ltr'>quae</span> <span class='ocrx_word' id='word_1_188' title='bbox 704 1754 842 1799; x_wconf 90' lang='lat' dir='ltr'>totius</span> <span class='ocrx_word' id='word_1_189' title='bbox 868 1765 1055 1800; x_wconf 89' lang='lat' dir='ltr'>naturae</span> <span class='ocrx_word' id='word_1_190' title='bbox 1082 1766 1298 1814; x_wconf 90' lang='lat' dir='ltr'>superant</span> <span class='ocrx_word' id='word_1_191' title='bbox 1326 1755 1617 1810; x_wconf 81' lang='lat' dir='ltr'>facultatem3</span> <span class='ocrx_word' id='word_1_192' title='bbox 1650 1757 1865 1801; x_wconf 86' lang='lat' dir='ltr'>videlicet</span> <span class='ocrx_word' id='word_1_193' title='bbox 1895 1758 1941 1800; x_wconf 91' lang='lat' dir='ltr'>in</span> <span class='ocrx_word' id='word_1_194' title='bbox 1975 1757 2171 1801; x_wconf 88' lang='lat' dir='ltr'>mirabili</span> 
     </span>
     <span class='ocr_line' id='line_1_25' title="bbox 205 1819 2172 1883; baseline 0.002 -19"><span class='ocrx_word' id='word_1_195' title='bbox 205 1820 439 1865; x_wconf 88' lang='lat' dir='ltr'>curatione</span> <span class='ocrx_word' id='word_1_196' title='bbox 457 1819 747 1880; x_wconf 88' lang='lat' dir='ltr'>languorum,</span> <span class='ocrx_word' id='word_1_197' title='bbox 769 1831 1060 1866; x_wconf 90' lang='lat' dir='ltr'>mortuorum</span> <span class='ocrx_word' id='word_1_198' title='bbox 1082 1823 1393 1879; x_wconf 87' lang='lat' dir='ltr'>suscitatione,</span> <span class='ocrx_word' id='word_1_199' title='bbox 1413 1823 1680 1868; x_wconf 84' lang='lat' dir='ltr'>coelestium</span> <span class='ocrx_word' id='word_1_200' title='bbox 1700 1838 1948 1883; x_wconf 90' lang='lat' dir='ltr'>corporum</span> <span class='ocrx_word' id='word_1_201' title='bbox 1975 1824 2172 1868; x_wconf 88' lang='lat' dir='ltr'>mirabili</span> 
     </span>
     <span class='ocr_line' id='line_1_26' title="bbox 204 1888 2171 1952; baseline 0.002 -20"><span class='ocrx_word' id='word_1_202' title='bbox 204 1888 537 1943; x_wconf 84' lang='lat' dir='ltr'>immutatione,</span> <span class='ocrx_word' id='word_1_203' title='bbox 563 1899 622 1943; x_wconf 91' lang='lat' dir='ltr'>et,</span> <span class='ocrx_word' id='word_1_204' title='bbox 648 1889 771 1949; x_wconf 92' lang='lat' dir='ltr'>quod</span> <span class='ocrx_word' id='word_1_205' title='bbox 799 1899 867 1934; x_wconf 91' lang='lat' dir='ltr'>est</span> <span class='ocrx_word' id='word_1_206' title='bbox 891 1889 1158 1945; x_wconf 88' lang='lat' dir='ltr'>mirabilius,</span> <span class='ocrx_word' id='word_1_207' title='bbox 1185 1891 1495 1936; x_wconf 87' lang='lat' dir='ltr'>humanarum</span> <span class='ocrx_word' id='word_1_208' title='bbox 1527 1892 1752 1936; x_wconf 88' lang='lat' dir='ltr'>mentium</span> <span class='ocrx_word' id='word_1_209' title='bbox 1783 1892 2095 1952; x_wconf 89' lang='lat' dir='ltr'>inspiratione,</span> <span class='ocrx_word' id='word_1_210' title='bbox 2123 1902 2171 1936; x_wconf 92' lang='lat' dir='ltr'>ut</span> 
     </span>
     <span class='ocr_line' id='line_1_27' title="bbox 201 1954 2170 2019; baseline 0.002 -19"><span class='ocrx_word' id='word_1_211' title='bbox 201 1954 372 2000; x_wconf 88' lang='lat' dir='ltr'>idiotae</span> <span class='ocrx_word' id='word_1_212' title='bbox 398 1965 444 2000; x_wconf 87' lang='lat' dir='ltr'>et</span> <span class='ocrx_word' id='word_1_213' title='bbox 467 1955 714 2016; x_wconf 88' lang='lat' dir='ltr'>simplices,</span> <span class='ocrx_word' id='word_1_214' title='bbox 740 1956 864 2002; x_wconf 92' lang='lat' dir='ltr'>dono</span> <span class='ocrx_word' id='word_1_215' title='bbox 893 1957 1088 2016; x_wconf 89' lang='lat' dir='ltr'>Spiritus</span> <span class='ocrx_word' id='word_1_216' title='bbox 1116 1959 1274 2004; x_wconf 88' lang='lat' dir='ltr'>Sancti</span> <span class='ocrx_word' id='word_1_217' title='bbox 1299 1958 1475 2019; x_wconf 89' lang='lat' dir='ltr'>repleti,</span> <span class='ocrx_word' id='word_1_218' title='bbox 1499 1973 1731 2003; x_wconf 89' lang='lat' dir='ltr'>summam</span> <span class='ocrx_word' id='word_1_219' title='bbox 1751 1959 2022 2018; x_wconf 87' lang='lat' dir='ltr'>sapientiam</span> <span class='ocrx_word' id='word_1_220' title='bbox 2041 1970 2085 2004; x_wconf 90' lang='lat' dir='ltr'>et</span> <span class='ocrx_word' id='word_1_221' title='bbox 2106 1958 2170 2003; x_wconf 90' lang='lat' dir='ltr'>fa-</span> 
     </span>
     <span class='ocr_line' id='line_1_28' title="bbox 203 2022 1128 2084; baseline 0.003 -18"><span class='ocrx_word' id='word_1_222' title='bbox 203 2022 417 2067; x_wconf 90' lang='lat' dir='ltr'>cundiam</span> <span class='ocrx_word' id='word_1_223' title='bbox 441 2022 489 2067; x_wconf 91' lang='lat' dir='ltr'>in</span> <span class='ocrx_word' id='word_1_224' title='bbox 514 2023 699 2068; x_wconf 88' lang='lat' dir='ltr'>instanti</span> <span class='ocrx_word' id='word_1_225' title='bbox 726 2035 1128 2084; x_wconf 90' lang='lat' dir='ltr'>consequerentur.</span> 
     </span>
    </p>

    <p class='ocr_par' dir='ltr' id='par_1_14' title="bbox 197 2089 2170 2686">
     <span class='ocr_line' id='line_1_29' title="bbox 292 2089 2169 2152; baseline 0.001 -18"><span class='ocrx_word' id='word_1_226' title='bbox 292 2089 472 2142; x_wconf 86' lang='lat' dir='ltr'>Quibus</span> <span class='ocrx_word' id='word_1_227' title='bbox 497 2090 726 2150; x_wconf 90' lang='lat' dir='ltr'>inspectis,</span> <span class='ocrx_word' id='word_1_228' title='bbox 748 2091 1006 2149; x_wconf 88' lang='lat' dir='ltr'>praedictae</span> <span class='ocrx_word' id='word_1_229' title='bbox 1028 2091 1311 2151; x_wconf 88' lang='lat' dir='ltr'>probationis</span> <span class='ocrx_word' id='word_1_230' title='bbox 1329 2091 1548 2147; x_wconf 85' lang='lat' dir='ltr'>efficacia,</span> <span class='ocrx_word' id='word_1_231' title='bbox 1566 2107 1660 2137; x_wconf 92' lang='lat' dir='ltr'>non</span> <span class='ocrx_word' id='word_1_232' title='bbox 1683 2106 1918 2138; x_wconf 88' lang='lat' dir='ltr'>armorum</span> <span class='ocrx_word' id='word_1_233' title='bbox 1935 2091 2169 2152; x_wconf 86' lang='lat' dir='ltr'>violentia,</span> 
     </span>
     <span class='ocr_line' id='line_1_30' title="bbox 197 2154 2170 2219; baseline 0.001 -17"><span class='ocrx_word' id='word_1_234' title='bbox 197 2169 296 2205; x_wconf 76' lang='lat' dir='ltr'>non</span> <span class='ocrx_word' id='word_1_235' title='bbox 319 2156 606 2216; x_wconf 88' lang='lat' dir='ltr'>voluptatum</span> <span class='ocrx_word' id='word_1_236' title='bbox 631 2158 952 2216; x_wconf 90' lang='lat' dir='ltr'>promissione,</span> <span class='ocrx_word' id='word_1_237' title='bbox 979 2169 1037 2213; x_wconf 91' lang='lat' dir='ltr'>et,</span> <span class='ocrx_word' id='word_1_238' title='bbox 1064 2159 1187 2218; x_wconf 91' lang='lat' dir='ltr'>quod</span> <span class='ocrx_word' id='word_1_239' title='bbox 1220 2169 1288 2204; x_wconf 90' lang='lat' dir='ltr'>est</span> <span class='ocrx_word' id='word_1_240' title='bbox 1319 2159 1726 2214; x_wconf 89' lang='lat' dir='ltr'>mirabilissimum,</span> <span class='ocrx_word' id='word_1_241' title='bbox 1758 2160 1875 2204; x_wconf 90' lang='lat' dir='ltr'>inter</span> <span class='ocrx_word' id='word_1_242' title='bbox 1907 2154 2170 2219; x_wconf 86' lang='lat' dir='ltr'>persecuto-</span> 
     </span>
     <span class='ocr_line' id='line_1_31' title="bbox 200 2224 2170 2286; baseline 0.001 -18"><span class='ocrx_word' id='word_1_243' title='bbox 200 2237 303 2279; x_wconf 80' lang='lat' dir='ltr'>rum</span> <span class='ocrx_word' id='word_1_244' title='bbox 327 2224 630 2283; x_wconf 90' lang='lat' dir='ltr'>tyrannidem,</span> <span class='ocrx_word' id='word_1_245' title='bbox 651 2224 996 2270; x_wconf 90' lang='lat' dir='ltr'>innumerabilis</span> <span class='ocrx_word' id='word_1_246' title='bbox 1014 2226 1144 2270; x_wconf 91' lang='lat' dir='ltr'>turba</span> <span class='ocrx_word' id='word_1_247' title='bbox 1162 2241 1256 2271; x_wconf 91' lang='lat' dir='ltr'>non</span> <span class='ocrx_word' id='word_1_248' title='bbox 1276 2225 1428 2271; x_wconf 90' lang='lat' dir='ltr'>solum</span> <span class='ocrx_word' id='word_1_249' title='bbox 1447 2226 1724 2285; x_wconf 88' lang='lat' dir='ltr'>simplicium</span> <span class='ocrx_word' id='word_1_250' title='bbox 1743 2227 1821 2271; x_wconf 94' lang='lat' dir='ltr'>sed</span> <span class='ocrx_word' id='word_1_251' title='bbox 1841 2227 1980 2271; x_wconf 91' lang='lat' dir='ltr'>etiam</span> <span class='ocrx_word' id='word_1_252' title='bbox 1997 2226 2170 2286; x_wconf 89' lang='lat' dir='ltr'>sapien-</span> 
     </span>
     <span class='ocr_line' id='line_1_32' title="bbox 197 2289 2170 2353; baseline 0.002 -19"><span class='ocrx_word' id='word_1_253' title='bbox 197 2289 483 2342; x_wconf 68' lang='lat' dir='ltr'>tissimorum</span> <span class='ocrx_word' id='word_1_254' title='bbox 498 2291 743 2336; x_wconf 90' lang='lat' dir='ltr'>hominum</span> <span class='ocrx_word' id='word_1_255' title='bbox 761 2292 818 2336; x_wconf 90' lang='lat' dir='ltr'>ad</span> <span class='ocrx_word' id='word_1_256' title='bbox 834 2291 971 2337; x_wconf 90' lang='lat' dir='ltr'>fidem</span> <span class='ocrx_word' id='word_1_257' title='bbox 993 2293 1289 2338; x_wconf 88' lang='lat' dir='ltr'>christianam</span> <span class='ocrx_word' id='word_1_258' title='bbox 1309 2293 1598 2348; x_wconf 82' lang='lat' dir='ltr'>convolavit3</span> <span class='ocrx_word' id='word_1_259' title='bbox 1625 2294 1671 2337; x_wconf 91' lang='lat' dir='ltr'>in</span> <span class='ocrx_word' id='word_1_260' title='bbox 1698 2308 1786 2353; x_wconf 88' lang='lat' dir='ltr'>qua</span> <span class='ocrx_word' id='word_1_261' title='bbox 1804 2307 1993 2338; x_wconf 89' lang='lat' dir='ltr'>omnem</span> <span class='ocrx_word' id='word_1_262' title='bbox 2010 2294 2170 2337; x_wconf 90' lang='lat' dir='ltr'>huma-</span> 
     </span>
     <span class='ocr_line' id='line_1_33' title="bbox 199 2357 2169 2420; baseline 0.001 -18"><span class='ocrx_word' id='word_1_263' title='bbox 199 2371 313 2405; x_wconf 86' lang='lat' dir='ltr'>num</span> <span class='ocrx_word' id='word_1_264' title='bbox 343 2357 627 2404; x_wconf 87' lang='lat' dir='ltr'>intellectum</span> <span class='ocrx_word' id='word_1_265' title='bbox 660 2359 925 2404; x_wconf 85' lang='lat' dir='ltr'>excedentia</span> <span class='ocrx_word' id='word_1_266' title='bbox 960 2360 1294 2419; x_wconf 89' lang='lat' dir='ltr'>praedicantur,</span> <span class='ocrx_word' id='word_1_267' title='bbox 1326 2359 1585 2420; x_wconf 91' lang='lat' dir='ltr'>voluptates</span> <span class='ocrx_word' id='word_1_268' title='bbox 1621 2361 1769 2404; x_wconf 90' lang='lat' dir='ltr'>carnis</span> <span class='ocrx_word' id='word_1_269' title='bbox 1807 2360 2091 2415; x_wconf 88' lang='lat' dir='ltr'>cohibentur,</span> <span class='ocrx_word' id='word_1_270' title='bbox 2125 2370 2169 2404; x_wconf 92' lang='lat' dir='ltr'>et</span> 
     </span>
     <span class='ocr_line' id='line_1_34' title="bbox 201 2425 2169 2487; baseline 0.001 -18"><span class='ocrx_word' id='word_1_271' title='bbox 201 2425 357 2470; x_wconf 87' lang='lat' dir='ltr'>omnia</span> <span class='ocrx_word' id='word_1_272' title='bbox 383 2438 500 2484; x_wconf 91' lang='lat' dir='ltr'>quae</span> <span class='ocrx_word' id='word_1_273' title='bbox 525 2425 572 2469; x_wconf 92' lang='lat' dir='ltr'>in</span> <span class='ocrx_word' id='word_1_274' title='bbox 598 2426 772 2471; x_wconf 91' lang='lat' dir='ltr'>mundo</span> <span class='ocrx_word' id='word_1_275' title='bbox 795 2437 900 2471; x_wconf 92' lang='lat' dir='ltr'>sunt</span> <span class='ocrx_word' id='word_1_276' title='bbox 915 2426 1074 2471; x_wconf 90' lang='lat' dir='ltr'>haberi</span> <span class='ocrx_word' id='word_1_277' title='bbox 1092 2427 1377 2487; x_wconf 88' lang='lat' dir='ltr'>contemptui</span> <span class='ocrx_word' id='word_1_278' title='bbox 1395 2427 1629 2472; x_wconf 88' lang='lat' dir='ltr'>docentur.</span> <span class='ocrx_word' id='word_1_279' title='bbox 1652 2427 1831 2480; x_wconf 87' lang='lat' dir='ltr'>Quibus</span> <span class='ocrx_word' id='word_1_280' title='bbox 1851 2429 2030 2472; x_wconf 90' lang='lat' dir='ltr'>animos</span> <span class='ocrx_word' id='word_1_281' title='bbox 2050 2441 2169 2472; x_wconf 90' lang='lat' dir='ltr'>mor-</span> 
     </span>
     <span class='ocr_line' id='line_1_35' title="bbox 199 2489 2168 2555; baseline 0.002 -19"><span class='ocrx_word' id='word_1_282' title='bbox 199 2489 360 2537; x_wconf 85' lang='lat' dir='ltr'>talium</span> <span class='ocrx_word' id='word_1_283' title='bbox 386 2493 603 2538; x_wconf 89' lang='lat' dir='ltr'>assentire</span> <span class='ocrx_word' id='word_1_284' title='bbox 630 2502 675 2537; x_wconf 90' lang='lat' dir='ltr'>et</span> <span class='ocrx_word' id='word_1_285' title='bbox 699 2493 954 2537; x_wconf 85' lang='lat' dir='ltr'>maximum</span> <span class='ocrx_word' id='word_1_286' title='bbox 980 2493 1254 2538; x_wconf 89' lang='lat' dir='ltr'>miraculum</span> <span class='ocrx_word' id='word_1_287' title='bbox 1281 2504 1362 2548; x_wconf 91' lang='lat' dir='ltr'>est,</span> <span class='ocrx_word' id='word_1_288' title='bbox 1390 2503 1434 2538; x_wconf 88' lang='lat' dir='ltr'>et</span> <span class='ocrx_word' id='word_1_289' title='bbox 1459 2494 1752 2539; x_wconf 88' lang='lat' dir='ltr'>manifestum</span> <span class='ocrx_word' id='word_1_290' title='bbox 1776 2495 1956 2539; x_wconf 89' lang='lat' dir='ltr'>divinae</span> <span class='ocrx_word' id='word_1_291' title='bbox 1977 2495 2168 2555; x_wconf 88' lang='lat' dir='ltr'>inspira-</span> 
     </span>
     <span class='ocr_line' id='line_1_36' title="bbox 199 2557 2166 2620; baseline 0.002 -17"><span class='ocrx_word' id='word_1_292' title='bbox 199 2557 336 2604; x_wconf 87' lang='lat' dir='ltr'>tionis</span> <span class='ocrx_word' id='word_1_293' title='bbox 361 2572 491 2616; x_wconf 90' lang='lat' dir='ltr'>opus,</span> <span class='ocrx_word' id='word_1_294' title='bbox 518 2569 579 2614; x_wconf 91' lang='lat' dir='ltr'>ut,</span> <span class='ocrx_word' id='word_1_295' title='bbox 606 2560 881 2618; x_wconf 89' lang='lat' dir='ltr'>contemptis</span> <span class='ocrx_word' id='word_1_296' title='bbox 906 2560 1170 2615; x_wconf 86' lang='lat' dir='ltr'>visibilibus,</span> <span class='ocrx_word' id='word_1_297' title='bbox 1196 2561 1296 2605; x_wconf 90' lang='lat' dir='ltr'>sola</span> <span class='ocrx_word' id='word_1_298' title='bbox 1321 2561 1564 2605; x_wconf 89' lang='lat' dir='ltr'>invisibilia</span> <span class='ocrx_word' id='word_1_299' title='bbox 1597 2563 1848 2620; x_wconf 89' lang='lat' dir='ltr'>cupiantur.</span> <span class='ocrx_word' id='word_1_300' title='bbox 1883 2562 1984 2606; x_wconf 90' lang='lat' dir='ltr'>Hoc</span> <span class='ocrx_word' id='word_1_301' title='bbox 2013 2572 2166 2606; x_wconf 89' lang='lat' dir='ltr'>autem</span> 
     </span>
     <span class='ocr_line' id='line_1_37' title="bbox 199 2625 2168 2686; baseline 0.002 -17"><span class='ocrx_word' id='word_1_302' title='bbox 199 2638 294 2669; x_wconf 87' lang='lat' dir='ltr'>non</span> <span class='ocrx_word' id='word_1_303' title='bbox 320 2625 469 2670; x_wconf 91' lang='lat' dir='ltr'>subito</span> <span class='ocrx_word' id='word_1_304' title='bbox 494 2639 643 2685; x_wconf 91' lang='lat' dir='ltr'>neque</span> <span class='ocrx_word' id='word_1_305' title='bbox 669 2640 793 2680; x_wconf 92' lang='lat' dir='ltr'>casu,</span> <span class='ocrx_word' id='word_1_306' title='bbox 819 2627 897 2671; x_wconf 89' lang='lat' dir='ltr'>sed</span> <span class='ocrx_word' id='word_1_307' title='bbox 924 2626 1076 2671; x_wconf 89' lang='lat' dir='ltr'>divina</span> <span class='ocrx_word' id='word_1_308' title='bbox 1103 2628 1403 2686; x_wconf 89' lang='lat' dir='ltr'>dispositione</span> <span class='ocrx_word' id='word_1_309' title='bbox 1438 2627 1607 2672; x_wconf 90' lang='lat' dir='ltr'>factum</span> <span class='ocrx_word' id='word_1_310' title='bbox 1642 2642 1740 2672; x_wconf 88' lang='lat' dir='ltr'>esse</span> <span class='ocrx_word' id='word_1_311' title='bbox 1773 2627 2068 2673; x_wconf 88' lang='lat' dir='ltr'>manifestum</span> <span class='ocrx_word' id='word_1_312' title='bbox 2100 2639 2168 2673; x_wconf 91' lang='lat' dir='ltr'>est</span> 
     </span>
    </p>
   </div>
   <div class='ocr_carea' id='block_1_12' title="bbox 127 2691 2167 2754">
    <p class='ocr_par' dir='ltr' id='par_1_15' title="bbox 127 2691 2167 2754">
     <span class='ocr_line' id='line_1_38' title="bbox 127 2691 2167 2754; baseline -0 -14"><span class='ocrx_word' id='word_1_313' title='bbox 127 2702 141 2718; x_wconf 47' lang='lat'>&#39;¹</span> <span class='ocrx_word' id='word_1_314' title='bbox 198 2704 255 2740; x_wconf 77' lang='lat' dir='ltr'>ex</span> <span class='ocrx_word' id='word_1_315' title='bbox 278 2691 386 2746; x_wconf 90' lang='lat' dir='ltr'>hoc,</span> <span class='ocrx_word' id='word_1_316' title='bbox 411 2691 534 2751; x_wconf 91' lang='lat' dir='ltr'>quod</span> <span class='ocrx_word' id='word_1_317' title='bbox 559 2692 650 2737; x_wconf 93' lang='lat' dir='ltr'>hoc</span> <span class='ocrx_word' id='word_1_318' title='bbox 677 2707 725 2738; x_wconf 89' lang='lat' dir='ltr'>se</span> <span class='ocrx_word' id='word_1_319' title='bbox 751 2692 978 2738; x_wconf 88' lang='lat' dir='ltr'>facturum</span> <span class='ocrx_word' id='word_1_320' title='bbox 1003 2694 1130 2739; x_wconf 90' lang='lat' dir='ltr'>Deus</span> <span class='ocrx_word' id='word_1_321' title='bbox 1157 2693 1311 2739; x_wconf 90' lang='lat' dir='ltr'>multis</span> <span class='ocrx_word' id='word_1_322' title='bbox 1338 2705 1441 2739; x_wconf 90' lang='lat' dir='ltr'>ante</span> <span class='ocrx_word' id='word_1_323' title='bbox 1468 2695 1795 2754; x_wconf 90' lang='lat' dir='ltr'>prophetarum</span> <span class='ocrx_word' id='word_1_324' title='bbox 1822 2695 2044 2754; x_wconf 86' lang='lat' dir='ltr'>praedixit</span> <span class='ocrx_word' id='word_1_325' title='bbox 2069 2709 2167 2740; x_wconf 90' lang='lat' dir='ltr'>ora-</span> 
     </span>
    </p>
   </div>
   <div class='ocr_carea' id='block_1_13' title="bbox 197 2757 2165 3489">
    <p class='ocr_par' dir='ltr' id='par_1_16' title="bbox 198 2757 2165 2872">
     <span class='ocr_line' id='line_1_39' title="bbox 200 2757 2165 2822; baseline 0.001 -17"><span class='ocrx_word' id='word_1_326' title='bbox 200 2757 329 2813; x_wconf 86' lang='lat' dir='ltr'>culis,</span> <span class='ocrx_word' id='word_1_327' title='bbox 353 2772 551 2818; x_wconf 88' lang='lat' dir='ltr'>quorum</span> <span class='ocrx_word' id='word_1_328' title='bbox 576 2759 675 2805; x_wconf 90' lang='lat' dir='ltr'>libri</span> <span class='ocrx_word' id='word_1_329' title='bbox 701 2774 841 2820; x_wconf 90' lang='lat' dir='ltr'>penes</span> <span class='ocrx_word' id='word_1_330' title='bbox 871 2775 956 2806; x_wconf 91' lang='lat' dir='ltr'>nos</span> <span class='ocrx_word' id='word_1_331' title='bbox 981 2761 1030 2805; x_wconf 91' lang='lat' dir='ltr'>in</span> <span class='ocrx_word' id='word_1_332' title='bbox 1055 2762 1351 2807; x_wconf 87' lang='lat' dir='ltr'>veneratione</span> <span class='ocrx_word' id='word_1_333' title='bbox 1383 2762 1621 2818; x_wconf 87' lang='lat' dir='ltr'>habentur,</span> <span class='ocrx_word' id='word_1_334' title='bbox 1653 2772 1811 2822; x_wconf 89' lang='lat' dir='ltr'>utpote</span> <span class='ocrx_word' id='word_1_335' title='bbox 1842 2772 2026 2807; x_wconf 88' lang='lat' dir='ltr'>nostrae</span> <span class='ocrx_word' id='word_1_336' title='bbox 2059 2762 2165 2807; x_wconf 89' lang='lat' dir='ltr'>fidei</span> 
     </span>
     <span class='ocr_line' id='line_1_40' title="bbox 198 2825 819 2872; baseline 0.003 -2"><span class='ocrx_word' id='word_1_337' title='bbox 198 2825 515 2871; x_wconf 83' lang='lat' dir='ltr'>testimonium</span> <span class='ocrx_word' id='word_1_338' title='bbox 541 2826 819 2872; x_wconf 85' lang='lat' dir='ltr'>adhibentes.</span> 
     </span>
    </p>

    <p class='ocr_par' dir='ltr' id='par_1_17' title="bbox 197 2891 2164 3489">
     <span class='ocr_line' id='line_1_41' title="bbox 288 2891 2164 2955; baseline 0.003 -19"><span class='ocrx_word' id='word_1_339' title='bbox 288 2892 435 2952; x_wconf 88' lang='lat' dir='ltr'>Hujus</span> <span class='ocrx_word' id='word_1_340' title='bbox 467 2892 652 2952; x_wconf 82' lang='lat' dir='ltr'>quidem</span> <span class='ocrx_word' id='word_1_341' title='bbox 686 2891 1047 2939; x_wconf 85' lang='lat' dir='ltr'>confirmationis</span> <span class='ocrx_word' id='word_1_342' title='bbox 1083 2894 1248 2940; x_wconf 91' lang='lat' dir='ltr'>modus</span> <span class='ocrx_word' id='word_1_343' title='bbox 1283 2896 1484 2954; x_wconf 88' lang='lat' dir='ltr'>tangitur</span> <span class='ocrx_word' id='word_1_344' title='bbox 1520 2897 1658 2942; x_wconf 80' lang='lat' dir='ltr'>Hebr‚</span> <span class='ocrx_word' id='word_1_345' title='bbox 1690 2897 1746 2942; x_wconf 90' lang='lat'>11.</span> <span class='ocrx_word' id='word_1_346' title='bbox 1786 2911 1822 2955; x_wconf 87' lang='lat'>3.</span> <span class='ocrx_word' id='word_1_347' title='bbox 1857 2907 1903 2941; x_wconf 91' lang='lat' dir='ltr'>et</span> <span class='ocrx_word' id='word_1_348' title='bbox 1932 2908 2000 2951; x_wconf 87' lang='lat'>4.:</span> <span class='ocrx_word' id='word_1_349' title='bbox 2043 2896 2164 2953; x_wconf 81' lang='lat' dir='ltr'>Quae</span> 
     </span>
     <span class='ocr_line' id='line_1_42' title="bbox 199 2958 2160 3023; baseline 0.002 -18"><span class='ocrx_word' id='word_1_350' title='bbox 199 2958 395 3016; x_wconf 82' lang='lat' dir='ltr'>(seilicet</span> <span class='ocrx_word' id='word_1_351' title='bbox 420 2959 624 3004; x_wconf 88' lang='lat' dir='ltr'>humana</span> <span class='ocrx_word' id='word_1_352' title='bbox 649 2960 792 3018; x_wconf 89' lang='lat' dir='ltr'>salus)</span> <span class='ocrx_word' id='word_1_353' title='bbox 819 2977 946 3020; x_wconf 83' lang='lat' dir='ltr'>quum</span> <span class='ocrx_word' id='word_1_354' title='bbox 974 2963 1145 3007; x_wconf 78' lang='lat' dir='ltr'>initium</span> <span class='ocrx_word' id='word_1_355' title='bbox 1176 2965 1391 3022; x_wconf 79' lang='lat' dir='ltr'>accepisset</span> <span class='ocrx_word' id='word_1_356' title='bbox 1412 2965 1612 3008; x_wconf 81' lang='lat' dir='ltr'>enarrari</span> <span class='ocrx_word' id='word_1_357' title='bbox 1633 2972 1711 3023; x_wconf 79' lang='lat' dir='ltr'>per</span> <span class='ocrx_word' id='word_1_358' title='bbox 1736 2965 1989 3017; x_wconf 86' lang='lat' dir='ltr'>Dominum,</span> <span class='ocrx_word' id='word_1_359' title='bbox 2016 2965 2068 3008; x_wconf 90' lang='lat' dir='ltr'>ab</span> <span class='ocrx_word' id='word_1_360' title='bbox 2091 2965 2160 3016; x_wconf 84' lang='lat' dir='ltr'>eis,</span> 
     </span>
     <span class='ocr_line' id='line_1_43' title="bbox 198 3026 2161 3090; baseline 0.002 -19"><span class='ocrx_word' id='word_1_361' title='bbox 198 3027 272 3085; x_wconf 80' lang='lat' dir='ltr'>qui</span> <span class='ocrx_word' id='word_1_362' title='bbox 301 3026 544 3082; x_wconf 81' lang='lat' dir='ltr'>audierunt,</span> <span class='ocrx_word' id='word_1_363' title='bbox 577 3029 623 3072; x_wconf 89' lang='lat' dir='ltr'>in</span> <span class='ocrx_word' id='word_1_364' title='bbox 653 3043 725 3074; x_wconf 85' lang='lat' dir='ltr'>nos</span> <span class='ocrx_word' id='word_1_365' title='bbox 757 3026 1007 3086; x_wconf 85' lang='lat' dir='ltr'>confirmata</span> <span class='ocrx_word' id='word_1_366' title='bbox 1031 3036 1102 3084; x_wconf 75' lang='lat' dir='ltr'>est,</span> <span class='ocrx_word' id='word_1_367' title='bbox 1132 3036 1377 3075; x_wconf 75' lang='lat' dir='ltr'>contestante</span> <span class='ocrx_word' id='word_1_368' title='bbox 1405 3031 1498 3075; x_wconf 86' lang='lat' dir='ltr'>Deo</span> <span class='ocrx_word' id='word_1_369' title='bbox 1529 3032 1655 3090; x_wconf 81' lang='lat' dir='ltr'>signis</span> <span class='ocrx_word' id='word_1_370' title='bbox 1679 3033 1722 3075; x_wconf 79' lang='lat' dir='ltr'>et</span> <span class='ocrx_word' id='word_1_371' title='bbox 1743 3032 1944 3090; x_wconf 78' lang='lat' dir='ltr'>portentis</span> <span class='ocrx_word' id='word_1_372' title='bbox 1965 3036 2003 3075; x_wconf 81' lang='lat' dir='ltr'>et</span> <span class='ocrx_word' id='word_1_373' title='bbox 2026 3031 2161 3074; x_wconf 83' lang='lat' dir='ltr'>variis</span> 
     </span>
     <span class='ocr_line' id='line_1_44' title="bbox 198 3092 2163 3152; baseline 0.001 -14"><span class='ocrx_word' id='word_1_374' title='bbox 198 3092 382 3152; x_wconf 82' lang='lat' dir='ltr'>Spiritus</span> <span class='ocrx_word' id='word_1_375' title='bbox 410 3095 543 3139; x_wconf 76' lang='lat' dir='ltr'>sancti</span> <span class='ocrx_word' id='word_1_376' title='bbox 572 3093 943 3140; x_wconf 82' lang='lat' dir='ltr'>distributionibus.</span> <span class='ocrx_word' id='word_1_377' title='bbox 971 3096 1097 3140; x_wconf 90' lang='lat' dir='ltr'>Haec</span> <span class='ocrx_word' id='word_1_378' title='bbox 1122 3106 1273 3141; x_wconf 89' lang='lat' dir='ltr'>autem</span> <span class='ocrx_word' id='word_1_379' title='bbox 1300 3107 1395 3141; x_wconf 91' lang='lat' dir='ltr'>tam</span> <span class='ocrx_word' id='word_1_380' title='bbox 1422 3097 1639 3142; x_wconf 89' lang='lat' dir='ltr'>mirabilis</span> <span class='ocrx_word' id='word_1_381' title='bbox 1662 3097 1820 3140; x_wconf 88' lang='lat' dir='ltr'>mundi</span> <span class='ocrx_word' id='word_1_382' title='bbox 1843 3096 2084 3140; x_wconf 86' lang='lat' dir='ltr'>conversio</span> <span class='ocrx_word' id='word_1_383' title='bbox 2108 3096 2163 3140; x_wconf 89' lang='lat' dir='ltr'>ad</span> 
     </span>
     <span class='ocr_line' id='line_1_45' title="bbox 199 3157 2164 3223; baseline 0.002 -20"><span class='ocrx_word' id='word_1_384' title='bbox 199 3157 337 3203; x_wconf 87' lang='lat' dir='ltr'>fidem</span> <span class='ocrx_word' id='word_1_385' title='bbox 364 3159 657 3205; x_wconf 88' lang='lat' dir='ltr'>christianam</span> <span class='ocrx_word' id='word_1_386' title='bbox 683 3162 902 3206; x_wconf 88' lang='lat' dir='ltr'>indicium</span> <span class='ocrx_word' id='word_1_387' title='bbox 936 3163 1240 3207; x_wconf 89' lang='lat' dir='ltr'>certissimum</span> <span class='ocrx_word' id='word_1_388' title='bbox 1273 3174 1340 3208; x_wconf 91' lang='lat' dir='ltr'>est</span> <span class='ocrx_word' id='word_1_389' title='bbox 1371 3164 1719 3223; x_wconf 86' lang='lat' dir='ltr'>praeteritorum</span> <span class='ocrx_word' id='word_1_390' title='bbox 1752 3163 2003 3222; x_wconf 90' lang='lat' dir='ltr'>signorum,</span> <span class='ocrx_word' id='word_1_391' title='bbox 2030 3173 2079 3208; x_wconf 87' lang='lat' dir='ltr'>ut</span> <span class='ocrx_word' id='word_1_392' title='bbox 2110 3177 2164 3208; x_wconf 88' lang='lat' dir='ltr'>ea</span> 
     </span>
     <span class='ocr_line' id='line_1_46' title="bbox 199 3223 2164 3289; baseline 0.003 -20"><span class='ocrx_word' id='word_1_393' title='bbox 199 3223 386 3270; x_wconf 86' lang='lat' dir='ltr'>ulterius</span> <span class='ocrx_word' id='word_1_394' title='bbox 411 3227 561 3272; x_wconf 88' lang='lat' dir='ltr'>iterari</span> <span class='ocrx_word' id='word_1_395' title='bbox 585 3242 772 3273; x_wconf 89' lang='lat' dir='ltr'>necesse</span> <span class='ocrx_word' id='word_1_396' title='bbox 794 3243 889 3273; x_wconf 91' lang='lat' dir='ltr'>non</span> <span class='ocrx_word' id='word_1_397' title='bbox 906 3229 976 3283; x_wconf 89' lang='lat' dir='ltr'>sit,</span> <span class='ocrx_word' id='word_1_398' title='bbox 993 3244 1134 3287; x_wconf 90' lang='lat' dir='ltr'>quum</span> <span class='ocrx_word' id='word_1_399' title='bbox 1151 3230 1197 3273; x_wconf 90' lang='lat' dir='ltr'>in</span> <span class='ocrx_word' id='word_1_400' title='bbox 1215 3244 1299 3274; x_wconf 90' lang='lat' dir='ltr'>suo</span> <span class='ocrx_word' id='word_1_401' title='bbox 1318 3229 1481 3274; x_wconf 84' lang='lat' dir='ltr'>effectu</span> <span class='ocrx_word' id='word_1_402' title='bbox 1499 3240 1752 3289; x_wconf 91' lang='lat' dir='ltr'>appareant</span> <span class='ocrx_word' id='word_1_403' title='bbox 1773 3230 2018 3274; x_wconf 88' lang='lat' dir='ltr'>evidenter.</span> <span class='ocrx_word' id='word_1_404' title='bbox 2034 3229 2164 3274; x_wconf 90' lang='lat' dir='ltr'>Esset</span> 
     </span>
     <span class='ocr_line' id='line_1_47' title="bbox 198 3293 2162 3355; baseline 0 -16"><span class='ocrx_word' id='word_1_405' title='bbox 198 3302 351 3339; x_wconf 77' lang='lat' dir='ltr'>autem</span> <span class='ocrx_word' id='word_1_406' title='bbox 378 3293 590 3339; x_wconf 84' lang='lat' dir='ltr'>omnibus</span> <span class='ocrx_word' id='word_1_407' title='bbox 615 3295 756 3354; x_wconf 88' lang='lat' dir='ltr'>signis</span> <span class='ocrx_word' id='word_1_408' title='bbox 776 3295 1043 3349; x_wconf 89' lang='lat' dir='ltr'>mirabilius,</span> <span class='ocrx_word' id='word_1_409' title='bbox 1060 3297 1112 3350; x_wconf 90' lang='lat' dir='ltr'>si,</span> <span class='ocrx_word' id='word_1_410' title='bbox 1135 3297 1190 3340; x_wconf 93' lang='lat' dir='ltr'>ad</span> <span class='ocrx_word' id='word_1_411' title='bbox 1218 3297 1496 3341; x_wconf 89' lang='lat' dir='ltr'>credendum</span> <span class='ocrx_word' id='word_1_412' title='bbox 1522 3307 1617 3341; x_wconf 91' lang='lat' dir='ltr'>tam</span> <span class='ocrx_word' id='word_1_413' title='bbox 1645 3295 1783 3340; x_wconf 90' lang='lat' dir='ltr'>ardua</span> <span class='ocrx_word' id='word_1_414' title='bbox 1808 3306 1851 3341; x_wconf 87' lang='lat' dir='ltr'>et</span> <span class='ocrx_word' id='word_1_415' title='bbox 1878 3297 2162 3355; x_wconf 90' lang='lat' dir='ltr'>operandum</span> 
     </span>
     <span class='ocr_line' id='line_1_48' title="bbox 197 3358 2162 3422; baseline 0.002 -19"><span class='ocrx_word' id='word_1_416' title='bbox 197 3367 294 3405; x_wconf 87' lang='lat' dir='ltr'>tam</span> <span class='ocrx_word' id='word_1_417' title='bbox 319 3358 519 3404; x_wconf 89' lang='lat' dir='ltr'>difficilia</span> <span class='ocrx_word' id='word_1_418' title='bbox 545 3370 590 3405; x_wconf 89' lang='lat' dir='ltr'>et</span> <span class='ocrx_word' id='word_1_419' title='bbox 616 3362 672 3407; x_wconf 90' lang='lat' dir='ltr'>ad</span> <span class='ocrx_word' id='word_1_420' title='bbox 697 3363 971 3420; x_wconf 91' lang='lat' dir='ltr'>sperandum</span> <span class='ocrx_word' id='word_1_421' title='bbox 1005 3373 1100 3407; x_wconf 90' lang='lat' dir='ltr'>tam</span> <span class='ocrx_word' id='word_1_422' title='bbox 1129 3362 1233 3418; x_wconf 87' lang='lat' dir='ltr'>alta,</span> <span class='ocrx_word' id='word_1_423' title='bbox 1261 3364 1457 3407; x_wconf 91' lang='lat' dir='ltr'>mundus</span> <span class='ocrx_word' id='word_1_424' title='bbox 1496 3363 1664 3422; x_wconf 81' lang='lat' dir='ltr'>absque</span> <span class='ocrx_word' id='word_1_425' title='bbox 1701 3363 1983 3408; x_wconf 88' lang='lat' dir='ltr'>mirabilibus</span> <span class='ocrx_word' id='word_1_426' title='bbox 2021 3363 2162 3421; x_wconf 87' lang='lat' dir='ltr'>signis</span> 
     </span>
     <span class='ocr_line' id='line_1_49' title="bbox 198 3424 2163 3489; baseline 0.003 -21"><span class='ocrx_word' id='word_1_427' title='bbox 198 3424 407 3470; x_wconf 89' lang='lat' dir='ltr'>inductus</span> <span class='ocrx_word' id='word_1_428' title='bbox 431 3424 589 3471; x_wconf 90' lang='lat' dir='ltr'>fuisset</span> <span class='ocrx_word' id='word_1_429' title='bbox 614 3441 640 3471; x_wconf 90' lang='lat' dir='ltr'>a</span> <span class='ocrx_word' id='word_1_430' title='bbox 665 3427 946 3488; x_wconf 88' lang='lat' dir='ltr'>simplicibus</span> <span class='ocrx_word' id='word_1_431' title='bbox 974 3439 1018 3474; x_wconf 92' lang='lat' dir='ltr'>et</span> <span class='ocrx_word' id='word_1_432' title='bbox 1041 3429 1319 3488; x_wconf 87' lang='lat' dir='ltr'>ignobilibus</span> <span class='ocrx_word' id='word_1_433' title='bbox 1345 3430 1636 3484; x_wconf 88' lang='lat' dir='ltr'>hominibus;</span> <span class='ocrx_word' id='word_1_434' title='bbox 1662 3430 1868 3489; x_wconf 90' lang='lat' dir='ltr'>quamvis</span> <span class='ocrx_word' id='word_1_435' title='bbox 1896 3444 1991 3474; x_wconf 92' lang='lat' dir='ltr'>non</span> <span class='ocrx_word' id='word_1_436' title='bbox 2017 3439 2163 3474; x_wconf 87' lang='lat' dir='ltr'>cesset</span> 
     </span>
    </p>
   </div>
   <div class='ocr_carea' id='block_1_14' title="bbox 151 3490 2161 3556">
    <p class='ocr_par' dir='ltr' id='par_1_18' title="bbox 151 3490 2161 3556">
     <span class='ocr_line' id='line_1_50' title="bbox 151 3490 2161 3556; baseline 0.002 -20"><span class='ocrx_word' id='word_1_437' title='bbox 151 3511 155 3515; x_wconf 55' lang='lat'>²</span> <span class='ocrx_word' id='word_1_438' title='bbox 198 3490 340 3547; x_wconf 88' lang='lat' dir='ltr'>Deus,</span> <span class='ocrx_word' id='word_1_439' title='bbox 364 3492 503 3538; x_wconf 89' lang='lat' dir='ltr'>etiam</span> <span class='ocrx_word' id='word_1_440' title='bbox 529 3494 694 3539; x_wconf 89' lang='lat' dir='ltr'>nostris</span> <span class='ocrx_word' id='word_1_441' title='bbox 724 3495 1023 3555; x_wconf 89' lang='lat' dir='ltr'>temporibus,</span> <span class='ocrx_word' id='word_1_442' title='bbox 1055 3496 1111 3540; x_wconf 94' lang='lat' dir='ltr'>ad</span> <span class='ocrx_word' id='word_1_443' title='bbox 1144 3496 1544 3541; x_wconf 88' lang='lat' dir='ltr'>confirmationem</span> <span class='ocrx_word' id='word_1_444' title='bbox 1576 3496 1696 3552; x_wconf 88' lang='lat' dir='ltr'>fidei,</span> <span class='ocrx_word' id='word_1_445' title='bbox 1730 3510 1809 3556; x_wconf 89' lang='lat' dir='ltr'>per</span> <span class='ocrx_word' id='word_1_446' title='bbox 1840 3507 2022 3542; x_wconf 89' lang='lat' dir='ltr'>sanctos</span> <span class='ocrx_word' id='word_1_447' title='bbox 2053 3510 2161 3541; x_wconf 89' lang='lat' dir='ltr'>suos</span> 
     </span>
    </p>
   </div>
   <div class='ocr_carea' id='block_1_15' title="bbox 200 3558 640 3619">
    <p class='ocr_par' dir='ltr' id='par_1_19' title="bbox 200 3558 640 3619">
     <span class='ocr_line' id='line_1_51' title="bbox 200 3558 640 3619; baseline 0.005 -17"><span class='ocrx_word' id='word_1_448' title='bbox 200 3558 422 3605; x_wconf 75' lang='lat' dir='ltr'>miracula</span> <span class='ocrx_word' id='word_1_449' title='bbox 447 3560 640 3619; x_wconf 86' lang='lat' dir='ltr'>operari.</span> 
     </span>
    </p>
   </div>
  </div>
 </body>
</html>
