2332 3854
805 270 960 311 LIBER
996 270 1076 311 111.
1118 270 1239 311 CAP.
1279 269 1411 309 xvn.
1969 270 2076 326 307

120 373 379 419 Voluntatis
405 382 558 418 autem
582 372 722 432 ipsius
748 373 863 418 nihil
890 373 1009 418 aliud
1035 374 1136 419 finis
1160 384 1227 419 est
1253 388 1391 434 quam
1418 387 1499 418 sua
1525 372 1724 427 bonitas,
1742 386 1858 432 quae
1882 382 1949 417 est
1966 373 2079 432 ipse-

122 450 229 495 met,
255 450 304 486 ut
330 442 375 485 in
399 441 549 500 primo
574 441 815 500 probatum
843 451 910 486 est
933 443 990 498 (c.
1014 442 1080 502 38.
1099 452 1143 487 et
1165 442 1274 501 74).
1292 441 1465 487 Omnia
1482 441 1618 500 igitur
1636 454 1952 500 quaecumque
1970 450 2075 484 sunt

122 507 253 562 facta,
278 507 352 552 vel
384 508 437 551 ab
463 508 564 567 ipso
596 507 859 552 immediate
884 508 958 552 vel
990 509 1292 554 mediantibus
1325 511 1471 553 causis
1499 507 1724 562 secundiS,
1756 507 1803 551 in
1829 508 1984 551 Deum
2010 521 2078 551 or-

120 575 328 620 dinantur
359 574 475 619 sicut
514 574 560 618 in
592 574 745 619 finem.
774 575 947 619 Omnia
980 586 1132 620 autem
1166 576 1287 621 entia
1320 585 1425 620 sunt
1465 574 1758 633 hujusmodi;
1802 588 1926 630 nam,
1959 573 2076 619 sicut

119 642 335 702 probatur
358 641 404 685 in
431 641 631 686 secundo
654 642 715 698 (c.
748 642 850 698 15.),
877 641 991 685 nihil
1014 656 1115 686 esse
1138 652 1288 701 potest
1309 641 1430 702 quod
1451 642 1505 686 ab
1532 642 1631 700 ipso
1657 655 1751 686 non
1773 640 1941 685 habeat
1963 654 2076 685 esse.

123 708 295 755 Omnia
327 708 463 767 igitur
488 708 753 752 ordinantur
778 709 823 751 in
849 707 1002 752 Deum
1029 709 1144 752 sicut
1176 709 1221 753 in
1249 709 1401 753 finem.

211 775 402 819 Adhuc:
434 774 535 818 finis
578 774 764 819 ultimus
807 774 1045 831 cujuslibet
1085 774 1308 830 facientis,
1350 775 1396 819 in
1429 785 1649 835 quantum
1688 784 1756 819 est
1794 773 1980 829 faciens,
2013 783 2082 818 est

120 841 336 902 ipsemet;
373 841 542 885 utimur
574 843 695 884 enim
728 840 857 885 factis
891 855 915 885 a
948 843 1078 885 nobis
1112 852 1295 901 propter
1325 856 1434 886 nos:
1470 852 1527 896 et,
1561 842 1598 887 si
1631 840 1800 901 aliquid
1833 840 2078 901 aliquando

119 917 303 968 propter
328 907 466 952 aliurn
493 907 638 951 horno
665 906 815 961 faciat,
847 907 938 952 hoc
970 907 1158 952 refertur
1183 910 1228 952 in
1262 910 1436 954 bonum
1462 923 1610 962 suum,
1643 908 1717 953 vel
1749 907 1873 962 utile,
1899 907 1974 952 vel
2001 908 2076 952 de-

118 973 342 1027 lectabile,
373 973 445 1018 vel
471 974 731 1019 honestum.
758 974 883 1018 Deus
918 985 1069 1019 autem
1098 986 1164 1019 est
1192 990 1326 1020 causa
1354 975 1521 1020 factiva
1553 989 1704 1020 rerum
1731 975 1955 1029 omnium,
1974 988 2080 1034 qua-

120 1040 331 1086 rumdam
357 1040 541 1100 quidem
567 1041 845 1095 immediate,
873 1042 1175 1100 quarumdam
1204 1052 1356 1086 autem
1394 1042 1604 1096 mediate,
1640 1039 1750 1086 sive'
1768 1041 2074 1086 mediantibus

122 1107 221 1153 aliis
247 1107 408 1162 causis,
434 1117 483 1152 ut
508 1121 562 1151 ex
594 1108 854 1166 praemissis
888 1117 955 1152 est
986 1108 1292 1153 manifestum.
1321 1110 1402 1154 Est
1427 1109 1564 1167 igitur
1587 1111 1778 1167 ipsemet
1803 1108 1904 1153 finis
1926 1122 2077 1152 rerum

118 1176 340 1220 omnium.

209 1241 477 1286 Praeterea:
504 1241 604 1285 finis
636 1241 752 1286 inter
783 1242 893 1286 alias
927 1256 1086 1286 causas
1112 1243 1359 1302 primatum
1393 1243 1580 1296 obtinet,
1614 1253 1659 1287 et
1695 1243 1748 1287 ab
1781 1242 1881 1301 ipso
1915 1255 2078 1286 omnes

122 1307 238 1354 aliae
265 1322 428 1353 causae
454 1308 624 1352 habent
648 1308 769 1367 quod
798 1309 884 1352 sint
912 1323 1076 1353 causae
1100 1311 1146 1354 in
1174 1319 1300 1363 actu;
1332 1324 1471 1368 agens
1496 1311 1618 1354 enim
1645 1324 1738 1354 non
1761 1312 1854 1368 agit
1873 1309 1962 1354 nisi
1981 1322 2082 1368 pro-

121 1384 220 1434 pter
243 1374 397 1428 finem,
424 1384 472 1419 ut
498 1385 732 1419 ostensum
755 1385 822 1419 est
843 1377 903 1434 (c.
930 1376 1020 1433 2.);
1052 1390 1106 1420 ex
1129 1386 1291 1435 agente
1319 1386 1472 1421 autem
1495 1377 1683 1421 materia
1709 1377 1754 1420 in
1783 1386 1886 1421 actu
1902 1375 2080 1420 formae

120 1441 374 1496 reducitur;
401 1442 519 1486 unde
546 1442 737 1486 materia
762 1442 811 1486 fit
838 1453 940 1486 actu
967 1443 1100 1502 hujus
1118 1443 1185 1487 rei
1215 1443 1419 1497 materia,
1452 1452 1495 1487 et
1525 1443 1734 1487 similiter
1765 1442 1914 1487 forma
1945 1443 2081 1500 hujus

120 1508 187 1554 rei
215 1508 365 1553 forma
395 1523 475 1568 per
507 1509 736 1553 actionem
769 1511 956 1568 agentis,
990 1519 1034 1553 et
1066 1524 1145 1568 per
1177 1523 1463 1568 consequens
1496 1524 1575 1569 per
1605 1510 1759 1555 finem.
1787 1510 1909 1554 Finis
1938 1510 2077 1555 etiam

122 1576 346 1636 posterior
378 1586 445 1620 est
485 1589 622 1620 causa
660 1576 782 1634 quod
822 1576 1099 1635 praecedens
1139 1576 1240 1621 finis
1280 1577 1540 1621 intendatur
1581 1586 1630 1622 ut
1671 1577 1800 1631 finis3
1831 1591 1927 1621 non
1959 1576 2082 1621 enim

122 1652 332 1687 movetur
348 1642 514 1701 aliquid
533 1642 579 1685 in
605 1641 743 1686 finem
769 1643 1029 1700 proximum
1047 1643 1134 1688 nisi
1159 1653 1343 1702 propter
1363 1643 1501 1688 finem
1519 1653 1819 1703 postremum.
1841 1643 1923 1688 Est
1942 1643 2083 1702 igitur

122 1707 225 1753 finis
258 1708 443 1753 ultimus
474 1708 620 1767 prima
653 1709 863 1752 omnium
897 1723 1047 1753 causa.
1079 1709 1190 1756 Esse
1231 1719 1383 1754 autem
1414 1710 1612 1768 primam
1653 1711 1861 1755 omnium
1895 1724 2083 1754 causam

122 1789 308 1820 necesse
340 1785 407 1820 est
438 1776 586 1835 primo
620 1775 711 1819 enti
734 1775 993 1830 convenire,
1020 1776 1142 1835 quod
1174 1777 1302 1821 Deus
1334 1787 1416 1831 est,
1448 1787 1496 1821 ut
1527 1791 1664 1836 supra
1691 1778 1812 1834 (Lib.
1838 1777 1872 1821 I.
1893 1791 1931 1821 c.
1956 1786 2082 1835 13.et

124 1840 221 1887 Lib.
240 1840 295 1887 II.
315 1855 353 1887 c.
377 1841 464 1900 15.)
491 1852 726 1887 ostensum
757 1852 838 1887 est.
868 1843 995 1887 Deus
1028 1843 1165 1902 igitur
1197 1853 1263 1888 est
1294 1843 1480 1888 ultimus
1513 1844 1723 1888 omnium
1755 1844 1871 1889 finis.

212 1909 331 1953 Hinc
363 1919 432 1954 est
462 1909 585 1968 quod
618 1909 779 1954 dicitur
811 1909 967 1966 (Prov.
993 1909 1117 1954 XVI.
1142 1911 1231 1968 4.):
1275 1911 1481 1956 Universa
1498 1918 1676 1971 propter
1705 1913 1966 1971 semetipsum
1992 1918 2079 1970 ope-

130 1981 247 2053 r‘fmf
277 1981 333 2022 est
362 1976 500 2029 Deus:
524 1986 568 2020 et
593 1976 762 2036 (Apoc.
787 1975 933 2020 XXII.
972 1977 1084 2035 13.):
1117 1978 1206 2036 Ego
1231 1992 1322 2022 sum
1354 1978 1478 2038 alpha
1503 1984 1542 2024 et
1574 1993 1732 2039 omega,
1754 1980 1924 2039 primus
1947 1984 1984 2024 et
2009 1993 2084 2023 no-

128 2057 333 2088 vissimus.
940 2079 945 2083 .

853 2189 1108 2248 CAPUT
1149 2190 1359 2247 XVIII.

577 2327 863 2374 QUOMODO
903 2326 1045 2365 DEUS
1088 2326 1173 2366 SIT
1206 2326 1345 2365 FINIS
1387 2325 1628 2366 OMNIUM.

154 2494 160 2498 ¹
216 2443 373 2489 Restat
404 2444 541 2503 igitur
571 2444 892 2504 inquirendum
924 2443 1161 2503 quomodo
1194 2443 1319 2488 Deus
1352 2443 1408 2488 sit
1440 2443 1650 2488 omnium
1682 2442 1809 2498 finis,
1833 2443 1957 2503 quod
1989 2443 2086 2503 qui-

128 2509 233 2556 dem
265 2525 319 2555 ex
349 2511 609 2571 praemissis
639 2511 716 2556 fiet
747 2510 1054 2556 manifestum.

155 2578 158 2579 ⁷
217 2577 292 2623 Sic
327 2578 450 2623 enirn
483 2588 550 2623 est
574 2578 760 2623 ultimus
787 2578 888 2623 finis
911 2578 1117 2623 omnium
1142 2592 1294 2622 rerum
1312 2577 1434 2637 quod
1451 2587 1605 2622 tamen
1629 2587 1696 2622 est
1721 2578 1842 2637 prius
1873 2577 2084 2622 omnibus

125 2645 173 2690 in
205 2645 410 2691 essendo.
443 2639 564 2690 Finis
604 2655 756 2690 autem
791 2644 950 2704 aliquis
981 2645 1211 2689 invenitur
1235 2645 1326 2704 qui,
1360 2644 1498 2689 etiam
1531 2645 1570 2688 si
1602 2644 1848 2704 primatum
1882 2645 2086 2689 obtineat

125 2712 173 2757 iu
206 2712 436 2757 causando
468 2712 719 2756 secundum
745 2711 865 2771 quod
892 2722 960 2756 est
990 2712 1037 2755 in
1068 2711 1333 2765 intentione,
1368 2720 1434 2756 est
1465 2722 1620 2756 tamen
1646 2711 1693 2755 in
1726 2711 1917 2755 essendo
1940 2721 2088 2771 poste-

126 2779 240 2833 rius;
272 2779 394 2839 quod
420 2778 604 2837 quidem
638 2778 860 2836 contingit
891 2778 938 2821 in
972 2778 1176 2837 quolibet
1206 2777 1294 2822 fine
1322 2792 1459 2837 quem
1488 2791 1628 2836 agens
1660 2792 1742 2822 sua
1776 2778 1957 2822 actione
1980 2792 2087 2822 con-

129 2843 295 2900 stituit3
330 2845 445 2889 sicut
476 2844 679 2889 medicus
722 2844 955 2888 constituit
986 2844 1226 2888 sanitatem
1258 2858 1337 2903 per
1374 2859 1505 2888 suam
1547 2844 1776 2888 actionem
1809 2846 1853 2888 in
1885 2844 2085 2899 infirmo,

119 2922 244 2970 ‚quae
274 2919 428 2955 tamen
461 2921 528 2955 est
553 2909 653 2955 finis
687 2912 796 2969 ejus.
825 2910 1004 2970 Aliquis
1037 2921 1190 2954 autem
1216 2910 1317 2955 finis
1343 2911 1570 2955 invenitur
1603 2912 1693 2970 qui,
1726 2911 1843 2956 sicut
1869 2922 1936 2956 est
1961 2926 2086 2971 prae-

129 2978 293 3023 cedens
324 2978 371 3022 in
399 2978 643 3034 causando,
675 2978 736 3022 ita
769 2980 906 3023 etiam
938 2978 985 3022 in
1026 2978 1219 3022 essendo
1252 2978 1506 3038 praecedit3
1549 2980 1665 3023 sicut
1707 2979 1869 3022 dicitur
1904 2978 2006 3023 finis
2039 2979 2085 3023 id

127 3044 249 3105 quod
283 3043 556 3104 aliquisesua
583 3045 762 3090 actione
784 3044 858 3089 vel
884 3055 1013 3089 motu
1037 3045 1269 3104 acquirere
1292 3045 1498 3099 intendit,
1520 3055 1569 3089 ut
1590 3044 1746 3090 locum
1765 3059 1944 3090 sursum
1966 3045 2084 3104 ignis

131 3126 211 3171 per
242 3125 374 3155 suum
407 3122 600 3166 motum,
633 3122 677 3156 et
718 3112 946 3157 civitatem
980 3127 1056 3157 rex
1094 3126 1172 3170 per
1204 3127 1419 3172 pugnam.
1454 3113 1579 3157 Deus
1611 3113 1749 3171 igitur
1780 3112 1844 3157 sic
1885 3122 1952 3158 est
1983 3112 2085 3158 finis

126 3193 278 3223 rerum
311 3178 426 3223 sicut
458 3179 626 3238 aliquid
659 3179 712 3223 ab
745 3193 1014 3239 unaquaque
1042 3194 1089 3224 re
1122 3194 1205 3224 suo
1238 3180 1379 3223 modo
1413 3180 1725 3223 obtinendum.

216 3246 403 3290 Adhuc:
432 3246 557 3290 Deus
585 3256 652 3290 est
683 3245 818 3290 simul
849 3246 1034 3292 ultimus
1067 3261 1219 3291 rerum
1254 3247 1367 3300 finis,
1392 3256 1434 3291 et
1462 3248 1660 3306 primum
1689 3260 1842 3305 agens,
1866 3256 1914 3291 ut
1938 3257 2085 3291 osten-

128 3325 230 3357 sum
262 3322 329 3357 est
360 3314 421 3370 (c.
444 3314 545 3370 17.).
578 3312 700 3356 Finis
733 3323 884 3357 autem
917 3328 996 3373 per
1035 3314 1262 3358 actionem
1296 3314 1470 3372 agentis
1506 3314 1775 3358 constitutus
1807 3328 1902 3358 non
1934 3324 2085 3373 potest

129 3393 227 3424 esse
260 3379 458 3437 primum
486 3393 638 3438 agens,
665 3380 742 3423 sed
775 3389 843 3424 est
874 3382 1019 3438 magis
1053 3380 1239 3425 effectus
1269 3380 1457 3439 agentis.
1483 3380 1590 3423 Non
1617 3390 1766 3439 potest
1790 3381 1926 3439 igitur
1951 3381 2079 3425 Deus

129 3446 193 3491 sic
227 3460 324 3491 esse
352 3446 451 3490 finis
471 3460 620 3491 rerum
639 3446 767 3506 quasi
794 3446 960 3507 aliquid
988 3448 1299 3502 constitutum,
1326 3447 1403 3492 sed
1429 3447 1582 3491 solum
1609 3447 1737 3506 quasi
1764 3447 1932 3507 aliquid
1959 3462 2085 3507 prae·

130 3513 344 3557 exsistens
370 3512 679 3557 obtinendum.

142 3586 144 3588 ’
219 3578 452 3639 Amplius:
486 3581 522 3624 si
554 3579 722 3639 aliquid
749 3590 854 3640 agat
884 3590 1068 3640 propter
1099 3595 1194 3625 rem
1230 3580 1428 3640 aliquam
1463 3582 1556 3640 jam
1589 3580 1895 3636 exsistentem,
1927 3592 1972 3626 et
2003 3596 2083 3641 per

133 3644 229 3703 ejus
260 3646 487 3692 actionem
519 3646 687 3706 aliquid
720 3647 1029 3703 constituatur,
1062 3658 1242 3708 oportet
1273 3648 1394 3708 quod
1422 3647 1487 3694 rei
1511 3658 1695 3709 propter
1722 3662 1864 3709 quam
1891 3649 1984 3710 agit
2009 3647 2086 3694 ali-
