2332 3854
236 149 344 220 408
875 162 1030 201 mmm
1067 160 1144 199 111.
1187 159 1306 198 cAP.
1347 158 1552 198 Lxxxtr.

236 266 504 321 mutatione,
537 266 643 325 quia
676 264 732 308 ad
757 264 848 308 hoc
877 262 998 322 quod
1019 262 1097 305 fiat
1123 260 1345 315 alterati0‚
1372 269 1553 320 oportet
1578 261 1700 321 quod
1725 261 1922 306 alterans
1953 262 2102 321 magis
2129 263 2187 309 sit

234 333 541 392 propinquum
579 331 767 376 alterato
804 343 925 373 nunc
959 341 1096 387 quam
1132 327 1266 386 prius,
1300 327 1381 371 Est
1415 329 1553 373 etiam
1592 327 1871 386 perfectione
1907 329 2045 388 prior,
2081 329 2187 388 quia

236 410 388 444 motus
414 399 574 444 localis
601 413 694 442 non
726 397 870 440 variat
894 409 992 439 rem
1015 394 1265 438 secundum
1293 393 1461 452 aliquid
1488 393 1528 438 ei
1555 394 1809 449 inhaerens,
1836 395 1915 439 sed
1946 394 2097 440 solum
2123 409 2189 441 se-

237 466 436 510 cundum
465 465 632 523 aliquid
661 464 976 514 extrinsecum,
1003 470 1047 504 et
1071 470 1255 518 propter
1279 460 1370 504 hoc
1398 471 1464 507 est
1488 461 1556 505 rei
1579 462 1673 537 jam
1698 460 1938 521 perfectae.
1959 461 2188 517 Secundo,

236 533 342 591 quia
375 533 511 576 etiam
538 532 652 574 inter
680 539 831 572 motus
858 526 1031 571 locales
1057 536 1126 570 est
1155 536 1308 571 motus
1334 526 1565 571 circularis
1592 528 1729 586 prior,
1757 538 1801 572 et
1831 538 2053 587 tempore,
2085 528 2190 587 quia

235 599 392 643 solus
381 613 476 658 ipse
499 606 647 673 potest
670 609 767 639 esse
791 603 1047 652 perpetuus,
1073 602 1122 637 ut
1146 594 1397 652 probatur
1386 608 1432 638 m
1450 604 1615 639 octavo
1638 595 1774 654 Phys.
1800 596 1850 652 (t.
1865 609 1903 639 c.
1916 595 1987 650 64.
1989 595 2025 652 ),
2052 605 2105 644 et
2115 610 2191 640 na-

234 665 449 717 turaliter,
469 665 571 722 quia
590 673 656 706 est
683 661 828 719 magis
852 659 1045 719 simplex
1071 669 1115 703 et
1131 674 1262 715 unus,
1281 673 1386 704 cum
1407 675 1501 705 non
1520 661 1846 720 distinguatur
1834 673 1882 706 m
1903 657 2190 721 principium,

235 731 434 774 medium
461 740 505 773 et
531 729 682 782 finem,
710 727 788 771 sed
816 736 937 771 totus
964 726 1020 770 sit
1045 726 1175 803 quasi
1200 727 1425 781 medium3
1453 738 1497 771 et
1523 727 1661 772 etiam
1683 727 1975 805 perfectione,
2001 729 2108 788 quia
2127 742 2193 773 re-

234 797 428 840 flectitur
446 796 500 839 ad
529 795 812 854 principium.
833 792 1007 847 Tertio,
1025 793 1131 852 quia
1156 792 1280 838 solus
1297 803 1449 838 motus
1476 794 1595 838 coeli
1616 794 2040 854 semperinvenitur
2064 807 2194 854 regu-

233 863 339 907 laris
362 873 405 906 et
435 861 687 906 uniformis.
720 861 772 904 In
790 861 989 904 motibus
1016 860 1139 904 enim
1156 860 1433 904 naturalibus
1459 861 1667 920 gravium
1693 871 1739 906 et
1762 861 1934 906 levium
1953 861 2004 906 fit
2017 861 2190 906 additio

233 930 488 974 velocitatis
520 929 566 971 in
590 928 692 982 fine,
727 928 772 971 in
809 926 1020 972 violentis
1045 937 1196 971 autem
1225 927 1394 972 additio
1436 928 1668 973 tarditatis.
1698 928 1897 987 Oportet
1926 940 2037 987 ergo
2069 928 2192 990 quod

236 1006 386 1040 motus
411 995 529 1039 coeli
552 995 607 1038 sit
626 1008 761 1038 causa
790 994 998 1038 omnium
1033 993 1227 1038 aliorum
1255 1003 1479 1038 motuum.

323 1063 515 1106 Adhuc:
540 1062 655 1106 sicut
682 1075 729 1105 se
755 1061 894 1105 habet
919 1059 1158 1104 immobile
1184 1060 1449 1119 simpliciter
1480 1061 1536 1105 ad
1559 1071 1738 1106 motum
1755 1030 2038 1120 simpliciter,
2061 1060 2191 1106 itase

232 1130 369 1173 habet
388 1128 627 1172 immobile
655 1127 907 1172 secundum
935 1127 1056 1171 hunc
1074 1137 1252 1172 motum
1277 1128 1332 1171 ad
1351 1138 1529 1172 motum
1547 1128 1712 1174 talem:
1734 1128 1779 1172 id
1807 1137 1959 1172 antem
1977 1127 2102 1187 quod
2121 1138 2193 1172 est
2213 1127 2216 1131 ’

234 1195 469 1240 immobile
487 1194 766 1254 simpliciter,
785 1204 851 1238 est
868 1194 1142 1253 principium
1156 1195 1306 1239 omnis
1333 1204 1501 1249 motus,
1518 1205 1568 1239 ut
1584 1208 1719 1253 supra
1740 1195 1859 1254 (Lib.
1877 1195 1912 1239 Ι.
1931 1208 1970 1238 c.
1994 1208 2011 1239 1
2023 1192 2195 1254 mpro-

234 1264 391 1307 batum
410 1273 490 1307 est.
517 1262 657 1315 Quod
685 1276 795 1321 ergo
824 1271 891 1306 est
923 1260 1161 1305 immobile
1194 1262 1446 1306 secundum
1475 1261 1808 1316 alterationem,
1834 1272 1902 1306 est
1922 1260 2218 1322 pn'ncipinm‘

236 1331 385 1374 omnis
413 1329 713 1374 alterationis:
744 1342 937 1387 corpora
957 1338 1110 1372 autem
1129 1328 1343 1372 coelestia
1366 1328 1466 1372 sola
1485 1329 1601 1373 inter
1619 1327 1972 1388 corporaliasun
1989 1323 2211 1374 inaltera-'

234 1396 356 1451 bilia,
383 1397 505 1455 quod
539 1396 822 1440 demonstrat
845 1395 1082 1453 dispositio
1111 1409 1272 1439 eorum
1299 1409 1415 1453 quae
1447 1409 1628 1454 semper
1655 1394 1818 1440 eadem
1848 1394 2090 1454 invenitur.
2115 1394 2195 1441 Est

237 1477 346 1521 ergo
365 1477 529 1522 corpus
557 1462 754 1507 coeleste
774 1476 909 1506 causa
928 1462 1079 1506 omnis
1097 1461 1376 1506 alteratiOnis
1393 1462 1440 1505 in
1461 1461 1532 1506 his
1549 1475 1666 1521 quae
1693 1461 1951 1506 alterantur.
1969 1460 2194 1508 Alteratio

237 1540 390 1574 autem
408 1532 452 1574 in
470 1530 541 1573 his
567 1528 856 1573 inferioribus
880 1539 947 1572 est
971 1528 1242 1587 principium
1272 1529 1422 1573 omnis
1449 1539 1622 1583 motus,
1644 1543 1753 1572 nam
1775 1542 1856 1587 per
1872 1527 2196 1574 ¹alternitatem

238 1597 495 1655 pervenitur
537 1596 592 1640 ad
634 1605 934 1654 augmentum
982 1605 1049 1640 est
1081 1596 1447 1654 generationem:
1489 1594 1711 1655 generans
1756 1605 1911 1640 autem
1940 1605 2011 1640 est
2042 1605 2198 1641 motor

237 1678 317 1722 per
343 1678 391 1708 se
416 1664 464 1707 in
490 1673 619 1707 motu
637 1662 774 1707 locali
793 1657 1002 1720 gravium
1025 1673 1068 1707 et
1094 1662 1286 1717 levium3
1314 1673 1493 1722 oportet
1511 1676 1622 1720 ergo
1645 1662 1767 1721 quod
1786 1661 1968 1707 coelum
1986 1664 2043 1707 sit
2058 1674 2206 1721 causo-

239 1730 389 1774 omnis
415 1740 567 1774 motus
594 1730 640 1773 in
672 1730 767 1774 istis
804 1729 1092 1773 inferioribus
1126 1730 1403 1788 corporibus.
1438 1730 1513 1774 Sic
1551 1743 1661 1789 ergo
1697 1730 1822 1789 patet
1852 1729 1981 1789 quod*
2002 1736 2197 1789 corpora

238 1796 452 1841 inferiora
478 1811 557 1856 per
583 1796 820 1855 superiora
850 1806 1080 1855 reguntur.

912 1952 1166 2008 CAPUT
1209 1951 1526 2007 LXXXIII.

704 2080 1064 2120 EPILOGUS
1124 2080 1725 2120 PRAEmc‘roRUM.

329 2193 395 2236 Ex
428 2191 639 2236 omnibus
667 2201 820 2235 autem
844 2192 963 2250 Quae
978 2200 1160 2235 ostensa
1186 2201 1292 2235 sunt
1308 2183 1526 2250 colligere
1543 2204 1801 2250 possumus,
1818 2191 1956 2250 quod,
1974 2195 2196 2251 quantum

241 2260 296 2303 ad
324 2259 495 2303 ordinis
523 2260 910 2317 excogitationem
933 2258 1064 2302 rebus
1089 2258 1370 2316 imponendi,
1391 2259 1518 2303 Deus
1544 2260 1700 2303 omnia
1727 2272 1805 2317 per
1830 2257 2199 2318 seipsum'dispo·

239 2326 340 2370 suit.
359 2326 492 2369 Unde
510 2339 642 2383 super
667 2324 780 2369 illud
807 2325 908 2385 (Job
932 2324 1144 2368 XXXIV.
1167 2329 1278 2383 13.):
1311 2326 1446 2382 Quem
1462 2328 1603 2385 posuit
1624 2326 1756 2370 alium
1775 2333 1898 2386 super
1917 2327 2058 2381 orbam
2078 2333 2198 2386 quem

237 2394 472 2450 fabricatus
488 2394 573 2437 est?
605 2392 713 2436 dicit
736 2391 1010 2450 Gregorius:
1046 2407 1070 2432 c<
1087 2391 1316 2436 Mundum
1348 2393 1513 2452 quippe
1545 2407 1624 2452 per
1649 2395 1852 2452 seipsum
1877 2393 2205 2453 regitqui‘per-

239 2459 438 2518 seipsum
466 2458 669 2502 condidit
688 2474 736 2512 »3
771 2468 815 2503 et
840 2458 1026 2502 Boetius
1048 2458 1095 2502 in
1117 2468 1276 2517 quarto
1303 2459 1374 2503 De
1402 2460 1641 2505 consolat.:
1675 2477 1699 2503 «
1715 2461 1843 2505 Deus
1868 2474 1948 2520 per
1971 2464 2021 2505 se
2046 2459 2220 2506 solum¹

241 2535 403 2569 cuncta
431 2525 630 2583 disponit
647 2541 697 2570 »:
725 2525 1051 2584 sed'quantum
1074 2525 1130 2569 ad
1152 2526 1494 2571 exsecutionem
1524 2526 1739 2572 inferiora
1764 2541 1844 2586 per
1874 2527 2200 2587 superimaedi-

239 2602 434 2652 spensat,
471 2591 728 2651 corporalia
755 2592 940 2650 quidem
966 2606 1046 2650 per
1073 2591 1334 2650 spiritualia.
1363 2593 1498 2638 Unde
1534 2594 1785 2653 Gregorius
1812 2594 1928 2650 ,dicit
1956 2595 2005 2638 in
2023 2598 2197 2654 quarto

238 2659 423 2717 Di'alog.
457 2660 516 2718 (c.
536 2659 626 2716 6.):
664 2659 756 2702 «In
778 2659 869 2703 hoc
898 2659 1071 2702 mundo
1098 2658 1263 2703 visibili
1289 2660 1404 2703 nihil
1430 2660 1516 2704 nisi
1535 2675 1611 2720 per
1628 2661 1902 2706 invisibilem
1929 2671 2188 2716 creaturam

239 2726 419 2784 disponi
439 2735 611 2784 potest:
645 2725 880 2769 inferiores
913 2739 1024 2769 vero
1058 2726 1238 2784 spiritus
1264 2741 1343 2785 per
1370 2728 1624 2786 superiores
1642 2746 1684 2773 >›.
1712 2729 1846 2783 Unde
1872 2728 1982 2774 dicit
2003 2728 2197 2788 Dionys,

241 2793 340 2849 (IV.
369 2807 463 2851 cap.
487 2791 685 2837 Coelest.
713 2791 960 2849 hierarch.)
979 2792 1101 2851 quod
1135 2792 1358 2838 coelestes
1384 2794 1605 2839 essentiae
1631 2794 1961 2847 intellectuales
1977 2796 2127 2855 primo
2150 2795 2219 2840 in,

239 2859 410 2918 seipsas
444 2858 647 2903 divinam
679 2858 818 2903 edunt
860 2859 1262 2913 illuminationem,
1300 2870 1344 2905 et
1374 2861 1421 2904 in
1458 2876 1542 2906 nos
1574 2861 1783 2908 deferunt
1813 2876 1930 2922 quae
1954 2875 2200 2922 supra-nos

239 2935 344 2970 sunt
366 2925 778 2970 manifestationes:
805 2925 1020 2970 inferiora
1042 2926 1181 2971 etiam
1203 2941 1394 2986 corpora
1420 2943 1500 2987 per
1525 2929 1773 2988 superiora.
1798 2929 1934 2975 Unde
1949 2928 2202 2976 ‘dictinio-

238 2994 394 3051 nysius
428 2993 527 3050 (IV.
563 3007 660 3052 cap.
688 2993 759 3037 De
794 2993 882 3036 div.
909 2993 1127 3050 nomin.),
1154 2993 1276 3052 quod
1309 2994 1379 3038 sol
1406 2996 1748 3053 generationem
1770 2994 2016 3041 visibilium
2034 3009 2218 3057 corpor

239 3074 340 3103 rum
360 3059 549 3114 confert,
569 3070 614 3104 et
632 3061 688 3104 ad
704 3060 846 3104 vitam
862 3061 1009 3117 ipsam
1027 3071 1198 3114 movet,
1212 3071 1256 3105 et
1277 3062 1428 3116 nutrit,
1446 3069 1489 3106 et
1507 3072 1655 3121 auget,
1669 3073 1713 3107 et
1729 3062 1917 3122 perficit,
1928 3073 1979 3108 et
1996 3063 2200 3118 mundat,

241 3137 285 3171 et
303 3138 504 3171 renovat.
532 3128 604 3171 De
629 3128 701 3172 his
731 3138 883 3171 autem
907 3128 1119 3178 omnibus
1147 3128 1282 3172 simul
1301 3129 1407 3173 dicit
1423 3130 1733 3187 Augustinus’
1722 3145 1769 3174 m
1780 3132 1931 3176 tertio
1948 3130 2035 3184 De
2048 3129 2199 3176 Tria-2

244 3210 267 3234 «
283 3194 720 3246 Quaemadmodum
745 3207 940 3252 corpora
962 3195 1185 3239 crassiora
1204 3203 1247 3240 et
1264 3195 1476 3239 inferiora
1495 3211 1574 3255 per
1596 3196 1862 3242 sublimiora
1878 3207 1934 3243 et
1942 3199 2200 3257 potentiora

240 3262 441 3338 quodam
463 3262 621 3307 ordine
647 3271 877 3321 reguntur,
909 3261 970 3305 ita
1004 3262 1160 3306 omnia
1192 3276 1385 3321 corpora
1416 3278 1496 3321 per
1527 3264 1732 3322 spiritum
1754 3266 1894 3311 vitae
1904 3261 2197 3320 ranonalm

242 3338 286 3372 et
312 3329 494 3388 spiritus
522 3329 754 3374 rationalis
783 3338 997 3388 peccator
1022 3343 1102 3387 per
1127 3328 1334 3388 spiritum
1360 3329 1633 3375 rationalem
1658 3332 1828 3390 justum
1844 3347 1890 3378 »ς

2088 3312 2332 3563 i

2278 3718 2282 3724 “
2323 3683 2332 3854 A
