2294 3854
817 195 968 235 mssa
1008 193 1078 233 tv.
1120 192 1240 233 cap,
1282 189 1502 231 Lxxx1v.
2027 171 2130 239 699

186 313 274 348 ossa
303 314 386 346 non
402 296 549 355 habet,
571 300 678 344 sicut
707 308 771 343 me
800 297 946 342 videtis
977 296 1137 341 habere.
1164 292 1286 354 Ergo
1312 304 1358 339 et
1383 293 1460 339 alii
1482 286 1701 336 homines
1723 297 2010 348 resurgentes
2042 299 2137 330 cor-

185 366 299 429 pora
322 366 565 427 palpabilia
586 363 819 410 habebunt
843 378 897 408 ex
924 363 1132 407 carnibus
1158 371 1202 407 et
1221 362 1399 406 ossibus
1426 357 1695 418 composita.

275 434 464 479 Adhuc:
494 434 645 476 anima
668 431 820 475 unitur
846 431 1026 488 corpori
1053 430 1169 474 sicut
1192 426 1342 473 forma
1367 426 1598 471 materiae.
1624 422 1793 469 Omnis
1820 431 1972 466 autem
1988 419 2137 464 forma

186 500 330 546 habeta
345 499 696 544 determinatam
713 497 979 542 materiam:
1002 505 1182 555 oportet
1198 495 1319 539 enim
1348 506 1445 538 esse
1472 486 1820 553 proportionem
1846 497 1972 532 actus
1999 496 2044 530 et
2057 499 2138 544 po·

185 562 368 612 tentiae.
396 566 518 610 Cum
544 565 681 624 igitur
707 564 858 608 anima
876 563 934 607 sit
949 562 1110 607 eadem
1127 562 1377 606 secundum
1402 559 1618 619 speciem,
1635 550 1813 602 videtur
1833 554 1955 614 quod
1975 553 2142 596 habeat

167 633 400 679 eamdem
427 632 665 677 materiam
691 630 941 674 secundum
962 629 1176 688 speciem.
1194 628 1290 671 Erit
1312 640 1423 686 ergo
1449 626 1568 670 idem
1593 635 1757 683 corpus
1774 620 2024 667 secundum
2045 632 2140 676 spe·

190 701 307 744 ciem
332 709 436 759 post
461 698 856 750 resurrectionem,
883 706 928 740 et
947 705 1074 749 ante3
1102 704 1146 739 et
1171 695 1235 738 sic
1263 702 1443 753 oportet
1469 693 1589 751 quod
1618 693 1674 736 sit
1696 690 1948 734 consistens
1974 701 2028 731 ex
2050 698 2144 730 car-

190 767 335 820 nibus,
367 762 411 811 et
437 766 628 818 ossibus,
655 773 699 808 et
732 763 829 807 aliis
855 762 1120 822 huiusmodi
1142 762 1355 820 partibus.
1962 812 1970 819 Ι

279 832 518 892 Amplius:
545 845 650 875 cum
675 831 721 874 in
748 829 1017 873 diffinitione
1033 842 1185 873 rerum
1201 827 1490 882 naturalium,
1508 839 1624 885 quae
1651 823 1875 883 significat
1900 821 2142 866 essentiam

191 897 373 959 speciei,
409 908 605 958 ponatur
640 897 846 951 materia,
877 896 1183 943 necessarium
1217 904 1284 938 est
1314 894 1437 956 quod
1468 893 1640 937 variata
1673 891 1862 935 materia
1894 888 2142 934 secundum

191 965 408 1024 speciem,
435 966 634 1008 varietur
664 963 838 1023 species
880 963 943 1006 rei
983 962 1214 1006 naturalis.
1252 962 1410 1004 Homo
1437 969 1588 1004 autem
1630 972 1700 1003 res
1736 956 1952 1002 naturalis
1977 963 2057 999 est.
2093 952 2145 1000 Si

192 1032 332 1091 igitur
348 1036 453 1091 post
477 1031 856 1075 resurrectionem
883 1043 975 1074 non
1002 1028 1187 1072 habebit
1214 1041 1377 1085 corpus
1400 1026 1653 1070 consistens
1677 1039 1731 1069 ex
1758 1023 1980 1075 carnibus,
2008 1030 2053 1065 et
2079 1016 2147 1065 os'·

193 1095 399 1153 sibus5‘et
422 1097 685 1156 hujusmodi
712 1097 924 1156 partibus,
942 1096 1059 1140 sicut
1083 1108 1203 1140 nunc
1230 1094 1381 1148 habet,
1402 1106 1497 1138 non
1520 1093 1603 1137 erit
1628 1093 1705 1152 qui
1721 1099 1926 1149 resurget
1942 1087 2145 1148 ejusdem

193 1164 481 1225 speciek-‘sed
508 1164 681 1208 dicetur
706 1163 852 1208 homo
878 1172 1054 1207 tantum
1079 1162 1361 1220 aequivoce.¹
2085 1158 2090 1180 ⁷

282 1230 422 1276 Item:
450 1230 597 1289 magis
624 1230 758 1274 distat
784 1230 836 1273 ab
867 1230 1019 1273 anima
1045 1229 1176 1272 unius
1198 1228 1400 1272 hominis
1427 1241 1591 1287 corpus
1623 1225 1804 1270 alterius
1827 1223 1995 1283 speciei
2008 1229 2147 1282 quam

196 1312 360 1357 corpus
391 1297 645 1341 humanum
676 1296 859 1341 alterius
884 1295 1101 1340 hominis.
1131 1295 1221 1340 Sed
1255 1295 1408 1338 anima
1430 1308 1523 1338 non
1554 1302 1704 1352 potest
1728 1293 1890 1336 iterato
1913 1289 2032 1334 uniri
2054 1302 2149 1333 cor-

195 1364 297 1425 pori
323 1363 506 1408 alterius
530 1363 747 1417 hominis,
767 1372 815 1407 ut
836 1363 882 1406 in
899 1362 1104 1408 secundo
1120 1362 1179 1419 (c.
1207 1360 1305 1420 83.)
1320 1371 1555 1419 ostensum
1578 1370 1658 1404 est.
1685 1357 1831 1403 Multo
1850 1358 1985 1417 igitur
2001 1356 2149 1401 minus

195 1431 361 1491 poterit
386 1430 432 1474 in
458 1430 789 1474 resurrectione
815 1423 933 1474 uniri
957 1427 1137 1487 corpori
1171 1424 1353 1472 alterius
1381 1427 1561 1486 speciei.

251 1536 253 1538 .
285 1497 554 1547 Praeterea:
580 1497 635 1544 ad
667 1498 759 1543 hoc
791 1497 913 1556 quod
945 1497 1089 1542 homo
1115 1496 1238 1541 idem
1270 1507 1465 1540 nurnero
1497 1502 1714 1553 resurgat,
1745 1491 2066 1541 necessarium
2085 1499 2153 1535 est

199 1565 321 1624 quod
347 1574 498 1623 partes
525 1565 622 1623 ejus
649 1563 910 1608 essentiales
937 1564 1027 1608 sint
1050 1563 1239 1610 eaedem
1273 1577 1482 1607 numero.
1511 1561 1559 1606 Si
1585 1561 1722 1620 igitur
1749 1573 1911 1619 corpus
1949 1555 2151 1602 hominis

200 1632 476 1691 resurgentis
501 1645 596 1675 non
623 1631 705 1675 erit
729 1645 782 1675 ex
806 1631 878 1674 his
912 1630 1135 1685 carnibus,
1168 1640 1212 1674 et
1235 1630 1307 1674 his
1334 1629 1510 1673 ossibus
1549 1643 1603 1673 ex
1638 1626 1799 1686 quibus
1825 1639 1944 1670 nunc
1969 1637 2153 1683 compo-

200 1699 336 1753 nitur,
360 1696 454 1743 'non
477 1698 563 1744 erit
587 1698 731 1742 horno
757 1708 996 1756 resurgens
1022 1697 1144 1741 idem
1170 1710 1379 1741 numero.
1838 1698 1845 1702 ’
1891 1706 1894 1708 ·
2053 1706 2057 1708 ·

291 1766 386 1809 Has
413 1775 566 1809 autern
600 1772 761 1809 omnes
794 1764 933 1808 falsas
967 1764 1208 1823 opiniones
1249 1762 1619 1808 manifestissime
1649 1762 1732 1820 Job
1768 1759 1965 1806 excludit
1998 1759 2153 1803 dicens

203 1832 347 1889 (XIX.
376 1830 490 1889 26.):
518 1833 699 1878 Rursum
725 1831 1019 1877 circumdabor
1036 1832 1140 1893 pelle
1162 1837 1333 1885 measet
1357 1832 1402 1875 in
1425 1844 1551 1875 carne
1571 1843 1663 1873 mea
1678 1828 1824 1873 m'debo
1842 1828 2007 1872 Deum:
2034 1839 2151 1885 quem

197 1901 368 1944 visurus
385 1908 476 1944 sum
500 1912 569 1957 ego
590 1901 690 1958 ipse,
717 1904 754 1943 et
778 1913 860 1942 non
886 1898 1005 1942 alius.
1424 1923 1426 1925 >
1641 1899 1642 1902 ’
2114 1950 2117 1951 7

294 1965 477 2010 Habent
516 1975 668 2009 autem
711 1974 755 2009 et
795 1964 1001 2024 singulae
1041 1964 1373 2024 praedictarum
1416 1963 1685 2023 opinionum
1727 1961 1907 2021 propria
1945 1961 2155 2004 inconve—

206 2031 391 2077 nientia.
423 2031 602 2076 Ponere
635 2031 757 2075 enim
791 2044 955 2090 corpus
987 2031 1176 2076 transire
1207 2031 1254 2075 in
1288 2030 1495 2090 spiritum
1528 2039 1594 2074 est
1639 2029 1830 2073 omnino
1862 2024 2155 2087 impossibile.

206 2099 314 2143 Non
341 2098 464 2143 enim
498 2106 732 2142 transeunt
757 2098 970 2152 invicem,
995 2098 1082 2143 nisi
1109 2112 1225 2157 quae
1260 2098 1308 2142 in
1333 2097 1524 2142 materia
1556 2095 1915 2140 communicant.
1945 2092 2158 2152 Spiritua·

206 2164 319 2210 lium
347 2174 514 2219 autem,
541 2174 586 2209 et
612 2164 919 2224 corporalium
945 2178 1038 2208 non
1061 2173 1209 2224 potest
1234 2178 1333 2209 esse
1360 2163 1721 2208 communicatio
1745 2162 1791 2206 in
1813 2160 2018 2214 materia,
2051 2173 2157 2203 cum

204 2231 482 2276 substantiae
506 2231 762 2291 spirituales
781 2231 868 2275 sint
886 2233 1077 2275 omnino
1103 2230 1443 2286 immateriales,
1469 2240 1519 2275 ut
1539 2230 1586 2273 in
1613 2228 1814 2274 secundo
1833 2229 1893 2286 (c.
1915 2240 1985 2287 49.
2004 2235 2048 2271 et
2066 2225 2157 2283 50.)

205 2295 439 2347 omnsum
466 2307 546 2342 est.
575 2297 864 2357 Impossibile
882 2308 949 2343 est
973 2298 1110 2357 igitur
1135 2298 1257 2358 quod
1282 2313 1446 2357 corpus
1472 2293 1727 2342 humanum
1758 2304 1958 2341 transeat
1983 2294 2037 2338 in-
2056 2293 2157 2338 sub-

203 2363 415 2410 stantiam
441 2364 736 2424 spiritualem.

294 2433 430 2476 Item:
457 2432 495 2475 si
519 2440 718 2475 transeat
737 2431 785 2474 in
811 2431 1108 2476 substantiam
1135 2432 1432 2491 spiritualem.
1449 2446 1613 2490 corpus
1647 2431 1916 2483 humanum,
1944 2428 2161 2473 aut-'tran-

208 2498 384 2543 niuniu
405 2498 551 2556 ipsam
569 2497 850 2557 spiritualem
875 2498 1172 2542 substantiam
1191 2513 1306 2557 quae
1330 2508 1397 2543 est
1424 2499 1591 2551 anima,
1619 2506 1695 2541 aut
1712 2497 1758 2540 in
1786 2496 1986 2555 aliquam
2006 2494 2157 2554 aliam.

209 2565 259 2609 Si
284 2564 517 2622 iti-ipsam,
541 2573 649 2608 tunc
676 2574 780 2622 post
802 2566 1183 2610 resurrectionem
1207 2578 1302 2608 non
1329 2575 1446 2610 esset
1466 2565 1513 2609 in
1530 2564 1718 2608 homine
1736 2563 1822 2606 nisi
1849 2562 2023 2615 anima;
2046 2560 2161 2605 sicut

213 2641 259 2676 et
283 2641 389 2676 ante
412 2631 806 2676 resurrectionem.
833 2631 940 2676 Non
966 2632 1101 2690 igitur
1118 2632 1434 2675 immutaretur
1460 2630 1664 2675 conditio
1689 2629 1891 2673 hominis
1916 2642 1996 2687 per
2021 2640 2162 2671 resur·

209 2696 475 2743 rectionem.
493 2697 545 2741 Si
561 2707 714 2742 autem
724 2698 931 2743 transibit
946 2698 992 2742 in
1012 2698 1147 2742 aliam
1172 2698 1469 2742 substantiam
1488 2695 1785 2756 spiritualem,
1803 2705 2014 2754 sequetur
2038 2693 2160 2753 quod

205 2778 267 2810 -ex
291 2762 462 2808 duabus
484 2764 744 2808 substantiis
770 2764 1073 2824 spiritualibus
1096 2763 1316 2810 efficietur
1333 2763 1502 2822 aliquid
1525 2777 1667 2807 unum
1689 2763 1735 2806 in
1752 2771 1937 2817 natura;
1955 2760 2078 2823 quod
2094 2769 2163 2804 est

212 2831 402 2876 omnino
428 2830 724 2890 impossibile,
748 2831 855 2890 quia
872 2831 1100 2890 quaelibet
1126 2831 1372 2876 substantia
1387 2829 1629 2888 spiritualis
1650 2838 1719 2873 est
1734 2842 1812 2888 per
1835 2841 1882 2872 se
1899 2825 2158 2872 subsistens.

281 2894 520 2942 'Similiter
545 2896 684 2942 etiam
710 2897 991 2957 impossibile
1008 2909 1078 2943 est
1103 2898 1225 2957 quod
1249 2910 1413 2957 corpus
1439 2896 1640 2941 hominis
1663 2894 1936 2953 resurgentis
1963 2893 2019 2938 sit
2035 2895 2162 2952 quasi

213 2968 474 3020 aereum31et
495 2964 642 3009 ventis
667 2963 828 3008 simile.
855 2964 1052 3024 Oportet
1069 2966 1190 3009 enim
1218 2978 1383 3027 corpus
1400 2963 1601 3008 hominis
1628 2972 1671 3006 et
1693 2961 1929 3020 cujuslibet
1954 2959 2163 3006 animalis

155 3032 158 3036 ’
212 3029 381 3076 habere
405 3032 755 3077 determinatam
788 3031 980 3091 figuram
1014 3033 1059 3076 in
1085 3042 1183 3076 toto
1210 3042 1254 3076 et
1285 3033 1330 3075 in
1357 3030 1567 3089 partibus.
1596 3030 1775 3087 Corpus
1809 3037 1959 3073 autem
1991 3028 2163 3072 habens

213 3095 794 3157 determinatam-figuram
827 3108 1007 3157 oportet
1040 3099 1162 3157 quod
1194 3099 1249 3142 sit
1282 3098 1327 3141 in
1359 3111 1406 3141 se
1438 3096 1738 3149 terminabile,
1780 3095 1885 3154 quia
1923 3094 2073 3154 figura·
2099 3104 2167 3139 est

215 3179 330 3224 quae
352 3166 566 3219 termino,
591 3164 664 3209 vel
690 3165 895 3210 terminis
921 3165 1355 3224 comprehenditur;
1378 3168 1454 3207 aer
1481 3172 1631 3207 autern
1659 3175 1752 3206 non
1781 3172 1848 3206 est
1874 3162 1918 3205 in
1945 3175 1993 3206 se
2018 3160 2168 3206 termi-

214 3231 389 3285 nabilis,
415 3232 495 3276 sed
521 3230 672 3276 solum
703 3232 900 3276 termino
927 3232 1078 3276 alieno
1105 3232 1384 3275 terminatur.
1417 3230 1523 3274 Non
1555 3239 1623 3274 est
1655 3242 1764 3287 ergo
1798 3227 2012 3288 possibile
2044 3229 2166 3288 quod

218 3309 381 3358 corpus
404 3298 606 3342 hominis
633 3299 907 3356 resurgentis
933 3299 989 3342 sit
1016 3303 1214 3351 aereum,
1237 3297 1310 3341 vel
1335 3297 1481 3341 ventis
1508 3296 1669 3341 simile.

305 3363 569 3409 Praeterea:
597 3377 762 3423 corpus
788 3365 990 3409 hominis
1021 3364 1298 3422 resurgentis
1331 3372 1512 3423 oportet
1545 3376 1642 3408 esse
1675 3363 1907 3416 tactivum‚
1933 3361 2038 3421 quia
2070 3361 2167 3405 sine

218 3427 341 3475 tactu
366 3430 543 3475 millum
559 3440 627 3476 est
645 3430 815 3475 animal
833 3430 1048 3491 :oportet
1074 3441 1224 3475 autem
1251 3440 1302 3475 ut
1327 3443 1564 3489 resurgens
1587 3430 1644 3474 sit
1662 3429 1844 3483 animal,
1866 3429 1904 3473 si
1929 3429 1987 3473 sit
2005 3428 2165 3472 hom0.

220 3497 400 3558 Corpus
432 3507 583 3543 autem
616 3501 799 3541 aereum
829 3511 924 3542 non
955 3507 1104 3556 potest
1137 3510 1236 3542 esse
1267 3497 1500 3551 tactivum‚
1533 3497 1648 3542 sicut
1679 3508 1763 3541 nec
1786 3495 1974 3555 aliquod
2002 3507 2168 3555 corpus

220 3563 427 3624 simplex,
454 3575 595 3623 quum
622 3572 830 3624 oporteat
856 3575 1020 3623 corpus
1046 3577 1125 3623 per
1150 3562 1272 3623 quod
1298 3562 1348 3609 fit
1382 3572 1528 3609 tactus
1561 3575 1660 3609 esse
1687 3562 1890 3607 medium
1923 3561 2039 3607 inter
2064 3573 2169 3620 qua·
