2332 3854
743 229 898 269 LIBER
937 227 992 267 11.
1034 227 1154 267 CAP.
1196 224 1422 265 Lxxxm.
1955 220 2060 277 249

115 331 353 391 ptibilitate
374 340 526 376 autem
546 329 747 374 veritatis
764 328 1073 389 intelligibilis,
1091 326 1343 373 ostenditur
1364 325 1517 371 anima
1533 324 1785 370 secundum
1803 337 1902 369 esse
1923 323 2069 368 incor-

114 397 350 458 ruptibilis.
385 397 490 442 Pari
525 410 636 456 ergo
669 396 844 441 ratione
881 411 934 440 ex
966 397 1061 454 ejus
1099 394 1363 440 aeternitate
1395 402 1546 454 potest
1579 391 1762 452 probari
1788 390 1967 435 animae
2001 403 2070 435 ae-

115 465 314 510 ternitas.

204 530 440 591 Amplius:
467 530 577 575 illud
603 543 698 575 non
717 539 783 574 est
799 529 1049 588 perfectum
1069 529 1143 573 cui
1168 528 1389 589 plurimae
1414 541 1598 573 suarum
1625 525 1822 586 partium
1846 523 2068 584 principa·

115 597 228 644 lium
261 598 436 643 desunt.
464 597 595 642 Patet
625 606 776 641 autem
799 596 1070 655 principales
1097 606 1244 655 partes
1268 595 1468 640 universi
1494 608 1591 639 esse
1617 591 1946 638 intellectuales
1973 590 2072 635 sub-

115 665 315 719 stantias,
341 665 387 708 in
404 678 595 724 quarum
615 677 782 723 genere
809 673 1042 707 ostensum
1062 673 1129 707 est
1154 677 1287 721 supra
1306 664 1365 720 (c.
1393 662 1485 719 68.)
1511 675 1611 706 esse
1638 660 1812 704 animas
1828 659 2069 702 humanas.

117 731 168 777 Si
197 731 333 791 igitur
364 731 563 790 quotidie
597 731 651 775 de
668 743 791 774 novo
818 739 886 774 tot
903 730 1082 773 animae
1108 729 1338 774 humanae
1366 743 1463 774 esse
1481 728 1699 787 incipiant
1723 736 1835 786 quot
1855 725 2068 770 homines

114 808 375 852 nascuntur,
408 807 532 857 patet
563 797 766 857 quotidie
799 799 1011 841 universo
1049 796 1266 855 plurimas
1303 795 1620 855 principalium
1656 807 1842 839 suarum
1873 793 2070 851 partium

117 864 221 910 addi
237 874 282 910 et
298 864 516 924 plurimas
533 865 574 910 ei
592 865 764 909 deesse.
786 863 1000 923 Sequitur
1025 863 1161 922 igitur
1177 863 1437 907 universum
1465 876 1562 907 esse
1587 860 1925 921 imperfectum3
1947 858 2070 918 quod

118 941 185 977 est
208 931 503 990 impossibile.

208 998 398 1043 Adhuc·
418 998 555 1043 etiam
573 998 757 1057 quidam
777 1007 1149 1056 argumentantur
1166 1011 1220 1041 ex
1247 997 1514 1041 auctoritate
1531 1010 1686 1041 sacrae
1705 995 1977 1054 Scripturae.
1993 992 2072 1037 Di-

8 1039 22 1092 ἶ
66 1116 71 1122 ,
115 1065 229 1111 citur
253 1066 375 1110 enim
407 1065 598 1124 (Genes.
639 1065 695 1109 11.
730 1064 792 1122 2.)
820 1065 942 1124 quod
974 1064 1198 1124 complevit
1228 1065 1342 1108 Deus
1374 1064 1438 1108 die
1476 1065 1644 1123 septimo
1679 1070 1776 1122 opus
1805 1077 1926 1107 suum
1959 1060 2066 1119 quod

107 1132 296 1191 fecerat:
329 1139 368 1178 et
391 1134 593 1191 requievit
624 1134 675 1177 ab
707 1134 900 1177 universo
934 1140 1051 1191 opere
1077 1132 1185 1190 quod
1208 1137 1419 1191 patrarat.
1454 1131 1555 1175 Hoc
1584 1141 1734 1175 autem
1762 1143 1857 1174 non
1882 1138 2015 1182 esset,
2033 1127 2071 1172 si

112 1199 316 1259 quotidie
347 1213 491 1244 novas
518 1201 693 1244 animas
718 1198 901 1244 faceret.
934 1199 1043 1244 Non
1068 1199 1205 1258 igitur
1246 1198 1427 1243 animae
1452 1198 1683 1242 humanae
1710 1211 1808 1242 esse
1833 1196 2070 1256 incipiunt,

112 1266 194 1312 sed
221 1280 247 1310 a
278 1266 503 1326 principio
534 1266 694 1311 mundi
719 1265 911 1310 fuerunt.

201 1334 394 1393 Propter
419 1334 503 1378 has
530 1343 683 1379 autem
710 1343 754 1378 et
781 1333 953 1378 similes
984 1334 1198 1389 rationes,
1231 1333 1431 1392 quidam,
1460 1332 1774 1377 aeternitatem
1800 1330 1960 1376 mundi
1994 1343 2072 1390 po-

121 1409 296 1454 nentes,
322 1400 530 1445 dixerunt
555 1402 757 1444 animam
782 1401 1050 1454 humanam,
1077 1402 1193 1445 sicut
1218 1410 1286 1445 est
1308 1399 1676 1457 incorruptibilis,
1700 1399 1764 1443 ita
1788 1398 1927 1443 etiam
1954 1407 1999 1442 et
2015 1397 2069 1442 ab

115 1476 300 1512 aeterno
330 1465 494 1522 fuisse;
520 1467 639 1511 unde
656 1468 731 1525 qui
757 1477 1005 1526 posuerunt
1023 1469 1198 1511 animas
1216 1467 1442 1511 humanas
1467 1467 1514 1510 in
1540 1480 1622 1511 sua
1648 1465 1939 1510 multitudine
1972 1478 2070 1510 esse

116 1533 417 1588 immortales,
443 1534 618 1579 scilicet
644 1533 889 1587 Platonici,
921 1543 1171 1593 posuerunt
1202 1534 1386 1578 easdem
1413 1534 1466 1578 ab
1491 1542 1674 1577 aeterno
1699 1531 1851 1586 fuisse,
1884 1542 1928 1576 et
1952 1546 2071 1576 nunc

111 1599 296 1659 quidem
329 1600 595 1659 corporibus
627 1600 759 1654 uniri,
784 1614 905 1644 nunc
929 1610 1081 1645 autem
1114 1614 1139 1644 a
1166 1601 1432 1660 corporibus
1459 1598 1649 1654 absolvi,
1684 1613 1735 1643 ac
1761 1598 2070 1644 vicissitudine

113 1666 365 1712 secundum
398 1667 698 1711 determinata
724 1680 950 1712 annorum
977 1666 1200 1712 curricula
1233 1667 1483 1711 observata.

203 1733 300 1787 Qui
323 1747 433 1777 vero
460 1743 710 1793 posuerunt
733 1733 908 1777 animas
934 1733 1160 1778 humanas
1188 1748 1286 1778 esse
1318 1733 1604 1778 immortales
1629 1735 1882 1778 secundum
1901 1731 2070 1791 aliquid

117 1813 275 1854 unum,
292 1799 414 1859 quod
431 1813 486 1844 ex
512 1801 724 1844 omnibus
741 1800 1003 1844 hominibus
1022 1811 1177 1845 manet
1194 1810 1297 1860 post
1314 1811 1526 1854 mortem,
1549 1810 1797 1858 posuerunt
1811 1800 1903 1845 hoc
1920 1799 2070 1859 ipsum

114 1879 257 1910 unum
290 1866 344 1910 ab
383 1876 568 1911 aeterno
600 1865 751 1921 fuisse,
789 1866 883 1911 sive
917 1866 1008 1910 hoc
1042 1867 1100 1911 sit
1134 1867 1390 1912 intellectus
1429 1882 1569 1927 agens
1600 1878 1794 1921 tantum,
1836 1877 1886 1911 ut
1921 1866 2071 1926 posuit

115 1932 389 1987 Alexander,
415 1933 510 1978 sive
533 1947 638 1977 curn
656 1947 712 1978 eo
731 1934 869 1977 etiam
895 1932 1150 1978 intellectus
1182 1933 1424 1994 possibilis,
1450 1943 1500 1978 ut
1524 1934 1676 1992 posuit
1701 1934 1944 1978 Averroes.
1967 1933 2069 1977 Hoc

118 1999 258 2044 etiam
288 1999 499 2045 videntur
514 2013 676 2044 sonare
703 2009 746 2044 et
771 1997 1031 2044 Aristotelis
1056 2001 1219 2055 verba;
1244 2015 1368 2055 nam,
1395 2001 1451 2045 de
1467 2000 1702 2045 intellectu
1729 2000 1936 2059 loquens,
1964 1999 2072 2045 dicit

120 2066 274 2124 (tertio
299 2065 372 2111 De
398 2066 566 2121 anima,
590 2076 621 2111 t.
649 2081 688 2110 c.
721 2066 813 2124 20.)
845 2066 995 2126 ipsum
1016 2081 1111 2112 non
1128 2067 1281 2112 solum
1298 2067 1700 2127 incorruptibilem,
1719 2067 1798 2113 sed
1816 2067 1954 2112 etiam
1976 2081 2073 2127 per-

114 2141 303 2191 petuum
335 2146 448 2177 esse.

205 2197 409 2255 Quidam
426 2213 535 2244 vero
548 2199 826 2244 catholicam
843 2199 980 2245 fidem
998 2201 1274 2259 profitentes,
1292 2201 1639 2246 Platonicorum
1657 2201 1875 2246 doctrinis
1892 2201 2069 2255 imbuti,

116 2265 239 2310 viam
264 2266 467 2319 mediam
492 2275 745 2311 tenuerunt.
782 2266 905 2319 Quia
938 2268 1076 2322 enim,
1109 2268 1359 2313 secundum
1385 2268 1523 2313 fidem
1550 2267 1842 2323 catholicam,
1867 2267 1982 2312 nihil
2003 2278 2070 2312 est

115 2342 349 2378 aeternum
375 2343 551 2393 praeter
581 2333 750 2388 Deum,
775 2334 1000 2379 humanas
1034 2335 1218 2394 quidem
1247 2337 1420 2380 animas
1448 2345 1653 2380 aeternas
1684 2349 1778 2379 non
1803 2345 2066 2394 posuerunt,

1 2392 44 2465 73
109 2399 188 2445 sed
205 2413 282 2445 eas
301 2413 406 2445 cum
433 2400 606 2445 mundo
632 2401 727 2445 sive
752 2401 903 2459 potius
922 2411 1024 2446 ante
1043 2403 1267 2447 mundum
1283 2402 1508 2447 visibilem
1531 2412 1704 2447 creatas
1723 2416 1836 2456 esse,
1855 2411 1899 2446 et
1913 2412 2069 2446 tamen

34 2472 43 2478 ’”
112 2477 190 2511 eas
229 2467 285 2511 de
317 2481 442 2512 novo
474 2468 741 2526 corporibus
782 2467 972 2525 alligari.
1018 2469 1174 2522 Quam
1215 2469 1399 2529 quidem
1439 2470 1718 2529 positionem
1755 2469 1927 2529 primus
1953 2471 2070 2514 inter

112 2533 385 2579 christianae
410 2533 516 2578 fidei
540 2533 822 2593 professores
855 2535 1082 2594 Origenes
1109 2537 1232 2596 (Περὶ
1264 2537 1382 2596 Ἀρχ.
1410 2537 1559 2596 primo
1594 2551 1632 2580 c.
1661 2550 1701 2595 7.
1729 2546 1773 2581 et
1814 2536 1959 2596 seqq.)
1992 2550 2071 2596 po-

109 2600 253 2645 suisse
278 2600 519 2655 invenitur,
551 2611 596 2646 et
627 2611 731 2661 post
755 2616 861 2646 eum
887 2601 1038 2662 plures
1062 2603 1211 2663 ipsum
1248 2614 1512 2663 sequentes3
1550 2617 1666 2662 quae
1699 2603 1885 2662 quidem
1911 2603 2068 2663 opinio

109 2680 251 2728 usque
283 2668 422 2714 hodie
449 2669 567 2728 apud
592 2669 850 2714 haereticos
882 2680 1051 2724 manet,
1075 2684 1269 2729 quorum
1299 2671 1562 2715 Manichaei
1588 2684 1664 2715 eas
1691 2670 1829 2714 etiam
1863 2678 2070 2715 aeternas

110 2744 316 2780 asserunt
341 2749 448 2780 curn
473 2735 680 2790 Platone,
707 2745 752 2780 et
778 2749 854 2780 eas
880 2735 936 2780 de
962 2750 1155 2794 corpore
1183 2737 1238 2780 ad
1266 2751 1431 2796 corpus
1462 2737 1669 2781 transire.

199 2802 290 2847 Sed
322 2802 378 2846 de
403 2801 526 2847 facili
553 2803 732 2847 ostendi
758 2812 910 2862 potest
933 2804 1206 2862 praemissas
1231 2804 1482 2863 positiones
1508 2818 1602 2848 non
1629 2818 1728 2849 esse
1750 2804 1939 2850 veritate
1971 2804 2070 2850 sub·

17 2865 43 2924 ’ζ
109 2866 251 2912 nixas.
280 2867 421 2920 Quod
454 2869 577 2912 enim
603 2882 697 2911 non
723 2869 780 2914 sit
804 2883 921 2914 unus
947 2870 1156 2915 omnium
1190 2869 1446 2916 intellectus
1471 2871 1699 2930 possibilis
1734 2885 1882 2930 neque
1914 2886 2070 2930 agens,

14 2939 33 2972 «ἱ
109 2934 205 2993 jam
230 2947 365 2992 supra
390 2933 451 2990 (c.
479 2946 549 2992 73.
577 2943 622 2978 et
644 2932 736 2991 76.)
763 2942 831 2978 est
866 2943 1115 2978 ostensum.
1154 2937 1288 2981 Unde
1314 2948 1453 2982 restat
1489 2947 1647 2982 contra
1680 2938 1787 2982 istas
1819 2938 2069 2998 positiones

32 2992 43 3055 'J
109 3000 379 3059 procedere,
406 3013 522 3059 quae
549 3000 705 3044 dicunt
729 2999 880 3058 plures
914 3000 1088 3044 animas
1123 3013 1221 3045 esse
1256 3000 1515 3053 hominum,
1545 3014 1590 3043 et
1617 3014 1774 3049 tamen
1800 3015 1976 3064 ponunt
1992 3019 2069 3051 eas

15 3055 43 3109 ζ
111 3076 217 3112 ante
249 3079 444 3126 corpora
480 3066 714 3121 exstitisse,
749 3066 843 3111 sive
871 3067 924 3111 ab
962 3076 1163 3122 aeterno,
1200 3066 1295 3111 sive
1323 3081 1348 3111 a
1374 3066 1533 3111 mundi
1565 3065 1914 3120 constitutione3
1946 3071 2068 3125 quod

47 3157 49 3159 >
112 3133 298 3193 quidem
318 3133 496 3178 videtur
520 3134 846 3178 inconveniens
872 3133 944 3178 his
969 3134 1232 3179 rationibus.

27 3200 33 3210 '
203 3199 456 3246 Ostensum
483 3209 552 3245 est
576 3201 699 3245 enim
734 3214 868 3259 supra
893 3202 954 3259 (c.
997 3202 1084 3259 57.)
1119 3203 1320 3245 animam
1357 3200 1474 3245 uniri
1509 3200 1691 3260 corpori
1721 3209 1771 3244 ut
1794 3198 1992 3244 formam
2025 3209 2069 3245 et

114 3276 268 3312 actum
294 3267 448 3326 ipsius.
464 3267 609 3312 Actus
637 3277 803 3321 autem,
829 3266 936 3312 licet
962 3268 1019 3312 sit
1043 3267 1309 3312 naturaliter
1335 3267 1458 3327 prior
1474 3266 1692 3326 potentia,
1717 3275 1887 3321 tamen,
1918 3266 1964 3310 in
1996 3280 2066 3311 eo-

16 3328 41 3399 ἓξ
113 3333 235 3390 dem,
260 3344 468 3393 tempore
495 3343 564 3379 est
588 3334 837 3394 posterior;
869 3345 1080 3380 movetur
1106 3335 1228 3380 enim
1247 3334 1415 3394 aliquid
1433 3334 1488 3378 de
1506 3333 1708 3393 potentia
1739 3333 1786 3378 in
1804 3343 1921 3378 actu.
1938 3333 2069 3378 Prius

16 3419 50 3457 ,Q
112 3399 251 3460 igitur
268 3399 354 3445 fuit
379 3414 551 3455 semen,
582 3400 704 3460 quod
730 3400 914 3460 quidem
944 3412 1012 3447 est
1037 3401 1240 3461 potentia
1264 3402 1436 3455 vivum,
1462 3415 1601 3460 quarn
1628 3410 1746 3445 esset
1767 3400 1936 3453 anima,
1952 3413 2068 3460 quae

17 3478 48 3522 (ἵ
115 3475 185 3512 est
215 3477 342 3512 actus
367 3467 500 3512 vitae.

203 3532 391 3578 Adhuc:
419 3532 665 3593 unicuique
689 3531 866 3579 formae
887 3534 1093 3580 naturale
1120 3544 1187 3580 est
1212 3536 1421 3594 propriae
1454 3533 1672 3579 materiae
1698 3533 1837 3590 uniri;
1865 3533 2068 3594 alioquin

115 3600 412 3646 constitutum
446 3613 500 3645 ex
524 3598 675 3645 forma
689 3609 734 3645 et
759 3600 950 3646 materia
966 3610 1085 3647 esset
1117 3600 1284 3661 aliquid
1317 3610 1493 3661 praeter
1518 3610 1742 3647 naturam.
1768 3600 1898 3646 Prius
1916 3610 2069 3646 autem
