2332 3854
206 186 310 260 348
873 201 1027 242 mmm
1067 200 1142 239 111.
1186 200 1306 240 CAP.
1346 198 1491 240 va1.

202 307 445 364 metipsam
465 307 612 361 novit,
639 308 857 365 quoniam
882 306 978 363 ipsa
1005 314 1073 348 est
1102 304 1433 363 incorporea».
1457 303 1524 358 Ex
1547 303 1620 348 his
1644 303 1775 350 enim
1805 303 1952 352 verbis
1968 301 2159 367 νιᾷεωι·

202 373 324 431 quod
351 387 480 419 mens
505 383 661 418 nostra
687 387 734 416 se
761 386 840 431 per
867 371 1064 429 seipsam
1089 369 1328 429 intelligat,
1355 380 1400 414 et
1414 369 1716 430 intelligendo
1740 384 1804 424 se,
1825 358 2161 429 intelligatsub-

202 440 389 489 stantias
416 449 658 498 separatas,
685 438 807 497 quod
835 447 903 489 est
930 446 1088 481 contra
1111 439 1231 495 prius
1260 445 1453 491 ostensa.

291 507 522 564 Inquirere
546 520 654 563 ergo
681 514 861 562 oportet
894 504 1129 561 quomodo
1158 504 1309 547 ani-ma
1327 514 1483 549 nostra
1508 518 1589 563 per
1620 503 1819 563 seipsam
1838 502 2160 567 .intelligat4s,e.

200 572 486 630 Impossibile
513 581 579 615 est
606 581 758 614 autem
785 570 875 613 dici
900 570 1020 627 quod
1049 584 1128 628 per
1152 570 1351 628 seipsam
1387 569 1611 628 intelligat
1646 571 1700 613 de
1735 583 1784 615 se
1815 570 1923 629 quid
1959 580 2037 622 est.
2063 569 2161 629 ..Ber

199 640 290 683 hoc
318 640 441 682 enim
467 638 516 681 fit
547 637 750 695 potentia
782 636 1098 694 cognoscitiva
1130 646 1232 689 actu
1260 649 1559 694 cognoscens,
1592 635 1715 694 quod
1741 646 1808 680 est
1832 637 1968 680 inea
1991 628 2161 697 idque

201 706 505 764 cognoscitur.
534 705 590 747 Et
614 703 653 747 si
678 703 863 761 quidem
889 703 947 752 sit
972 703 1016 746 in
1043 717 1096 755 ea
1118 703 1166 746 in
1192 703 1414 761 potentia,
1437 703 1679 761 cognoscit
1698 702 1978 762 inpotentia
1988 701 2068 756 ;¹si
2081 716 2163 754 au·

201 782 296 816 tem
323 774 367 815 in
395 781 511 826 actu,
540 770 778 826 cognoscit
802 769 847 812 in
871 779 1005 823 3actu;
1031 770 1070 813 si
1097 779 1251 817 autem
1276 770 1428 813 medio
1456 770 1613 823 modo,
1647 769 1887 828 cognoscit
1914 768 1960 812 in
1991 768 2160 815 habitu.

199 839 303 896 Ipsa
323 848 482 883 sautem
510 836 662 879 anima
689 850 870 894 semper
896 836 977 886 sibi
1011 836 1137 880 adest
1170 846 1287 889 actu,
1325 846 1370 880 et
1406 850 1656 894 nunquam,
1691 836 1738 880 in
1771 836 1973 894 potentia
2006 834 2081 891 vel
2113 835 2163 880 in

200 905 356 948 habitu
374 912 562 947 tantum.
583 902 633 946 Si
649 902 786 960 igitur
807 916 887 960 per
905 902 1102 960 seipsam
1121 903 1273 946 anima
1291 902 1489 961 seipsam
1507 902 1747 961 cognoscit
1763 902 1869 961 quid
1887 911 2164 964 esu-semper

203 981 304 1014 actu
332 969 554 1027 intelliget
576 969 630 1012 de
657 983 706 1012 se
733 968 839 1027 quid
867 980 957 1019 est:
986 969 1258 1027 quodvpatet
1284 983 1383 1013 esse
1410 968 1589 1013 falsum.

290 1037 481 1080 Adhuc:
515 1036 552 1080 si
585 1037 735 1079 anima
768 1050 850 1094 per
880 1033 1079 1094 seipsam
1112 1036 1350 1094 cognoscit
1381 1036 1437 1080 de
1476 1050 1524 1080 se
1554 1036 1788 1095 ‚quid-est,
1818 1035 2164 1095 2omnis.,autem

200 1105 346 1149 homo
374 1104 576 1148 animam
601 1102 752 1157 habet,
780 1103 930 1150 omnis
952 1103 1093 1161 igitur
1113 1102 1259 1147 homo
1279 1104 1526 1161 cognoscit
1542 1103 1598 1147 de
1625 1105 1778 1148 anima
1792 1103 1905 1162 'quid
1919 1103 2162 1162 estzssquod

196 1180 325 1230 ,patet
350 1184 450 1221 esse
477 1168 655 1214 falsum.
2017 1201 2022 1205 .

291 1236 525 1295 Amplius:
545 1236 758 1314 cognitio
779 1250 902 1295 quae
929 1235 979 1279 fit
1003 1250 1083 1295 per
1109 1235 1284 1295 aliquid
1310 1235 1574 1280 naturaliter
1597 1236 1730 1281 nobis
1745 1235 1962 1295 inditum,
1985 1245 2075 1292 est
2091 1249 2166 1283 na-

201 1303 373 1357 turalis,
400 1304 518 1348 sicut
543 1303 763 1362 principia
788 1302 1209 1347 indemonstrabilia
1235 1316 1352 1361 quae
1380 1313 1720 1362 cpgnoscuntur
1745 1317 1824 1362 per
1851 1302 2024 1352 lumen
2034 1288 2168 1357 „intel-

200 1370 345 1418 lectus
368 1370 562 1428 age-ntis.
586 1369 642 1413 Si
662 1369 822 1427 igitur
824 1383 909 1413 nos
944 1369 999 1412 de
1027 1371 1179 1413 anima
1205 1369 1404 1413 sciamus
1430 1369 1536 1427 quid
1570 1378 1637 1421 est
1662 1382 1740 1427 per
1770 1369 1932 1428 ipsam
1941 1382 2165 1427 annnam,

201 1437 292 1480 hoc
321 1437 404 1480 erit
428 1435 693 1480 naturaliter
717 1446 894 1480 notum.
926 1436 979 1479 In
1006 1436 1079 1479 his
1108 1445 1263 1480 autem
1297 1450 1412 1494 quae
1438 1446 1541 1480 sunt
1565 1435 1830 1491 naturaliter
1855 1445 1997 1493 nota,
2010 1433 2166 1491 ,nullus

200 1514 349 1563 potest
385 1518 563 1558 errare3
600 1505 647 1547 in
678 1503 948 1561 cognitione
985 1503 1109 1554 enim
1141 1503 1469 1561 principiorum
1505 1501 1980 1557 indemonstrabilium
2006 1500 2166 1560 ,nullus

204 1580 334 1615 errat.
355 1570 522 1615 Nullus
549 1584 660 1629 ergo
687 1580 857 1614 erraret
882 1570 1003 1614 circa
1030 1570 1233 1613 animam
1260 1569 1366 1628 quid
1395 1579 1474 1623 est,
1501 1569 1539 1613 si
1559 1569 1650 1612 hoc
1673 1569 1826 1613 anima
1847 1582 1927 1627 per
1963 1561 2166 1631 seipsam

203 1647 516 1696 cognosceret.
547 1636 686 1689 Quod
713 1646 836 1695 patet
868 1650 966 1680 esse
992 1634 1171 1690 falsum,
1207 1650 1313 1679 cum
1339 1635 1470 1679 multi
1505 1635 1678 1694 opinati
1711 1636 1800 1690 sint
1823 1634 2034 1690 animam
2065 1648 2165 1680 esse

201 1705 293 1749 hoc
320 1704 394 1748 vel
418 1703 530 1748 illud
558 1717 740 1762 corpus,
767 1713 812 1747 et
838 1703 977 1762 aliqui
995 1717 1261 1757 numerum,
1287 1702 1362 1746 vel
1386 1702 1692 1747 har-moniam,
1718 1702 1826 1747 Non
1846 1702 1988 1763 igitur
2006 1701 2165 1747 anima
2202 1738 2205 1739 γ

198 1783 284 1830 vper
306 1771 505 1829 seipsam
532 1770 773 1829 cognoscit
798 1770 853 1814 de
880 1784 928 1814 se
956 1770 1063 1828 quid
1090 1780 1171 1814 est.

292 1837 530 1896 Amplius:
557 1837 604 1880 in
630 1836 834 1895 quolibet
861 1837 1019 1880 ordine
1047 1836 1168 1894 quod
1197 1845 1264 1880 est
1286 1851 1372 1896 per
1397 1851 1462 1890 se,
1494 1846 1560 1880 est
1591 1836 1714 1895 prius
1746 1836 1810 1880 eo'
1834 1834 1972 1895 quod-
1989 1844 2063 1890 est
2079 1847 2166 1894 per

208 1905 329 1948 aliud
347 1916 390 1948 et
408 1904 678 1963 principium
695 1905 806 1962 ejus.
828 1904 967 1956 Quod
986 1917 1096 1962 ergo
1116 1914 1182 1947 est
1199 1917 1277 1961 per
1296 1918 1343 1947 se
1361 1913 1538 1958 notum,
1556 1914 1624 1947 est
1639 1903 1760 1962 prius
1776 1913 1938 1961 notum
1955 1901 2165 1958 omnibus

206 1986 322 2030 quae
359 1985 438 2030 per
471 1971 592 2015 aliud
626 1980 980 2028 cognoscuntur,
1014 1980 1058 2013 et
1089 1970 1359 2028 principium
1393 1969 1705 2028 cognoscendi
1731 1968 2164 2028 cassicutprimae

201 2038 537 2097 propositiones
569 2037 952 2090 conclusionibus.
987 2035 1037 2079 Si
1068 2037 1201 2094 igitur
1234 2038 1386 2090 anima
1413 2051 1496 2095 per
1527 2036 1725 2094 seipsam
1749 2036 1814 2087 ide
1845 2035 2165 2094 secognoscit

203 2105 310 2163 quid
333 2114 414 2158 est,
447 2104 536 2148 hoc
565 2104 649 2148 erit
674 2118 754 2162 per
775 2117 824 2147 se
850 2113 1028 2156 notum,
1053 2113 1100 2155 ,et
1131 2117 1211 2160 per
1238 2116 1522 2162 consequens
1550 2104 1697 2160 primo
1723 2112 1900 2157 notum,
1933 2112 1977 2146 et
1989 2101 2166 2160 [princi-

202 2172 327 2229 pium
361 2170 675 2229 cognoscendi
700 2170 802 2214 alia.
823 2170 928 2213 ⁴Hoc
957 2180 1108 2213 autem
1135 2180 1259 2229 patet
1284 2184 1382 2214 esse
1409 2169 1596 2223 falsum;
1628 2184 1736 2214 nam
1775 2169 1882 2229 quid
1909 2179 1983 2226 est
2012 2169 2166 2226 anima

201 2252 295 2281 non
323 2237 593 2295 supponitur
618 2237 664 2280 in
691 2237 879 2281 scientia
905 2236 1035 2295 quasi
1059 2247 1238 2290 notum,
1258 2238 1335 2281 sed
1353 2237 1621 2296 proponitur
1638 2251 1692 2281 ex
1715 2237 1812 2291 aliis
1833 2237 2163 2297 inquirendum.

201 2303 308 2348 Non
335 2304 471 2362 igitur
498 2303 651 2348 anima
679 2303 734 2347 de
760 2303 909 2361 seipsa
937 2305 1177 2362 cognoscit
1203 2303 1310 2362 quid
1338 2314 1406 2348 est
1430 2318 1509 2363 per
1534 2304 1746 2363 seipsam.

292 2371 422 2415 Patet
449 2381 603 2414 autem
630 2371 753 2428 quod
779 2384 864 2414 nec
884 2371 988 2429 ipse
1016 2371 1299 2429 Augustinus
1315 2370 1405 2414 hoc
1433 2370 1592 2415 voluit.
1619 2371 1742 2415 Dicit
1767 2370 1890 2426 enim
1910 2370 2163 2427 injeci-1110

202 2438 274 2482 De
302 2436 465 2483 Trinit.
499 2437 621 2496 quod
657 2437 808 2480 anima
847 2451 953 2480 cum
990 2437 1059 2481 sui
1092 2437 1306 2480 notitiam
1343 2437 1531 2495 quaerit,
1565 2451 1659 2481 non
1691 2436 1816 2493 velut
1845 2438 2164 2496 absentem-se

204 2504 379 2563 quaerit
401 2517 606 2558 cernere,
633 2503 713 2547 sed
740 2514 1027 2561 praesentem
1063 2517 1111 2547 se
1147 2513 1274 2547 curat
1305 2503 1584 2558 discernere3
1620 2517 1714 2555 non
1750 2514 1803 2548 ut.
1834 2514 2087 2563 cognoscat
2107 2517 2165 2548 se

205 2571 334 2630 quasi
359 2571 620 2624 non-norit,
647 2570 726 2614 sed
753 2580 802 2614 ut
826 2570 1068 2629 dignoscat
1093 2570 1147 2623 ab
1176 2584 1231 2614 eo
1259 2570 1380 2628 quod
1400 2570 1599 2624 ¹alterum
1619 2571 1766 2626 novi-t.
1792 2571 1859 2626 Ex
1881 2570 2167 2630 ,quoda-in·

203 2637 423 2696 telligere,
447 2638 569 2696 quod
589 2637 741 2681 anima
768 2652 847 2696 per
874 2651 922 2681 se
950 2637 1190 2695 cognoscit
1210 2637 1408 2695 seipsam
1436 2638 1564 2696 quasi
1585 2647 1891 2696 praesentem„
1908 2637 2165 2696 non-quasi

205 2705 258 2748 ab
287 2705 386 2749 aliis
414 2705 689 2748 distinctam.
717 2704 852 2748 Unde
880 2714 924 2748 et
949 2704 995 2747 in
1022 2704 1112 2748 hoc
1141 2703 1390 2757 dicitalios
1417 2718 1605 2759 errasse,
1632 2704 1755 2763 quod
1771 2704 2084 2761 animamn'Qn
2104 2703 2168 2748 di-

203 2772 459 2823 stinxerunt
492 2771 544 2814 ab
572 2771 661 2815 illis
689 2784 804 2830 quae
831 2780 936 2815 sunt
962 2770 1015 2814 ab
1042 2770 1140 2829 ipsa
1166 2770 1358 2815 diversa.
1385 2770 1471 2814 Per
1496 2771 1586 2815 hoc
1616 2780 1765 2815 autem
1793 2770 1915 2830 quod
1935 2770 2078 2824 scitur
2106 2769 2164 2815 de

205 2852 252 2882 re
279 2838 386 2897 quid
415 2848 496 2891 est,
523 2837 663 2882 scitur
687 2852 760 2882 res
786 2847 919 2896 prout
946 2847 1014 2881 est
1039 2837 1092 2880 ab
1121 2836 1220 2881 aliis
1246 2837 1479 2890 distincta:
1506 2837 1626 2891 unde
1652 2847 1696 2883 et
1722 2836 1930 2892 diffinitio
1951 2851 2077 2897 quae
2106 2837 2166 2882 si-

206 2915 315 2962 gnat
340 2905 447 2963 quid
475 2914 542 2949 est
567 2918 652 2959 res,
679 2904 914 2963 distinguit
941 2903 1181 2948 diffinitum
1205 2903 1259 2947 ab
1278 2904 1490 2948 omnibus
1507 2905 1620 2949 aliis.
1638 2904 1896 2964 Non-igitur
1910 2903 2166 2961 voluigAu-

207 2971 412 3030 gustinus
439 2971 562 3030 quod
589 2971 742 3015 anima
769 2971 823 3014 de
852 2985 899 3014 se
928 2981 1179 3029 cognoscat
1201 2971 1306 3029 quid
1335 2980 1402 3015 est
1427 2985 1506 3030 per
1532 2972 1742 3030 seipsam.

294 3037 393 3082 Nec
421 3037 690 3082 Aristoteles
716 3037 806 3081 hoc
833 3036 992 3080 voluit.
1019 3037 1144 3080 Dicit
1171 3037 1291 3080 enim
1310 3037 1355 3080 in
1382 3038 1513 3081 tertio
1533 3038 1602 3081 De
1622 3038 1773 3081 anima
1792 3037 1843 3094 (t.
1861 3051 1900 3081 c.
1922 3035 2026 3095 15.),
2043 3036 2165 3096 quod

204 3104 459 3149 intellectus
486 3104 712 3162 possibilis
739 3103 951 3161 intelligit
976 3117 1024 3147 se
1050 3103 1166 3148 sicut
1193 3102 1304 3158 alia;
1332 3103 1544 3161 intelligit
1570 3105 1692 3148 enim
1720 3117 1766 3148 se
1789 3118 1868 3163 per
1884 3103 2083 3162 speciem
2103 3102 2167 3148 in-

205 3170 488 3229 telligibilem
523 3185 610 3229 qua
637 3170 686 3214 fit
713 3180 813 3214 actu
840 3170 886 3213 in
912 3184 1078 3227 genere
1102 3169 1471 3227 intelligibilium.
1499 3170 1549 3213 In
1568 3184 1615 3214 se
1633 3170 1754 3214 enim
1775 3168 2167 3214 consideratus‘est

207 3237 358 3282 solum
383 3237 429 3280 in
457 3239 658 3295 potentia
684 3236 740 3281 ad
768 3251 866 3281 esse
898 3235 1195 3293 intelligibile.
1232 3235 1360 3279 Nihil
1396 3246 1548 3284 autem
1576 3236 2165 3295 ‚cognoscitur„secundum

208 3304 329 3363 quod
357 3314 425 3347 est
451 3305 495 3347 in
522 3303 739 3362 potentia,
767 3303 845 3347 sed
873 3304 1122 3346 secundum
1158 3303 1279 3360 quod
1314 3313 1380 3346 est
1412 3302 1457 3345 in
1491 3313 1607 3348 actu.
1635 3303 1769 3347 Unde
1795 3302 2070 3347 substantiae
2101 3315 2169 3347 se·

207 3380 405 3428 paratae,
432 3383 624 3429 quarum
650 3370 926 3416 substantiae
953 3378 1058 3414 sunt
1082 3379 1130 3413 ut
1149 3368 1315 3427 aliquid
1335 3379 1437 3413 actu
1458 3382 1536 3414 ens
1554 3370 1599 3414 in
1618 3383 1783 3428 genere
1797 3367 2165 3428 intelligibilium,

209 3437 263 3481 de
295 3451 343 3480 se
375 3437 633 3495 intelligunt
666 3437 772 3495 quid
806 3446 910 3481 sunt
941 3450 1020 3494 per
1051 3449 1155 3481 suas
1187 3435 1484 3490 substantias3
1516 3436 1770 3482 intellectus
1798 3450 1910 3487 yeno
1933 3434 2166 3496 ‚possibilis

206 3514 362 3548 noster
388 3518 467 3562 per
493 3504 693 3563 speciem
716 3503 1051 3563 intelligibilem
1077 3517 1157 3562 per
1183 3516 1320 3562 quarn
1347 3502 1526 3554 fitactu
1554 3501 1985 3563 intelligens-...Unde
1999 3501 2167 3550 etzAri-

208 3569 394 3615 stoteles
417 3571 461 3614 in
488 3571 622 3616 tertio
647 3571 719 3615 De
748 3571 900 3616 anima
925 3571 976 3629 (t.
1005 3583 1043 3614 c.
1075 3583 1113 3628 3.
1141 3578 1187 3615 et
1210 3567 1348 3627 infra)
1376 3583 1429 3614 ex
1467 3569 1566 3628 ipso
1602 3569 1853 3630 intelligere
1878 3566 2167 3618 'demonstrat

2316 2325 2318 2328 ’
2303 1941 2332 2270 ἳὲῗλῦμξέὺρ,ψε-ηῃτέψμ
2322 1827 2332 1846 a
2319 1808 2325 1811 ¹
2309 1724 2332 1792 [τὶν
2321 1693 2332 1705 ρ
