2332 3854
286 240 389 296 342
961 242 1113 279 LIBER
1153 241 1229 279 111.
1271 239 1391 278 CAP.
1431 239 1560 278 XLII.

285 341 471 385 stantias
497 351 724 400 separatas
753 342 1036 399 contingeret
1066 355 1146 400 per
1177 341 1389 396 scientias
1415 340 1733 401 speculativas,
1760 354 1875 400 quae
1903 341 1983 384 sub
2009 340 2240 387 intellectu
2317 362 2320 365 ·

284 408 331 451 in
357 408 514 452 habitu
543 408 1002 467 comprehenduntur.
1027 406 1202 461 Tertio,
1225 408 1330 466 quia
1347 422 1505 452 eorum
1525 421 1641 467 quae
1658 409 1862 467 generari
1883 407 2105 466 incipiunt
2121 406 2244 453 com·

284 473 433 533 pletur
450 475 683 533 generatio
711 484 759 518 ut
783 474 829 516 in
855 473 1070 532 pluribus,
1087 488 1228 533 quum
1248 488 1408 519 omnes
1437 474 1753 533 generationes
1780 488 1932 518 rerum
1949 475 2038 519 sint
2053 488 2079 518 a
2096 474 2242 519 causis

286 541 610 594 determinatis,
638 554 753 598 quae
778 550 1116 598 consequuntur
1133 539 1319 585 effectus
1341 555 1448 585 suos
1465 540 1539 585 vel
1555 555 1749 600 semper,
1765 539 1840 585 vel
1854 540 1902 584 in
1919 541 2085 600 maiori
2103 550 2243 600 parte.

287 607 337 650 Si
354 607 488 666 igitur
515 607 570 650 ad
598 606 956 664 completionem
981 608 1286 665 generationis
1303 609 1504 666 sequitur
1527 608 1664 651 etiam
1693 606 2084 666 complementum
2109 607 2247 656 actio-

285 674 370 727 nis,
398 682 575 732 oportet
601 675 737 716 etiam
764 673 886 731 quod
919 674 1124 731 operatio
1153 673 1382 732 completa
1418 683 1722 732 consequatur
1754 687 1808 717 ea
1833 687 1949 732 quae
1975 679 2246 733 generantur

286 739 360 783 vel
385 754 563 798 semper
589 739 662 783 vel
687 740 733 782 in
761 740 924 797 majori
950 750 1090 798 parte.
1123 740 1385 799 Intelligere
1417 751 1570 785 autem
1602 741 1874 786 substantias
1898 751 2128 799 separatas
2150 754 2246 786 non

290 816 628 863 consequuntur
660 807 736 864 qui
769 806 825 849 ad
858 807 1202 864 generationem
1234 806 1490 851 intellectus
1522 807 1569 850 in
1606 807 1762 852 habitu
1800 808 1993 862 student,
2027 821 2174 868 neq-ue
2199 807 2246 852 in

287 870 488 930 pluribus
514 885 662 930 neque
689 885 890 929 semper3
917 872 1025 930 quin
1051 872 1197 916 immo
1214 871 1366 916 nullus
1389 872 1616 930 professus
1640 883 1708 917 est
1729 887 1778 918 se
1800 873 1855 917 ad
1881 873 1999 918 hanc
2016 871 2249 949 perfectio-

287 951 395 980 nem
431 938 703 995 pervenisse
739 937 847 981 Non
889 948 955 981 est
996 938 1132 996 igitur
1170 938 1560 998 complementum
1598 940 1874 998 operationis
1909 939 2166 984 intellectus
2200 939 2245 982 in

289 1004 443 1047 habitu
471 1003 722 1061 intelligere
750 1004 1020 1048 substantias
1052 1015 1296 1063 separatas.
1351 1057 1357 1061 ‚

1024 1195 1278 1250 CAPUT
1320 1195 1525 1251 XLIII.

752 1323 911 1369 Quon
945 1324 1061 1362 NON
1101 1324 1385 1362 POSSUMUS
1419 1325 1475 1364 m
1515 1324 1627 1362 nac
1660 1324 1791 1362 VITA

510 1404 1005 1444 INTELLIGERE
1053 1405 1554 1445 sunsTAN‘mAs
1611 1403 2035 1456 sEPARA'rAS,

898 1487 1059 1526 smuT
1100 1487 1301 1526 POSUIT
1342 1478 1669 1528 AVERRoiis..

386 1606 507 1659 Quia
539 1619 648 1650 vero
677 1607 876 1650 maxima
902 1605 1142 1650 difficultas
1171 1616 1238 1651 est
1278 1606 1324 1650 in
1367 1606 1583 1664 opinione
1619 1600 1887 1658 Alexandri,
1919 1617 1975 1649 ex
1999 1604 2090 1649 hoc
2128 1604 2252 1663 quod

297 1674 426 1733 ponit
445 1672 727 1716 intellectum
744 1671 1008 1731 possibilem
1030 1673 1076 1716 in
1093 1673 1249 1716 habitu
1266 1672 1466 1717 totaliter
1483 1671 1838 1730 corruptibilem,
1855 1671 2082 1716 Averroes
2097 1670 2252 1730 (tertio
2325 1678 2332 1726 g

298 1741 370 1784 De
396 1740 563 1792 anima,
589 1748 619 1782 t.
648 1753 684 1782 c.
716 1737 804 1797 36.)
831 1737 1086 1783 faciliorem
1101 1740 1226 1783 viam
1253 1753 1299 1783 se
1327 1739 1598 1783 existimavit
1626 1738 1911 1782 adinvenisse
1938 1737 1994 1781 ad
2012 1737 2251 1782 ostenden·
2316 1770 2332 1808 a

235 1806 237 1809 ’
299 1808 408 1850 dum
435 1806 556 1864 quod
583 1806 856 1864 quandoque
878 1805 1187 1864 intelligamus
1214 1806 1484 1850 substantias
1510 1814 1754 1863 separatas,
1781 1818 1834 1848 ex
1860 1804 1951 1848 hoc
1977 1804 2100 1864 quod
2125 1804 2255 1864 ponit
2327 1813 2332 1847 ἰ

298 1872 583 1917 intellectum
610 1871 873 1931 possibilem
899 1871 1289 1931 incorruptibilem
1316 1882 1360 1916 et
1386 1886 1411 1915 a
1437 1872 1569 1916 nobis
1590 1871 1842 1916 secundum
1868 1883 1966 1916 esse
1982 1881 2254 1930 separatum,

300 1940 415 1984 sicut
442 1948 486 1982 et
517 1938 801 1983 intellectum
828 1949 1053 1997 agentem.
2322 1970 2324 1980 ζ

388 2005 601 2050 Ostendit
623 2005 745 2048 enirn
771 2005 921 2064 primo
955 2006 1076 2064 quod
1102 2019 1290 2049 necesse
1317 2015 1386 2050 est
1410 2018 1581 2064 ponere
1613 2004 1737 2063 quod
1761 2003 2017 2049 intellectus
2045 2017 2185 2064 agens
2206 2017 2255 2049 se

295 2072 462 2117 habeat
489 2071 543 2115 ad
570 2072 790 2131 principia
814 2071 1079 2116 naturaliter
1116 2072 1302 2130 cognita
1336 2086 1360 2115 a
1391 2071 1539 2125 nobis,
1574 2070 1649 2114 vel
1680 2071 1798 2115 sicut
1829 2084 1971 2130 agens
2003 2071 2059 2115 ad
2091 2071 2256 2116 instru-
2319 2114 2324 2118 ,

299 2149 523 2192 mentum,
550 2137 624 2182 vel
650 2138 767 2182 sicut
797 2138 946 2183 forma
973 2139 1027 2182 ad
1046 2139 1300 2182 materiam
1317 2137 1579 2182 Intellectus
1597 2137 1720 2181 enim
1747 2139 1793 2181 in
1817 2136 1990 2191 habitu,
2014 2150 2108 2214 quo
2129 2130 2258 2182 ihtel-

296 2206 496 2265 ligimus,
513 2219 607 2248 non
626 2205 778 2249 solum
804 2205 941 2248 habet
967 2205 1084 2248 hanc
1104 2205 1332 2249 actionem
1351 2218 1466 2263 quae
1494 2213 1560 2248 est
1586 2203 1854 2262 intelligere,
1881 2204 1959 2248 sed
1982 2204 2119 2248 etiam
2135 2203 2256 2248 hanc
2307 2245 2321 2267 ᾖ

299 2287 415 2332 quae
449 2282 516 2317 est
540 2271 690 2316 facere
722 2271 954 2316 intellecta
985 2272 1031 2315 in
1059 2282 1182 2326 actu3
1217 2281 1459 2330 utrumque
1486 2272 1609 2315 enim
1642 2271 1899 2330 experimur
1928 2271 1975 2315 in
1992 2282 2149 2316 nostra
2180 2285 2259 2330 po·
2307 2263 2329 2295 ’ᾖ

297 2349 459 2384 testate
486 2339 711 2383 exsistere.
735 2339 837 2382 Hoc
857 2349 1009 2383 autem
1036 2338 1158 2397 quod
1181 2349 1249 2382 est
1273 2337 1423 2382 facere
1449 2336 1680 2382 intellecta
1696 2339 1743 2381 in
1769 2346 1873 2382 actu
1906 2337 2054 2397 magis
2074 2338 2256 2398 proprie

297 2405 504 2450 notificat
533 2405 816 2449 intellectum
843 2405 888 2448 in
916 2404 1071 2448 habitu
1096 2419 1234 2464 quam
1266 2404 1534 2463 intelligere,
1562 2404 1666 2462 quia
1699 2405 1822 2463 prius
1849 2414 1917 2449 est
1949 2403 2103 2449 facere
2132 2403 2259 2449 intel-

298 2473 417 2517 lecta
442 2473 489 2516 in
522 2482 625 2516 actu
652 2485 790 2530 quam
814 2471 1092 2530 intelligere3
1119 2480 1223 2515 sunt
1250 2471 1372 2515 enim
1401 2471 1624 2529 quaedam
1651 2471 1697 2513 in
1723 2471 1856 2515 nobis
1887 2470 2006 2515 facta
2027 2469 2257 2516 intellecta

297 2540 345 2583 in
373 2549 476 2583 actu
508 2538 785 2592 naturaliter,
813 2553 907 2582 non
934 2552 987 2582 ex
1009 2538 1158 2582 studio
1183 2546 1259 2581 aut
1290 2551 1344 2581 ex
1370 2547 1526 2581 nostra
1545 2537 1796 2592 voluntate,
1821 2537 1937 2581 sicut
1962 2538 2108 2596 prima
2131 2536 2258 2582 intel-

300 2605 504 2665 ligibilia.
531 2605 634 2649 Hoc
662 2606 814 2649 autem
839 2604 989 2649 facere
1016 2603 1246 2648 intellecta
1280 2614 1383 2648 actu
1416 2618 1510 2647 non
1538 2603 1761 2661 contingit
1785 2617 1866 2663 per
1895 2603 2179 2649 intellectum
2209 2604 2256 2647 in

301 2673 471 2725 habitu,
498 2686 577 2730 per
603 2686 740 2731 quem
767 2671 879 2715 fiunt
896 2671 1128 2726 intellecta
1154 2671 1199 2714 in
1217 2681 1321 2714 actu
1340 2684 1392 2714 ea
1418 2684 1534 2729 quae
1562 2672 1730 2714 scimus
1754 2684 1807 2714 ex
1829 2669 1992 2726 studio,
2014 2670 2094 2715 sed
2110 2671 2258 2729 magis

303 2749 408 2783 sunt
425 2738 602 2782 initium
629 2737 885 2782 intellectus
919 2738 965 2780 in
997 2738 1177 2791 habitu3
1205 2738 1325 2781 unde
1348 2747 1392 2780 et
1415 2737 1595 2780 habitus
1628 2736 1796 2780 horum
1820 2735 2175 2795 intelligibilium
2202 2736 2256 2781 ab

301 2804 550 2849 Aristotele
572 2805 618 2848 in
645 2814 773 2848 sexto
794 2804 940 2857 Ethic.
970 2808 1028 2859 (c.
1055 2804 1117 2861 7.)
1144 2803 1400 2847 intellectus
1427 2803 1612 2857 dicitur3
1638 2802 1751 2847 fiunt
1777 2812 1930 2847 autem
1960 2801 2190 2849 intellecta
2210 2803 2257 2847 in
2307 2810 2310 2811 ’

301 2881 403 2915 actu
436 2886 516 2931 per
542 2870 694 2915 solum
727 2870 1009 2915 intellectum
1037 2880 1266 2928 agentem,
1292 2883 1372 2928 per
1396 2870 1486 2913 hoc
1514 2879 1667 2914 autem
1683 2869 1797 2913 fiunt
1825 2868 2055 2914 intellecta
2075 2871 2135 2914 in
2153 2879 2257 2913 actu
2331 2887 2332 2895 ¹

302 2937 390 2982 alia
432 2953 547 2997 quae
581 2952 634 2982 ex
666 2938 815 2982 studio
855 2938 1038 2982 scimus.
1072 2937 1240 2981 Facere
1274 2937 1410 2995 igitur
1441 2937 1556 2980 haec
1591 2937 1917 2996 consequentia
1947 2935 2179 2982 intellecta
2210 2936 2257 2980 in

274 3011 276 3013 ’
304 3015 421 3058 actu,
455 3015 524 3049 est
550 3005 669 3048 actio
698 3014 742 3049 et
766 3004 1023 3048 intellectus
1048 3004 1094 3047 in
1127 3003 1283 3047 habitu
1301 3011 1520 3062 quantum
1554 3004 1609 3047 ad
1626 3003 1773 3062 prima
1797 3002 2019 3062 principia
2042 3012 2090 3048 et
2117 3002 2257 3062 ipsius

306 3071 560 3116 intellectus
602 3071 791 3130 agentis.
827 3071 931 3115 Una
965 3080 1118 3115 autem
1162 3070 1282 3115 actio
1314 3084 1409 3114 non
1447 3079 1516 3114 est
1554 3071 1764 3124 duorum,
1795 3069 1884 3114 nisi
1918 3082 2062 3114 unum
2096 3081 2258 3115 eorum

306 3148 595 3198 comparetur
617 3139 672 3181 ad
701 3137 893 3181 alterum
920 3139 1036 3182 sicut
1062 3151 1201 3195 agens
1229 3137 1284 3180 ad
1310 3136 1678 3191 instrumentum,
1704 3135 1779 3181 vel
1794 3136 1913 3182 sicut
1925 3135 2074 3181 forma
2092 3136 2148 3182 ad
2165 3150 2258 3181 ma-

304 3205 480 3249 teriam.
510 3205 707 3264 Oportet
731 3205 869 3263 igitur
893 3204 1016 3263 quod
1042 3203 1299 3248 intellectus
1317 3218 1456 3262 agens
1484 3213 1776 3262 comparetur
1801 3204 1858 3248 ad
1874 3204 2020 3264 prima
2034 3203 2257 3264 principia

300 3271 558 3316 intellectus
591 3273 636 3315 in
662 3271 833 3325 habitu,
859 3270 933 3314 vel
960 3271 1075 3315 sicut
1111 3285 1252 3329 agens
1285 3271 1339 3315 ad
1372 3271 1739 3326 instrumentum,
1769 3270 1844 3316 vel
1875 3270 1992 3316 sicut
2020 3269 2168 3317 forma
2200 3270 2256 3315 ad

304 3339 557 3382 materiam.
588 3337 729 3390 Quod
755 3338 939 3396 quidem
966 3336 1158 3396 qualiter
1182 3337 1323 3413 possit
1355 3351 1467 3390 esse,
1494 3338 1558 3382 sic
1591 3337 1811 3383 ostendit:

392 3404 651 3448 Intellectus
691 3403 933 3462 possibilis,
975 3417 1116 3463 quum
1158 3403 1229 3458 sit,
1269 3404 1520 3447 secundum
1564 3405 1658 3463 ejus
1699 3403 1992 3464 positionem,
2031 3402 2257 3463 quaedam

303 3471 549 3515 substantia
577 3481 798 3530 separata,
831 3470 1042 3530 intelligit
1067 3469 1349 3514 intellectum
1377 3481 1589 3547 agentem
1616 3479 1661 3514 et
1686 3469 1797 3515 alias
1830 3469 2101 3516 substantias
2131 3482 2257 3530 sepa·
2300 3514 2305 3523 Ἰ.

299 3547 431 3590 ratas,
451 3546 493 3581 et
515 3538 653 3582 etiam
671 3538 818 3596 prima
843 3536 1072 3582 intellecta
1100 3536 1401 3596 speculativa;
1428 3546 1497 3581 est
1517 3537 1653 3596 igitur
1669 3537 1922 3596 subjectum
1941 3543 2254 3615 utrorumque
2296 3526 2308 3581 ’ᾗ

298 3602 630 3662 Quaecumque
675 3613 827 3648 autem
870 3603 1147 3648 conveniunt
1171 3603 1217 3647 in
1244 3615 1337 3648 uno
1364 3603 1582 3661 subjecto,
1624 3602 1816 3648 alterum
1849 3607 2009 3649 eorum
2040 3612 2110 3648 est
2139 3602 2257 3648 sicut
2298 3598 2307 3603 “
