2332 3854
284 206 353 263 90
951 206 1105 245 LIBER
1144 206 1179 244 1.
1222 205 1341 244 CAP.
1383 203 1570 244 Lxxm.

277 318 512 367 pararetur
538 309 593 353 ad
619 309 767 368 ipsam
783 308 913 368 quasi
934 307 1137 368 potentia
1155 307 1211 351 ad
1238 316 1406 362 actum,
1424 316 1469 352 et
1480 307 1606 367 quod
1624 307 2034 367 esset'compositio
2051 308 2099 352 in
2114 308 2241 354 Deo:

282 390 398 434 quae
431 376 589 421 omnia
615 390 749 436 supra
774 376 1030 434 improbata
1055 384 1174 419 sunt.
1200 374 1309 420 Non
1336 383 1404 419 est
1427 374 1566 434 igitur
1595 374 1811 435 possibile
1837 374 1960 435 quod
1986 375 2139 421 divina
2162 384 2239 421 vo·

280 442 429 488 luntas
456 443 513 488 sit
539 442 707 502 aliquid
736 442 939 487 additum
966 441 1147 487 divinae
1174 441 1409 487 essentiae.

980 655 1234 712 CAPUT
1277 656 1531 714 LXXIV.

281 801 464 846 QUOD
505 799 908 839 PRINCIPALE
936 799 1265 838 VOLITUM
1304 801 1424 839 DEI
1462 801 1586 839 EST
1619 799 1858 840 DIVINA
1896 766 2241 858 ESSEN‘fIa.

443 909 500 966 (I.
516 915 632 967 part.
667 923 704 966 q.
739 908 854 952 XIX.
883 914 963 953 art.
990 923 1025 954 ι.
1049 908 1102 952 ad
1122 923 1158 968 3.
1186 914 1223 954 et
1247 909 1315 954 De
1340 915 1494 968 potent.
1521 924 1560 968 q.
1587 910 1669 954 ΙΙΙ.
1697 915 1778 954 art.
1804 920 1867 970 17.
1895 909 1949 955 ad
1979 909 2079 967 14).

369 1035 434 1078 Ex
459 1035 550 1078 hoc
574 1044 727 1078 autem
749 1033 936 1079 ulterius
964 1045 1149 1094 apparet
1171 1035 1293 1094 quod
1315 1034 1564 1095 principale
1582 1035 1760 1080 divinae
1782 1035 2028 1080 voluntatis
2049 1034 2243 1080 volitum

278 1113 346 1148 est
372 1103 466 1161 ejus
494 1101 702 1146 essentia.
730 1101 912 1146 Bonum
935 1103 1058 1146 enim
1078 1101 1362 1146 intellectum
1384 1112 1452 1146 est
1474 1103 1704 1161 objectum
1721 1103 1984 1159 voluntatis,
2001 1113 2051 1147 ut
2072 1102 2245 1147 dictum

280 1180 348 1214 est
379 1170 438 1226 (c.
467 1170 574 1227 72..)
612 1167 729 1212 Illud
756 1178 910 1213 autem
936 1169 1059 1228 quod
1086 1182 1112 1212 a
1136 1169 1239 1213 Deo
1265 1168 1575 1228 principaliter
1598 1169 1880 1247 intelligitur,
1905 1178 1973 1214 est
1997 1169 2151 1214 divina
2183 1182 2246 1213 es-

279 1236 438 1290 sentia,
465 1244 513 1279 ut
539 1249 674 1295 supra
700 1236 943 1294 probatum
971 1245 1039 1280 est
1070 1236 1130 1293 (c.
1163 1235 1234 1290 48.
1238 1236 1281 1293 >3
1317 1235 1469 1279 divina
1495 1236 1632 1295 igitur
1665 1237 1860 1282 essentia
1891 1246 1960 1281 est
1989 1236 2035 1281 id
2067 1235 2143 1280 de
2154 1249 2246 1295 quo

279 1302 588 1362 principaliter
614 1312 681 1348 est
706 1302 859 1347 divina
883 1302 1110 1347 voluntas.

365 1371 506 1415 Item:
536 1369 780 1429 appetibile
807 1379 1099 1429 comparatur
1126 1369 1181 1414 ad
1216 1371 1480 1430 appetitum,
1514 1371 1631 1415 sicut
1662 1384 1856 1416 movens
1884 1369 1944 1414 ad
1969 1379 2165 1425 motum,
2196 1378 2247 1415 ut

279 1452 415 1498 supra
433 1438 606 1482 dictum
625 1447 692 1482 est
718 1438 779 1495 (c.
797 1438 908 1495 44),
935 1447 980 1481 et
1005 1437 1213 1481 similiter
1239 1451 1286 1482 se
1311 1437 1450 1482 habet
1474 1437 1668 1482 volitum
1698 1438 1753 1482 ad
1773 1437 2024 1492 volentem,
2038 1439 2151 1482 cum*
2169 1451 2247 1482 vo-

278 1505 428 1550 luntas
455 1505 512 1550 sit
537 1506 592 1549 de
615 1519 786 1564 >genere
814 1505 1162 1564 appetitivarum
1187 1505 1510 1564 potentiarum.
1546 1505 1595 1549 Si
1625 1505 1763 1565 igitur
1787 1505 2037 1550 voluntatis
2066 1504 2246 1553 divinae

279 1574 337 1618 sit
359 1573 482 1618 aliud
507 1572 757 1632 principale
782 1572 992 1627 volitum,
1019 1587 1158 1632 quam
1189 1572 1286 1631 ipsa
1317 1572 1408 1616 Dei
1440 1572 1649 1627 essentia,
1683 1581 1896 1632 sequetur
1921 1571 2050 1631 quod
2076 1570 2247 1631 aliquid

281 1640 402 1686 aliud
429 1642 486 1684 sit
510 1640 714 1699 superius
741 1639 895 1684 divina
920 1638 1172 1694 voluntate,
1199 1639 1321 1699 quod
1347 1640 1495 1698 ipsam
1527 1649 1698 1695 movet,
1726 1641 1854 1699 cujus
1881 1639 2160 1686 contrarium
2192 1653 2246 1684 ex

278 1707 521 1767 praedictis
548 1708 608 1764 (c.
631 1707 724 1764 44.)
753 1717 889 1766 patet.
2123 1726 2125 1728 *

368 1775 632 1818 Praeterea:
660 1773 907 1833 principale
933 1773 1128 1818 volitum
1156 1778 1224 1818 est
1249 1773 1493 1832 unicuique
1525 1774 1699 1818 volenti
1730 1788 1868 1818 causa
1892 1773 2106 1829 volendi3
2139 1787 2247 1829 cum

281 1842 405 1887 enim
431 1842 649 1885 dicimus:
677 1840 799 1885 Volo
828 1840 1062 1885 ambulare
1090 1851 1138 1885 ut
1164 1854 1310 1894 saner,
1339 1855 1525 1884 causam
1551 1855 1637 1885 nos
1663 1841 1851 1886 reddere
1879 1841 2176 1895 arbitramur3
2203 1849 2248 1885 et

279 1909 318 1953 si
345 1919 599 1968 quaeratur,
626 1922 764 1967 quare
789 1908 858 1952 vis
876 1908 1041 1962 sanari,
1058 1908 1331 1967 procedetur
1356 1908 1403 1951 in
1422 1908 1729 1967 assignatione
1748 1922 1989 1953 causarum
2009 1921 2247 1968 quousque

280 1977 566 2035 perveniatur
585 1975 639 2020 ad
663 1975 802 2019 finem
829 1975 1058 2028 ultimum,
1087 1975 1164 2034 qui
1190 1984 1258 2019 est
1281 1974 1531 2034 principale
1555 1975 1766 2030 volitum,
1792 1975 1915 2035 quod
1934 1986 2004 2020 est
2018 1974 2158 2020 causa
2171 1989 2249 2019 vo-

283 2043 405 2087 lendi
431 2058 511 2102 per
537 2043 751 2102 seipsum
781 2042 830 2086 Si
855 2042 991 2100 igitur
1017 2042 1143 2085 Deus
1171 2041 1340 2100 aliquid
1385 2041 1507 2085 aliud
1527 2042 1836 2102 principaliter
1866 2042 1977 2087 velit
2007 2056 2145 2102 quam
2177 2056 2245 2087 se-

279 2111 444 2170 ipsum,
472 2120 684 2169 sequetur
717 2109 839 2168 quod
867 2109 1036 2167 aliquid
1064 2108 1186 2152 aliud
1212 2109 1268 2152 sit
1295 2108 1337 2152 ei
1369 2123 1506 2153 causa
1531 2108 1729 2153 volendi.
1758 2109 1849 2154 Sed
1871 2123 2005 2154 suum
2036 2108 2156 2154 velle
2182 2117 2248 2154 est

280 2193 411 2223 suum
447 2192 559 2232 esse,
587 2187 636 2222 ut
667 2186 903 2221 ostensum
931 2186 997 2220 est
1023 2176 1083 2234 (e.
1113 2175 1214 2235 73);
1243 2189 1354 2234 ergo
1382 2175 1549 2236 aliquid
1577 2176 1699 2220 aliud
1722 2177 1805 2221 erit
1831 2176 1874 2221 ei
1892 2190 2030 2222 causa
2046 2176 2244 2221 essendi:

282 2246 403 2304 quod
431 2256 497 2289 est
524 2254 683 2289 contra
714 2244 940 2288 rationem
967 2244 1103 2302 primi
1129 2243 1257 2287 entis
2071 2267 2073 2269 -

370 2313 559 2356 Adhuc:
588 2311 832 2369 unicuique
858 2310 1031 2355 volenti
1057 2310 1305 2369 principale
1330 2310 1526 2354 volitum
1553 2320 1619 2355 est
1645 2324 1752 2355 suus
1775 2310 1960 2356 ultimus
1986 2309 2112 2366 finis;
2138 2323 2247 2354 nam

279 2379 381 2423 finis
407 2390 474 2423 est
498 2393 578 2437 per
604 2393 652 2422 se
677 2378 856 2432 volitus,
884 2388 929 2422 et
955 2392 1035 2436 per
1062 2392 1198 2436 quem
1227 2377 1315 2421 alia
1341 2377 1455 2422 fiunt
1475 2377 1630 2422 volita.
1658 2378 1861 2425 Ultimus
1885 2387 2038 2423 autem
2053 2377 2156 2422 finis
2179 2387 2248 2422 est

279 2448 375 2506 ipse
401 2447 542 2500 Deus,
570 2446 674 2506 quia
690 2446 787 2505 ipse
811 2456 877 2490 est
899 2460 1134 2489 summum
1151 2445 1339 2500 bonum,
1357 2455 1406 2490 ut
1427 2455 1660 2490 ostensum
1682 2456 1749 2491 est
1766 2447 1825 2504 (c.
1853 2446 1973 2504 41.);
1995 2446 2092 2505 ipse
2108 2445 2247 2506 igitur

282 2524 348 2559 est
370 2513 617 2574 principale
644 2513 839 2558 volitum
865 2527 975 2557 suae
1001 2512 1263 2557 voluntatis.

369 2582 603 2641 Amplius:
631 2594 931 2640 unaquaeque
957 2581 1098 2624 virtus
1127 2580 1181 2624 ad
1208 2594 1341 2624 suum
1369 2580 1598 2639 obiectum
1625 2579 1875 2639 principale
1897 2579 2151 2624 secundum
2177 2593 2247 2625 ae-

279 2649 546 2709 qualitatem
572 2649 970 2707 proportionatur3
997 2662 1106 2691 nam
1132 2647 1272 2692 virtus
1296 2647 1361 2691 rei
1386 2647 1638 2691 secundum
1666 2647 1843 2704 objecta
1869 2652 2172 2702 mensuratur,
2194 2657 2245 2692 ut

280 2727 402 2775 patet
417 2730 496 2776 per
517 2715 882 2775 Philosophum
872 2729 918 2758 m
936 2715 1085 2774 primo
1103 2715 1175 2758 De
1196 2713 1327 2759 coelo
1340 2724 1384 2758 et
1398 2715 1572 2758 mundo
1591 2715 1642 2772 (t.
1659 2728 1696 2758 c.
1721 2727 1737 2758 1
1750 2727 1815 2772 17.
1819 2713 1853 2771 ).
1867 2712 2121 2758 Voluntas
2109 2714 2247 2773 1gitur

281 2786 503 2829 essentiae
529 2797 580 2827 ex
610 2797 757 2842 aequo
783 2783 1156 2842 proportionatur
1182 2781 1419 2840 principali
1446 2781 1641 2839 objecto,
1669 2790 1713 2825 et
1739 2780 1947 2826 similiter
1965 2774 2244 2835 intellectus,

281 2861 327 2895 et
352 2851 488 2896 etiam
516 2864 688 2895 sensus.
715 2850 909 2894 Divinae
937 2859 1088 2893 autem
1114 2848 1340 2893 voluntati
1365 2848 1479 2892 nihil
1512 2863 1565 2892 ex
1592 2862 1737 2908 aequo
1765 2850 2135 2908 proportionatur
2154 2847 2247 2892 nisi

282 2919 377 2976 ejus
425 2917 644 2972 essentia3
684 2917 822 2975 igitur
860 2916 1109 2975 principale
1158 2916 1391 2976 objectum
1433 2915 1612 2961 divinae
1649 2915 1896 2961 voluntatis
1942 2924 2011 2961 est
2050 2914 2246 2961 essentia
2324 2910 2332 2931 ‘³

281 2985 447 3029 divina.

312 3106 314 3108 η
372 3052 494 3097 Cum
522 3060 675 3096 autem
701 3051 854 3096 divina
880 3051 1075 3095 essentia
1101 3050 1159 3094 sit
1180 3050 1268 3094 Dei
1299 3049 1568 3110 intelligere,
1596 3060 1640 3095 et
1667 3051 1823 3095 omnia
1841 3049 1929 3095 aha
1946 3061 2063 3111 quae
2080 3048 2243 3109 inipso
2326 3083 2332 3101 -,·

282 3134 381 3164 esse
408 3120 631 3174 dicuntur,
659 3117 951 3163 manifestum
978 3128 1046 3162 est
1071 3117 1273 3172 ulterius,
1301 3118 1424 3176 quod
1452 3118 1617 3162 eodem
1643 3118 1787 3162 modo
1818 3117 2127 3178 principaliter
2146 3115 2244 3163 vult
2320 3127 2332 3160 ,ἰ

281 3201 328 3231 se
354 3186 622 3246 intelligere,
649 3199 698 3231 se
729 3185 863 3240 velle,
890 3198 938 3230 se
965 3198 1064 3230 esse
1090 3197 1249 3240 unum,
1277 3194 1321 3228 et
1347 3185 1565 3244 quidquid
1598 3185 1719 3230 aliud
1743 3195 1811 3231 est
1835 3185 2115 3245 hujusmodi.
