2332 3854
796 227 950 269 tumn
989 227 1067 268 111.
1109 228 1227 270 cxv.
1272 230 1437 269 cxxx.
1983 210 2089 285 485

142 332 300 394 possit.
322 331 399 377 Sic
421 340 574 377 autem
595 330 825 376 moderari
845 341 1027 391 oportet
1048 332 1374 392 impedimenta
1390 330 1633 390 praedicta,
1650 340 1699 374 ut
1720 329 1882 375 saltem
1905 331 2097 375 intentio

142 414 259 460 quae
279 409 348 446 est
373 399 429 443 ad
454 398 607 443 Deum
632 408 786 445 mente
811 398 1012 443 hominis
1038 413 1132 443 non
1159 408 1417 458 rumpatur;
1444 408 1489 442 et
1513 407 1683 456 quanto
1707 396 1807 455 plus
1829 397 1926 441 fieri
1947 407 2097 455 potest

143 467 265 526 quod
291 467 430 510 etiam
456 474 559 511 actu
591 478 720 509 mens
751 463 918 509 feratur
944 466 990 509 in
1022 466 1191 519 Deum,
1216 476 1343 510 tanto
1375 465 1467 509 vita
1492 464 1694 508 hominis
1727 462 1969 522 perfectior
2000 466 2097 517 erit,

141 544 297 594 utpote
322 533 400 578 fini
426 532 642 577 intimior.
668 532 725 576 Et
751 547 830 590 per
855 533 945 576 hoc
973 533 1126 586 etiam,
1152 533 1275 592 quod
1303 543 1406 576 actu
1431 531 1571 576 fertur
1598 545 1728 575 mens
1753 531 1801 574 in
1826 531 1994 583 Deum,
2029 545 2097 574 ro-

140 601 326 645 boratur
349 600 543 644 intensio
570 600 666 658 ejus
693 599 747 642 ad
774 599 952 657 ipsum3
980 614 1095 658 qnae
1122 614 1308 643 necesse
1335 609 1452 643 esset
1478 597 1716 652 annullari,
1738 597 1825 642 nisi
1851 597 2096 655 aliquando

142 677 245 712 actu
271 666 460 712 ferretur
485 679 614 710 mens
641 666 686 709 in
713 680 819 709 eum
845 666 1006 724 ipsum.
1036 667 1107 709 Ad
1135 666 1224 710 hoc
1257 667 1395 724 igitur
1428 666 1585 709 omnia
1617 665 1795 708 divinae
1827 662 1940 722 legis
1972 677 2098 722 prae-

143 743 273 792 cepta
298 744 342 778 et
367 732 557 777 consilia
584 733 862 785 ordinantur,
885 743 932 775 ut
954 733 1131 776 homini
1154 734 1450 790 praebeantur
1477 732 1643 776 auxilia
1665 731 1825 790 quibus
1848 744 1978 774 mens
2001 730 2096 788 ejus

141 798 309 854 feratur
332 800 378 843 in
404 800 573 852 Deum,
599 809 644 843 et
670 809 718 843 ut
743 799 1069 857 impedimenta
1095 800 1327 843 tollantur.

233 866 469 918 Quantum
498 876 650 909 autem
683 866 738 909 ad
770 877 1011 925 utrumque
1037 867 1219 920 horum,
1246 868 1416 926 indiget
1448 867 1593 911 homo
1626 880 1739 926 pace
1773 875 1819 910 et
1850 864 2098 910 concordia

142 947 249 979 cum
275 932 374 977 aliis
399 933 675 976 hominibus.
697 933 876 990 Indiget
897 934 1021 976 enirn
1044 948 1157 977 unus
1184 934 1328 977 homo
1356 934 1502 992 juvari
1523 934 1576 977 ab
1601 934 1717 987 alio;
1745 943 1789 977 et
1813 933 1860 977 in
1886 932 1958 976 his
1981 945 2097 991 quae

142 1000 197 1044 ad
222 998 600 1045 sustentationem
631 1000 750 1043 vitae
781 1009 827 1043 et
857 999 1223 1044 incolumitatem
1257 1001 1507 1059 pertinent;
1540 1011 1584 1044 et
1614 1000 1671 1044 ad
1703 1000 1794 1043 hoc
1826 1000 1950 1057 quod
1981 1011 2098 1042 unus

140 1068 280 1112 aliurn
307 1068 539 1120 accendat,
565 1077 610 1111 et
635 1078 870 1126 provocet,
897 1078 942 1111 et
966 1067 1155 1111 instruat
1181 1068 1236 1112 ad
1263 1069 1353 1112 hoc
1381 1067 1502 1126 quod
1527 1066 1697 1112 feratur
1714 1067 1760 1110 in
1778 1067 1945 1111 Deum.
1973 1065 2095 1109 Pace

142 1134 264 1179 enim
282 1144 326 1179 et
342 1134 588 1178 concordia
616 1134 805 1188 sublata,
823 1149 900 1192 per
924 1137 1238 1178 contentiones
1257 1145 1300 1178 et
1318 1149 1492 1193 pugnas
1513 1144 1694 1193 oportet
1709 1133 1948 1192 inquietari
1971 1145 2098 1176 men-

139 1210 234 1245 tem
258 1201 475 1255 hominis,
500 1212 544 1245 et
569 1202 632 1245 sic
661 1202 714 1244 ab
738 1200 816 1244 illo
841 1211 970 1245 motu
1002 1203 1048 1245 in
1080 1202 1233 1245 Deum
1266 1202 1485 1259 impediri.
1525 1201 1582 1244 Et
1616 1201 1721 1244 ideo
1753 1200 1827 1244 lex
1859 1199 2011 1244 divina
2044 1213 2097 1244 ea

140 1268 336 1326 providit
358 1268 478 1312 circa
499 1267 711 1313 homines
733 1283 812 1327 per
835 1282 950 1326 quae
972 1282 1059 1326 pax
1082 1279 1125 1312 et
1149 1268 1396 1312 concordia
1417 1268 1533 1312 inter
1555 1281 1636 1312 eos
1653 1267 1915 1311 conservari
1935 1265 2100 1324 possit:

140 1345 435 1379 conservatur
461 1345 612 1379 autern
634 1349 720 1393 pax
742 1345 786 1379 et
809 1334 1055 1379 concordia
1072 1349 1150 1393 per
1175 1335 1409 1393 justitiam,
1427 1348 1542 1393 quae
1569 1334 1775 1378 consistit
1794 1334 1841 1377 in
1863 1333 1953 1377 hoc
1977 1330 2101 1391 quod

146 1401 391 1460 unicuique
422 1401 666 1445 reddantur
697 1411 742 1445 et
773 1411 1098 1445 conserventur
1130 1415 1245 1460 quae
1278 1402 1359 1445 sibi
1392 1402 1626 1446 debentur.
1662 1401 1784 1445 Cum
1826 1401 1947 1444 enim
1979 1408 2106 1444 natu·

140 1467 294 1513 raliter
318 1481 412 1512 non
444 1467 597 1512 solum
631 1467 951 1527 unaquaelibet
982 1483 1053 1512 res
1081 1468 1252 1511 bonurn
1286 1482 1421 1512 suum
1452 1467 1562 1511 velit
1583 1468 1817 1525 acquirere
1844 1477 1891 1511 et
1922 1480 2106 1510 conser-

141 1549 262 1589 vare,
308 1535 509 1595 sequitur
540 1550 595 1581 ex
627 1536 896 1580 necessitate
929 1535 1156 1579 discordia
1187 1534 1490 1588 voluntatum,
1523 1535 1597 1579 ubi
1628 1549 1744 1579 unus
1784 1534 1875 1579 hoc
1909 1533 2102 1578 alterum

140 1602 313 1662 privet3
340 1615 395 1646 ex
426 1616 517 1661 quo
550 1602 736 1646 ulterius
769 1602 1021 1661 procedunt
1055 1602 1374 1646 contentiones
1408 1611 1452 1645 et
1482 1615 1677 1660 pugnae.
1708 1601 1935 1660 Praecipit
1964 1601 2102 1659 igitur

141 1669 215 1713 lex
247 1668 398 1713 divina
430 1678 478 1712 ut
518 1668 696 1713 homini
738 1669 950 1712 reddatur
982 1668 1104 1727 quod
1130 1668 1216 1712 sibi
1253 1669 1452 1722 debetur,
1481 1669 1602 1712 sicut
1632 1668 1890 1726 parentibus
1921 1667 2103 1721 honor3

141 1746 185 1780 et
214 1736 375 1780 eadem
402 1735 578 1779 ratione
604 1735 849 1794 unicuique
876 1736 998 1794 quod
1031 1735 1115 1779 sibi
1147 1737 1388 1794 competit:
1421 1736 1641 1794 praecipit
1667 1735 1806 1779 etiam
1838 1745 1887 1779 ut
1911 1734 2023 1779 nulli
2055 1736 2102 1778 in

140 1815 227 1846 suo
242 1802 366 1846 bono
382 1812 712 1846 nocumentum
747 1811 823 1846 aut
848 1802 1228 1861 impedimentum
1255 1801 1496 1857 inferatur;
1522 1817 1670 1861 neque
1694 1802 1850 1855 verbo,
1876 1802 1986 1845 dum
2004 1816 2106 1860 pro-

141 1869 288 1913 hibuit
308 1867 474 1916 fabum
499 1868 844 1923 testimonium3
876 1883 1024 1927 neque
1045 1868 1166 1912 facto
1191 1869 1311 1912 circa
1328 1869 1558 1928 propriam
1586 1883 1845 1928 personam,
1863 1869 1974 1912 dum
2000 1882 2105 1927 pro-

143 1935 290 1980 hibuit
319 1935 654 1990 homicidium3
680 1949 828 1994 neque
855 1936 976 1979 circa
993 1950 1236 1994 personam
1260 1938 1569 1994 conjunctam,
1591 1937 1700 1979 dum
1727 1936 1959 1995 prohibuit
1985 1934 2108 1979 adul·

143 2003 332 2056 terium;
362 2015 512 2061 neque
539 2002 660 2046 circa
690 2015 776 2055 res,
810 2003 919 2046 dum
951 2003 1182 2061 prohibuit
1213 2002 1395 2047 furtum.
1428 2002 1483 2046 Et
1515 2003 1620 2062 quia
1652 2003 1780 2047 Deus
1818 2017 1912 2047 non
1948 2001 2103 2046 solum

143 2078 363 2128 quantum
402 2069 460 2112 ad
492 2069 727 2124 exteriora,
769 2069 848 2113 sed
892 2069 1030 2114 etiam
1063 2080 1283 2128 quantum
1317 2070 1372 2113 ad
1403 2070 1620 2114 interiora
1659 2070 1903 2114 hominum
1946 2083 2103 2112 curam

140 2136 291 2188 habet,
321 2135 545 2180 incuriam
586 2136 753 2189 uxoris,
786 2150 1023 2181 servorum
1065 2147 1110 2181 et
1157 2147 1411 2182 ceterarum
1443 2137 1636 2181 aliarum
1668 2151 1822 2181 rerum
1847 2136 1920 2180 lex
1947 2136 2099 2181 divina

142 2202 399 2263 prohibuit:
428 2203 549 2262 quod
582 2204 638 2246 ad
670 2202 822 2261 legem
853 2202 1104 2248 humanam
1131 2217 1225 2247 non
1258 2203 1464 2262 pertinet.

231 2268 339 2314 Non
371 2279 525 2314 autem
566 2268 732 2313 sufficit
777 2283 938 2327 pacem
960 2280 1023 2314 ·et
1061 2271 1356 2314 concordiam
1395 2270 1512 2314 inter
1543 2270 1755 2314 homines
1796 2284 1877 2329 per
1907 2269 2103 2328 justitiae

141 2345 383 2395 praecepta
414 2336 688 2390 conservari,
721 2335 808 2380 nisi
839 2335 1023 2380 ulterius
1049 2337 1166 2381 inter
1193 2351 1271 2381 eos
1303 2336 1515 2381 fundetur
1546 2337 1744 2381 dilectio.
1768 2338 1854 2381 Per
1885 2337 2104 2395 justitiam

142 2401 417 2446 sufficienter
437 2402 700 2447 hominibus
726 2403 1000 2461 providetur,
1026 2413 1076 2447 ut
1097 2418 1212 2448 unus
1239 2403 1368 2448 alteri
1394 2417 1487 2447 non
1513 2403 1675 2447 inferat
1699 2404 2101 2462 impedimentum:

142 2482 237 2514 non
259 2479 411 2514 autern
435 2469 491 2513 ad
516 2470 622 2524 hoc,
640 2470 763 2528 quod
782 2471 859 2514 uni
886 2470 939 2514 ab
969 2469 1066 2514 aliis
1092 2469 1309 2515 inferatur
1331 2470 1549 2514 auxilium
1574 2471 1621 2514 in
1644 2470 1714 2514 his
1737 2471 1898 2529 quibus
1919 2470 2107 2528 indiget.

145 2535 268 2588 Quia
293 2535 410 2580 forte
437 2535 596 2595 aliquis
624 2536 796 2595 indiget
822 2536 988 2581 auxilio
1017 2537 1199 2582 alterius
1226 2538 1272 2581 in
1295 2538 1366 2582 his
1392 2538 1438 2581 in
1471 2538 1632 2596 quibus
1658 2536 1810 2582 nullus
1853 2538 1894 2582 ei
1925 2548 2106 2582 tenetur

142 2615 224 2662 per
245 2603 442 2661 justitiae
474 2602 700 2658 debitum;
734 2612 810 2647 aut
840 2603 878 2647 si
922 2603 1038 2648 forte
1072 2604 1232 2663 aliquis
1266 2605 1308 2648 ei
1346 2614 1538 2658 tenetur,
1570 2619 1665 2648 non
1691 2604 1849 2648 reddit.
1886 2605 2105 2662 Oportuit

142 2669 278 2727 igitur
303 2669 359 2712 ad
391 2669 496 2723 hoc,
514 2669 636 2728 quod
663 2683 712 2714 se
737 2670 933 2714 invicem
961 2671 1174 2715 homines
1202 2672 1480 2729 adjuvarent,
1508 2672 1647 2716 etiam
1679 2682 1972 2730 praeceptum
2007 2686 2102 2715 mu-

143 2745 248 2779 tuae
279 2734 534 2779 dilectionis
558 2736 822 2780 hominibus
854 2737 1157 2795 superinduci,
1184 2751 1264 2796 per
1295 2752 1433 2796 quam
1459 2752 1574 2781 unus
1601 2738 1691 2782 alio
1725 2738 1942 2781 auxilium
1968 2737 2100 2793 ferat,

145 2802 283 2846 etiam
309 2802 355 2845 in
380 2802 452 2845 his
482 2802 529 2846 in
561 2802 723 2861 quibus
755 2803 797 2847 ei
827 2816 922 2846 non
947 2813 1126 2847 tenetur
1158 2805 1409 2849 secundum
1430 2805 1627 2861 justitiae
1654 2805 1868 2849 debitum.

226 2868 495 2915 Praeterea:
531 2870 651 2928 quod
685 2884 739 2913 ex
776 2870 927 2914 debito
959 2871 1154 2927 justitiae
1187 2870 1248 2924 fit,
1290 2871 1536 2929 quamdam
1578 2873 1897 2915 necessitatem
1938 2871 2102 2917 habet:

145 2935 266 2995 quod
315 2946 468 2980 autem
500 2950 554 2980 ex
596 2935 840 2980 dilectione
883 2936 945 2990 fit,
988 2937 1230 2981 liberaliter
1274 2938 1519 2982 exhibetur.
1554 2938 1626 2982 Ad
1659 2938 1748 2982 hoc
1791 2939 1941 2997 igitur,
1978 2938 2102 2997 quod

145 3017 252 3046 cum
284 3002 481 3062 quadam
513 3003 868 3062 promptitudine
902 3004 1038 3048 etiarn
1063 3003 1268 3062 operatio
1290 3005 1487 3062 justitiae
1512 3004 1768 3063 impleatur,
1792 3006 2098 3057 necessarium

144 3068 228 3114 fuit
260 3079 551 3129 praeceptum
585 3080 768 3114 mutuae
802 3069 1071 3115 dilectionis.

234 3136 425 3181 Adhuc:
457 3136 529 3180 lex
562 3136 680 3190 data,
711 3136 807 3180 sive
839 3137 1050 3181 divinitus
1082 3138 1177 3182 sive
1208 3137 1488 3192 humanitus,
1514 3137 1798 3183 inclinationi
1824 3138 2014 3183 naturali
2039 3153 2103 3183 re-

17 3190 26 3231 ἶ
70 3201 72 3203 ’
144 3203 352 3262 spondet,
378 3212 424 3247 et
448 3216 550 3247 eam
577 3202 765 3263 perficit,
797 3204 913 3248 sicut
943 3218 1078 3263 supra
1110 3205 1281 3249 dictum
1317 3215 1396 3249 est.
1429 3205 1554 3249 Inest
1586 3216 1738 3249 autem
1771 3205 1951 3250 homini
1975 3215 2104 3249 natu·

144 3269 251 3314 ralis
283 3267 517 3313 inclinatio
561 3269 615 3313 ad
657 3270 865 3314 omnium
903 3271 1146 3315 hominum
1191 3271 1498 3316 dilectionem.
1533 3272 1634 3316 Hoc
1679 3282 1832 3316 autem
1878 3282 2100 3316 monstrat

145 3336 267 3395 quod
298 3336 443 3380 homo
476 3336 705 3380 exhibebit
733 3337 779 3380 in
812 3337 1037 3396 periculis,
1070 3338 1208 3382 etiam
1240 3339 1423 3396 ignotis,
1456 3338 1688 3394 auxilium,
1719 3350 1764 3383 et
1794 3340 1839 3382 in
1873 3339 2100 3383 erroribus

143 3403 322 3447 viarum
355 3403 677 3457 directionem;
709 3403 1016 3448 necessarium
1049 3405 1183 3463 igitur
1214 3403 1297 3448 fuit
1337 3404 1439 3462 lege
1482 3405 1634 3449 divina
1670 3415 1964 3464 praeceptum
1997 3405 2105 3450 dile·

146 3469 309 3514 ctionis
341 3469 453 3523 dari,
485 3470 606 3529 quod
639 3470 694 3513 ad
728 3483 889 3514 omnes
914 3470 1126 3515 homines
1160 3472 1488 3516 extenderetur.

232 3535 372 3582 Item:
398 3546 601 3581 mentem
632 3536 834 3581 hominis
855 3550 1043 3583 necesse
1076 3548 1145 3582 est
1164 3538 1209 3581 in
1233 3538 1384 3582 divina
1407 3538 1650 3583 dilectione
1681 3537 1873 3594 fundari,
1895 3549 1945 3584 ut
1965 3553 2100 3598 supra

146 3602 317 3665 dictum
349 3613 429 3648 est.
461 3602 528 3647 Ex
563 3602 714 3647 divina
757 3613 907 3648 autem
938 3603 1196 3659 dilectione,
1230 3618 1283 3648 ex
1310 3605 1579 3649 necessitate
1612 3607 1658 3650 in
1684 3605 1873 3650 homine
1901 3606 2102 3665 sequitur
