2332 3854
0 2118 4 2132 r
0 2090 7 2099 =
0 1984 14 2068 *rm-xc·-
0 1934 9 1970 *m
0 1787 18 1919 wrm-:ww
0 1755 7 1768 ,z
0 1668 11 1722 maz-1.

859 183 1017 252 LIBER
1055 213 1090 250 1.
1133 212 1251 251 CAP.
1293 210 1388 248 vn.
2072 212 2102 265 9

147 317 460 376 cognitionem
484 314 738 360 naturalem
766 313 915 374 aliqua
941 314 1097 373 opinio
1122 311 1197 357 vel
1222 312 1334 356 fides
1360 310 1539 356 homini
1567 324 1592 354 a
1617 310 1721 355 Deo
1747 310 2016 356 immittitur.
2050 311 2107 355 Et

145 384 251 429 ideo
278 382 528 443 Apostolus
554 381 664 426 dicit
689 380 846 439 (Rom.
865 381 921 424 X.
949 381 1037 438 8.):
1064 382 1196 439 Prope
1212 385 1270 425 est
1283 380 1458 423 verbum
1476 380 1520 421 in
1540 377 1660 422 corde
1683 374 1770 432 tud,
1795 384 1834 422 et
1854 380 1899 421 in
1917 393 1986 422 ore
2009 383 2076 422 tuo
2090 394 2105 430 ,-

146 451 220 496 hoc
245 457 302 496 est
324 452 498 495 verbum
512 449 630 509 fidei,
656 448 765 508 quod
779 448 1087 508 praedicamus.
1113 446 1204 492 Sed
1226 446 1331 505 quia
1353 455 1536 504 superat
1557 445 1799 498 rationem,
1823 458 1848 487 a
1870 444 2104 490 nonnullis

145 527 376 576 reputatur
401 517 528 576 quasi
555 516 857 570 contrarium3
884 515 1005 574 quod
1029 529 1128 559 esse
1153 526 1248 558 non
1275 522 1437 572 potest.
1459 512 1577 556 Huic
1596 512 1734 556 etiarn
1753 514 2000 556 auctoritas
2018 513 2109 556 Au-

145 584 314 644 gustini
339 582 603 637 concordat,
629 582 720 642 qui,
746 582 791 626 in
815 582 1018 627 secundo
1046 581 1193 639 Super
1221 580 1442 625 Genesim
1466 579 1521 623 ad
1549 579 1746 623 litteram
1775 579 1835 635 (c.
1869 579 1972 636 18.),
1999 579 2108 623 dicit

145 650 235 696 sic:
265 649 421 695 «Illud
448 648 647 709 quidem,
673 648 796 708 quod
823 649 988 692 veritas
1015 647 1241 707 patefacit,
1268 646 1392 691 libris
1418 646 1585 691 sanctis
1611 645 1706 690 sive
1733 644 1912 690 Veteris
1947 644 2108 690 Testa-

145 717 287 762 menti
312 717 407 761 sive
433 716 555 760 Novi
579 714 707 760 nullo
734 715 876 759 modo
903 724 1053 774 potest
1079 728 1177 758 esse
1201 715 1441 758 adversum
1459 729 1499 756 ».

234 784 299 828 Ex
326 797 416 843 quo
444 783 676 828 evidenter
708 781 953 840 colligitur,
987 795 1303 840 quaecumque
1339 790 1607 839 argumenta
1644 789 1803 824 contra
1836 778 1940 823 fidei
1973 779 2109 823 docu-

144 860 300 896 menta
325 859 566 910 ponantur,
593 850 707 893 haec
731 863 784 893 ex
810 849 1042 907 principiis
1068 848 1225 906 primis
1250 858 1439 891 naturae
1466 847 1632 900 inditis,
1665 861 1745 906 per
1771 860 1818 891 se
1845 846 1980 899 notis,
2012 860 2104 890 non

144 927 267 965 recte
292 917 556 977 procedere.
584 916 718 960 Unde
745 929 829 960 nec
856 915 1259 959 demonstrationis
1282 914 1378 958 vim
1400 914 1582 967 habent,
1600 913 1681 958 sed
1698 913 1770 957 vel
1788 922 1892 957 sunt
1907 914 2106 957 rationes

144 983 404 1044 probabiles
427 983 504 1029 vel
528 983 828 1043 sophisticae;
855 993 899 1027 et
924 984 989 1027 sic
1018 982 1073 1026 ad
1100 995 1154 1026 ea
1180 981 1404 1026 solvenda
1430 980 1560 1025 locus
1586 980 1867 1040 relinquitur.

903 1137 1163 1194 CAPUT
1204 1137 1360 1193 VIII.

148 1274 426 1321 QUALITER
459 1274 520 1312 SE
553 1273 769 1312 HABEAT
798 1274 1032 1312 HUMANA
1057 1273 1225 1313 RATIO
1254 1275 1328 1311 AD
1357 1272 1675 1311 VERITATEM
1702 1272 1850 1310 FIDEI
1879 1271 2104 1311 PRIMAM.

237 1384 631 1429 Considerandum
658 1384 796 1428 etiam
823 1384 1014 1437 videtur,
1047 1383 1169 1442 quod
1195 1397 1266 1427 res
1295 1383 1480 1441 quidem
1502 1381 1751 1435 sensibiles,
1771 1396 1824 1426 ex
1846 1381 2007 1440 quibus
2027 1380 2108 1425 hu-

146 1465 283 1496 mana
308 1452 422 1495 ratio
450 1451 723 1509 cognitionis
763 1451 1036 1508 principium
1072 1451 1225 1503 sumit,
1265 1449 1460 1508 aliquale
1493 1449 1736 1507 vestigium
1770 1449 1817 1491 in
1847 1462 1896 1492 se
1927 1448 2106 1492 divinae

145 1518 410 1562 imitationis
435 1519 642 1571 retinent,
659 1516 872 1560 videlicet
889 1517 1010 1574 quod
1029 1526 1146 1569 sunt,
1165 1526 1211 1560 et
1229 1516 1377 1559 bonae
1400 1525 1516 1569 sunt,
1539 1516 1600 1558 ita
1617 1524 1770 1559 tamen
1789 1514 2127 1574 imperfectum'.

145 1585 267 1644 quod
293 1584 349 1629 ad
376 1584 698 1628 declarandam
723 1584 862 1642 ipsius
888 1584 977 1627 Dei
1003 1583 1303 1627 substantiam
1330 1583 1522 1626 omnino
1556 1582 1832 1626 insufficiens
1865 1583 2105 1626 invenitur.
2128 1566 2133 1609 Ι·

144 1651 326 1696 Habent
339 1651 462 1696 enim
480 1649 665 1695 effectus
682 1664 867 1694 suarum
885 1664 1140 1704 causarum,
1159 1664 1243 1694 suo
1261 1650 1417 1704 modo,
1436 1648 1796 1702 similitudinem,
1809 1663 1950 1708 quum
1967 1663 2107 1707 agens

144 1728 250 1777 agat
269 1718 354 1762 sibi
369 1717 540 1772 simile;
558 1732 652 1762 non
668 1728 822 1762 tamen
840 1716 1026 1762 effectus
1045 1718 1100 1762 ad
1117 1717 1365 1776 perfectam
1379 1718 1553 1776 agentis
1570 1716 1914 1761 similitudinem
1927 1730 2108 1776 semper

142 1785 371 1845 pertingit.
521 1779 527 1784 “

233 1852 447 1897 Humana
471 1852 608 1911 igitur
628 1853 758 1906 ratio,
777 1852 831 1897 ad
851 1853 1228 1911 cognoscendum
1243 1851 1348 1896 fidei
1364 1853 1619 1906 veritatem,
1641 1865 1759 1910 quae
1780 1851 1931 1896 solum
1952 1851 2105 1895 viden-

90 1972 97 1977 ·
141 1919 260 1964 tibus
285 1919 489 1964 divinam
515 1919 812 1964 substantiam
838 1929 988 1978 potest
1013 1933 1111 1964 esse
1134 1919 1388 1973 notissima,
1419 1920 1482 1964 ita
1514 1933 1561 1963 se
1587 1919 1726 1963 habet
1757 1919 1880 1978 quod
1914 1919 1968 1963 ad
2002 1933 2105 1963 eam

142 1996 293 2046 potest
318 1986 478 2046 aliquis
503 2001 633 2030 veras
655 1985 973 2031 similitudines
992 1985 1232 2045 colligere3
1260 2001 1375 2045 quae
1393 1996 1547 2030 tamen
1569 2000 1664 2030 non
1682 1985 1910 2030 sufficiunt
1928 1985 1983 2029 ad
1999 1985 2105 2040 hoc,

142 2053 264 2114 quod
296 2054 527 2112 praedicta
551 2055 715 2097 veritas
742 2055 871 2112 quasi
897 2053 1252 2097 demonstrative
1280 2053 1351 2097 vel
1378 2068 1459 2112 per
1481 2068 1528 2098 se
1557 2053 1788 2097 intellecta
1810 2053 2107 2111 comprehen-

141 2119 287 2165 datur.
306 2119 430 2165 Utile
456 2131 610 2165 tamen
634 2129 701 2164 est
717 2130 780 2174 ut,
799 2121 844 2164 in
865 2120 1129 2179 hujusmodi
1147 2120 1413 2173 rationibus,
1432 2130 1853 2179 quantumcumque
1870 2119 2104 2173 debilibus,

142 2201 192 2233 se
217 2202 346 2232 mens
363 2187 566 2231 humana
583 2197 804 2241 exerceat,
823 2188 1078 2231 dummodo
1098 2188 1213 2232 desit
1231 2188 1652 2246 comprehendendi
1672 2186 1746 2231 vel
1763 2187 2105 2231 demonstrandi

141 2256 475 2315 praesumptio;
502 2255 608 2314 quia
630 2255 685 2298 de
709 2254 845 2299 rebus
873 2253 1118 2309 altissimis,
1145 2256 1283 2298 etiam
1310 2269 1449 2314 parva
1482 2265 1527 2298 et
1559 2254 1697 2299 debili
1724 2254 2105 2307 consideratione,

139 2320 311 2381 aliquid
337 2335 472 2381 posse
499 2322 722 2379 inspicere
748 2321 1127 2379 jucundissimum
1150 2331 1230 2375 est,
1248 2331 1298 2365 ut
1324 2336 1377 2365 ex
1404 2322 1533 2366 dictis
1561 2323 1621 2379 (c.
1649 2335 1687 2377 5.
1710 2323 1755 2364 in
1778 2321 1888 2378 fine)
1907 2330 2105 2380 apparet.

230 2387 322 2434 Cui
346 2388 530 2448 quidem
556 2388 806 2433 sententiae
833 2388 1081 2432 auctoritas
1102 2388 1264 2432 Hilarii
1290 2389 1554 2442 concordat,
1581 2389 1658 2447 qui
1683 2388 1748 2432 sic
1776 2388 1898 2443 dicit,
1926 2388 1972 2431 in
1989 2388 2105 2432 libro

140 2455 213 2501 De
247 2454 470 2512 Trinitate
505 2455 555 2513 (l.
582 2455 637 2499 ΙΙ.
677 2455 782 2512 10.),
814 2454 1007 2514 loquens
1040 2455 1095 2499 de
1127 2455 1395 2514 hujusmodi
1425 2457 1635 2500 veritate:
1674 2455 1842 2499 «Haec
1877 2454 2105 2499 credendo

140 2522 306 2583 incipe,
332 2537 558 2582 percurre,
580 2522 792 2581 persiste3
811 2533 856 2566 et
872 2522 910 2566 si
926 2536 1021 2566 non
1038 2532 1362 2581 perventurum
1380 2523 1538 2577 sciam,
1557 2522 1822 2582 gratulabor
1836 2532 1990 2566 tamen
2008 2536 2110 2581 pro-

141 2589 380 2634 fecturum.
410 2589 506 2642 Qui
532 2590 655 2634 enim
689 2589 762 2648 pie
793 2589 968 2634 infinita
1004 2590 1299 2648 persequitur,
1335 2590 1421 2634 etsi
1451 2604 1545 2634 non
1579 2590 1815 2648 contingat
1846 2589 2106 2648 aliquando,

141 2671 323 2716 semper
346 2665 501 2715 tamen
527 2656 735 2715 proficiet
759 2656 1067 2716 procedendo.
1097 2656 1187 2701 Sed
1213 2671 1270 2701 ne
1297 2667 1341 2700 te
1366 2656 1533 2700 inferas
1565 2657 1611 2700 in
1644 2656 1755 2700 illud
1788 2666 2030 2710 secretum,
2062 2666 2106 2700 et

140 2723 189 2768 in
214 2738 433 2769 arcanum
458 2723 804 2768 interminabilis
837 2723 1038 2768 veritatis
1063 2738 1158 2768 non
1183 2734 1227 2768 te
1245 2725 1509 2782 immergas,
1528 2738 1757 2768 summam
1779 2722 2104 2782 intelligentiae

142 2790 534 2851 comprehendere
561 2805 882 2849 praesumens3
908 2791 987 2835 sed
1013 2791 1219 2850 intellige
1246 2790 1729 2850 incomprehensibilia
1758 2805 1856 2836 esse
1884 2808 1925 2834 ».

926 2944 1182 3001 CAPUT
1224 2946 1321 3001 IX.

433 3079 588 3119 ORDO
628 3080 699 3118 ET
741 3080 934 3119 MODUS
974 3081 1332 3120 PROCEDENDI
1374 3082 1429 3121 IN
1471 3081 1589 3120 HOC
1630 3081 1821 3120 OPERE.

230 3188 296 3233 Ex
317 3189 576 3248 praemissis
604 3191 740 3249 igitur
766 3190 998 3236 evidenter
1024 3202 1211 3251 apparet
1237 3192 1453 3250 sapientis
1487 3192 1789 3236 intentionem
1817 3192 1939 3236 circa
1965 3191 2108 3251 dupli-

140 3269 242 3300 cem
267 3256 506 3300 veritatem
528 3257 790 3301 divinorum
816 3258 978 3303 debere
1004 3259 1188 3313 versari,
1207 3269 1251 3303 et
1269 3259 1389 3303 circa
1407 3273 1582 3303 errores
1601 3259 1853 3303 contrarios
1872 3259 2105 3303 destruen-

141 3322 239 3367 dos.
252 3323 325 3367 Ad
339 3337 532 3383 quarum
548 3338 687 3368 unam
700 3325 990 3384 investigatio
1005 3326 1191 3370 rationis
1211 3326 1467 3385 pertingere
1486 3335 1635 3384 potest
1652 3342 1662 3380 ;
1682 3324 1770 3369 alia
1786 3339 1896 3370 vero
1914 3339 2102 3370 omnem

142 3390 329 3435 rationis
356 3390 534 3435 excedit
557 3390 840 3436 industriam.

228 3457 349 3502 Dico
377 3467 530 3502 autem
557 3457 786 3517 duplicem
811 3459 1050 3504 veritatem
1077 3459 1351 3513 divinorum,
1377 3473 1471 3503 non
1497 3474 1552 3504 ex
1578 3470 1703 3518 parte
1728 3460 1869 3520 ipsius
1895 3460 1998 3514 Dei,
2025 3460 2103 3519 qui

141 3532 211 3585 est
233 3537 324 3569 una
350 3534 396 3569 et
421 3523 613 3583 simplex
638 3524 833 3580 Veritas,
859 3526 938 3571 sed
965 3540 1019 3570 ex
1045 3536 1170 3586 parte
1198 3526 1474 3585 cognitionis
1500 3536 1697 3581 nostrae,
1724 3541 1839 3586 quae
1872 3528 1927 3571 ad
1949 3527 2100 3571 divina

143 3590 465 3651 cognoscenda
491 3591 796 3637 diversimode
823 3605 871 3638 se
897 3592 1047 3637 habet.
