2332 3854
772 210 892 248 IBER
932 209 966 247 1.
1008 208 1128 247 CAP.
1170 208 1323 247 xxm.
1944 211 2007 264 31

788 399 1043 456 CAPUT
1083 399 1296 455 XXIII.

538 536 698 583 QUOD
733 537 789 575 IN
821 535 935 573 DEO
968 536 1087 575 NON
1121 535 1206 574 SIT
1238 534 1529 574 ACCIDENS.

144 646 211 692 Ex
237 646 324 692 hac
352 645 489 691 etiam
513 644 702 690 veritate
723 645 780 689 de
801 644 1072 689 necessitate
1088 644 1290 703 sequitur
1305 644 1429 703 quod
1447 644 1564 697 Deo,
1582 657 1718 702 super
1742 644 1838 702 ejus
1866 657 2015 688 essen·

48 714 183 767 vnum,
208 711 323 757 nihil
347 711 636 771 supervenire
662 710 817 770 possit,
843 725 990 769 neque
1018 710 1187 769 aliquid
1214 712 1256 755 ei
1283 710 1622 756 accidentaliter
1646 710 1810 756 inesse.

146 793 184 824 1.
211 779 366 838 Ipsum
393 778 516 822 enim
548 792 646 822 esse
678 791 772 822 non
803 787 956 837 potest
981 778 1250 836 participare
1278 777 1461 837 aliquid,
1495 777 1617 836 quod
1650 790 1746 821 non
1778 777 1836 822 sit
1867 777 1923 822 de
1950 792 2015 822 es-

54 846 199 893 sentia
224 859 327 899 sua;
355 846 562 904 quamvis
589 844 634 888 id
661 845 781 903 quod
810 854 877 889 est
902 845 1043 903 possit
1070 843 1238 903 aliquid
1266 844 1386 888 aliud
1419 845 1712 903 participare3
1745 843 1859 888 nihil
1891 845 2014 888 enim

55 922 124 960 est
146 911 382 958 formalius
409 921 484 956 aut
509 910 760 970 simplicius
786 925 926 970 quam
953 924 1065 955 esse.
1093 910 1262 954 Divina
1298 921 1451 955 autem
1484 911 1732 955 substantia
1764 920 1831 955 est
1865 911 2014 968 ipsum

0 1011 2 1013 »
55 993 178 1034 esse3
204 993 314 1038 ergo
339 978 453 1022 nihil
478 978 615 1022 habet
641 978 763 1037 quod
789 992 882 1022 non
905 978 962 1022 sit
988 978 1042 1022 de
1066 991 1147 1022 sua
1169 977 1442 1031 substantia3
1467 977 1646 1022 nullum
1668 991 1778 1036 ergo
1803 977 2013 1022 accidens
2071 1022 2074 1025 Α

11 1046 100 1093 oei
122 1046 269 1091 inesse
296 1054 454 1105 potest.

144 1126 185 1158 2.
211 1111 446 1171 Amplius:
474 1126 611 1156 omne
644 1111 767 1170 quod
798 1111 916 1157 inest
949 1110 1086 1155 alicui
1118 1111 1472 1166 accidentaliter,
1498 1111 1637 1156 habet
1662 1125 1848 1156 causam
1876 1125 2015 1170 quare

54 1180 175 1236 insit,
189 1193 330 1240 quum
347 1179 405 1224 sit
424 1187 602 1239 praeter
624 1178 871 1223 essentiam
897 1179 993 1237 ejus
1020 1178 1094 1223 cui
1119 1178 1248 1223 inest.
1269 1178 1346 1222 Si
1335 1179 1473 1237 igitur
1490 1178 1659 1238 aliquid
1677 1177 2016 1223 accidentaliter

53 1247 117 1295 sit
133 1247 182 1293 in
206 1247 325 1301 Deo,
352 1256 532 1306 oportet
556 1245 679 1306 quod
704 1246 795 1290 hoc
822 1246 879 1290 sit
904 1260 984 1305 per
1005 1245 1206 1304 aliquam
1234 1259 1435 1290 causam.
1463 1247 1557 1290 Aut
1582 1259 1692 1305 ergo
1720 1258 1858 1290 causa
1893 1246 2011 1290 acci·

53 1314 201 1361 dentis
226 1322 295 1359 est
316 1313 415 1374 ipsa
440 1313 592 1358 divina
616 1313 880 1365 substantia,
908 1321 986 1357 aut
1012 1311 1181 1372 aliquid
1209 1312 1344 1356 aliud.
1380 1312 1431 1356 Si
1468 1311 1637 1371 aliquid
1672 1311 1809 1366 aliud,
1835 1321 2017 1371 oportet

54 1381 178 1443 quod
199 1380 310 1425 illud
337 1390 443 1439 agat
467 1380 512 1424 in
539 1379 740 1424 divinam
766 1379 1078 1424 substantiam.
1102 1378 1230 1423 Nihil
1252 1379 1372 1422 enim
1395 1379 1571 1423 inducit
1596 1378 1796 1437 aliquam
1816 1377 2018 1422 formam

55 1447 132 1494 vel
163 1447 507 1494 substantialem
536 1446 612 1491 vel
647 1446 978 1491 accidentalem
1014 1447 1062 1490 in
1098 1446 1251 1505 aliquo
1287 1447 1549 1505 recipiente,
1575 1447 1662 1491 nisi
1688 1446 1841 1506 aliquo
1873 1447 2016 1491 modo

0 1563 5 1570 Α
58 1514 239 1575 agendo
262 1515 310 1559 in
334 1515 500 1574 ipsum,
531 1527 588 1558 eo
620 1513 742 1572 quod
775 1527 911 1571 agere
941 1512 1057 1557 nihil
1090 1513 1211 1557 aliud
1244 1523 1311 1557 est
1342 1527 1481 1572 quam
1511 1513 1661 1557 facere
1694 1512 1861 1572 aliquid
1890 1524 2017 1568 actu;

56 1581 181 1642 quod
204 1580 389 1641 quidem
416 1590 482 1627 est
507 1594 587 1640 per
619 1579 833 1624 formam.
867 1579 989 1638 Ergo
1025 1579 1151 1623 Deus
1187 1580 1381 1638 patietur
1406 1590 1451 1624 et
1476 1580 1734 1624 movebitur
1770 1580 1824 1623 ab
1863 1579 2016 1640 aliquo

56 1658 243 1708 agente3
268 1647 391 1707 quod
417 1657 487 1692 est
511 1657 670 1691 contra
696 1642 1107 1705 praedeterminata
1132 1647 1194 1704 (c.
1227 1646 1330 1704 13.).
1360 1646 1410 1690 Si
1436 1655 1590 1691 autem
1614 1647 1714 1705 ipsa
1739 1647 1892 1692 divina
1917 1648 2018 1691 sub·

0 1741 11 1747 -
55 1714 220 1761 stantia
242 1723 311 1759 est
335 1727 471 1759 causa
497 1713 760 1766 accidentis,
787 1712 910 1772 quod
935 1713 1020 1757 sibi
1044 1713 1186 1767 inest3
1211 1713 1495 1771 impossibile
1522 1723 1675 1758 autem
1707 1723 1777 1758 est
1808 1714 1931 1773 quod
1955 1717 2016 1759 'sit

55 1795 193 1826 causa
216 1779 352 1835 iilius,
377 1780 629 1825 secundum
656 1779 779 1839 quod
814 1790 884 1824 est
918 1779 1140 1839 recipiens
1177 1781 1343 1840 ipsum,
1370 1781 1476 1839 quia
1506 1781 1571 1825 sic
1607 1781 1730 1825 idem
1763 1781 2017 1826 secundum

0 1842 4 1902 ἶ,
26 1847 28 1849 ’
53 1847 192 1903 idem,
214 1846 385 1893 faceret
407 1847 608 1906 seipsum
634 1846 681 1890 in
708 1856 834 1900 actu;
861 1860 971 1905 ergo
999 1856 1193 1906 oportet,
1219 1848 1257 1892 si
1281 1848 1329 1891 in
1354 1848 1457 1892 Deo
1485 1857 1551 1892 est
1579 1847 1764 1907 aliquod
1788 1848 2016 1903 accidens,

53 1915 176 1976 quod
200 1914 453 1960 secundum
479 1914 600 1958 aliud
627 1924 672 1959 et
697 1913 819 1958 aliud
845 1914 1032 1973 recipiat
1058 1925 1103 1959 et
1129 1924 1286 1960 causet
1310 1915 1520 1960 accidens
1548 1914 1685 1971 illud3
1712 1915 1829 1960 sicut
1854 1930 2018 1975 corpo-

0 2035 6 2041 .
54 1981 164 2028 ralia
190 1982 413 2042 recipiunt
437 1981 620 2041 propria
648 1981 902 2026 accidentia
923 1995 1004 2040 per
1027 1991 1239 2025 naturam
1277 1983 1513 2036 materiae,
1540 1992 1585 2026 et
1610 1992 1799 2026 causant
1824 1997 1903 2041 per
1927 1981 2017 2027 for-

55 2062 196 2104 mam,
220 2049 285 2094 sic
309 2049 448 2108 igitur
471 2049 598 2093 Deus
626 2048 711 2093 erit
736 2050 1043 2107 compositu53
1070 2050 1198 2107 cujus
1225 2049 1504 2093 contrarium
1536 2050 1741 2108 superius
1774 2050 2017 2109 probatum

0 2125 13 2157 t·
55 2124 123 2162 est
147 2117 209 2175 (c.
243 2115 348 2173 18.).

0 2190 10 2248 g
141 2197 179 2243 3.
204 2183 344 2229 Item:
371 2196 510 2227 omne
536 2182 791 2240 subjectum
814 2183 1060 2227 accidentis
1083 2192 1374 2243 comparatur
1395 2184 1484 2228 ad
1473 2197 1638 2242 ipsum,
1660 2193 1710 2228 ut
1734 2185 1937 2244 potentia
1960 2185 2017 2229 ad

0 2256 11 2283 ¹
55 2260 224 2305 actum,
247 2264 303 2294 eo
330 2250 452 2309 quod
478 2250 689 2294 accidens
711 2250 936 2308 quiedam
956 2249 1106 2295 forma
1123 2260 1192 2295 est
1206 2250 1377 2295 faciens
1403 2265 1502 2295 esse
1528 2259 1632 2295 actu
1648 2251 1901 2296 secundum
1919 2265 2018 2296 esse

0 2325 103 2431 {et
55 2316 360 2372 accidentale3
385 2317 465 2361 sed
491 2316 537 2360 in
563 2316 666 2360 Deo
691 2315 819 2360 nulla
844 2327 912 2361 est
937 2317 1257 2376 potentialitas,
1284 2328 1334 2362 ut
1358 2332 1493 2377 supra
1516 2328 1751 2363 ostensum
1773 2328 1841 2363 est
1861 2320 1923 2377 (c.
1951 2318 2016 2363 16.

0 2383 313 2443 ,'et17).1n
337 2398 394 2429 eo
414 2383 553 2444 igitur
573 2384 751 2428 nullum
778 2384 990 2429 accidens
1017 2399 1117 2430 esse
1142 2394 1306 2444 potest

0 2448 15 2535 {⁹}
140 2464 185 2508 4.
210 2451 401 2497 Adhuc.
438 2451 710 2510 cuicumque
744 2451 863 2496 inest
899 2451 1067 2510 aliquid
1103 2452 1456 2507 accidentaliter,
1484 2463 1551 2497 est
1584 2453 1737 2512 aliquo
1772 2453 1928 2530 modo,
1954 2467 2019 2497 se·

0 2535 27 2578 t
55 2519 256 2565 cundum
277 2532 408 2563 suam
433 2530 657 2573 naturam,
683 2518 927 2573 mutabile3
955 2519 1166 2564 accidens
1193 2520 1317 2563 enim
1343 2520 1399 2563 de
1425 2534 1474 2564 se
1500 2530 1660 2564 natum
1694 2530 1762 2565 est
1791 2520 1940 2565 inesse
1973 2530 2019 2564 et

0 2587 16 2687 i
53 2599 150 2631 non
173 2586 336 2630 inesse
364 2585 415 2630 Si
440 2585 574 2644 igitur
604 2586 732 2630 Deus
757 2586 894 2630 habet
921 2585 1092 2644 aliquid
1131 2586 1472 2632 accidentaliter
1508 2587 1593 2631 sibi
1629 2584 1922 2641 conveniens,
1954 2601 2019 2631 se-

0 2662 220 2713 quetur
249 2652 409 2712 quod
397 2666 494 2712 ipse
525 2652 583 2698 sit
614 2651 869 2706 mutabilis;
901 2654 1029 2712 cujus
1065 2654 1344 2698 contrarium
1379 2668 1514 2714 supra
1550 2654 1916 2699 demonstratum
1949 2663 2016 2698 est

56 2719 120 2779 (c.
151 2733 216 2779 13.
244 2729 290 2764 et
319 2719 423 2777 15..)

0 2735 33 2834 ὲ
80 2819 82 2823 >
148 2799 187 2844 5.
212 2786 445 2846 Amplius:
473 2786 745 2846 cuicumque
776 2787 895 2832 inest
926 2786 1111 2846 aliquod
1146 2787 1372 2840 accidens,
1404 2801 1498 2831 non
1531 2797 1599 2832 est
1630 2787 1847 2846 quidquid
1879 2787 2016 2832 habet

54 2853 104 2899 in
127 2863 201 2909 'se3
227 2854 334 2914 quia
358 2853 570 2899 accidens
594 2867 689 2897 non
715 2863 782 2898 est
807 2854 863 2898 de
885 2854 1081 2898 essentia
1106 2854 1312 2912 subjecti.
1339 2853 1430 2898 Sed
1462 2855 1588 2899 Deus
1620 2867 1688 2899 est
1719 2854 1937 2913 quidquid
1967 2854 2014 2898 in

57 2933 108 2966 se
130 2920 293 2975 habet3
320 2921 365 2964 in
390 2920 492 2964 Deo
519 2919 656 2978 igitur
680 2919 858 2964 nullum
885 2930 952 2964 est
978 2920 1203 2965 accidens.

142 2986 296 3032 Media
319 2987 387 3032 sic
413 2987 648 3046 probatur:
677 2987 1050 3046 Unumquodque
1075 2987 1273 3033 nobilius
1298 2988 1526 3032 invenitur
1551 2989 1598 3031 in
1626 3002 1764 3032 causa
1796 3002 1936 3047 quam
1966 2987 2011 3030 in

25 3062 37 3068 ⁴*
59 3051 237 3098 effectu.
261 3053 388 3098 Deus
415 3063 568 3097 autem
590 3063 658 3098 est
684 3054 893 3098 omnium
915 3068 1074 3110 causa3
1110 3068 1219 3112 ergo
1243 3055 1459 3114 quidquid
1482 3065 1549 3099 est
1569 3056 1614 3098 in
1639 3069 1710 3108 eo,
1731 3054 2017 3098 nobilissimo

26 3147 27 3150 =
56 3120 197 3165 modo
222 3119 269 3163 in
296 3134 351 3164 eo
378 3120 616 3164 invenitur.
644 3120 978 3165 Perfectissime
1005 3131 1157 3165 autem
1186 3122 1400 3166 convenit
1426 3121 1595 3180 aliquid
1624 3120 1773 3174 alicui,
1800 3121 1922 3179 quod
1950 3131 2017 3165 est

6 3183 32 3230 ἕ
53 3187 311 3246 ipsummet.
341 3186 442 3230 Hoc
468 3187 592 3239 enim
614 3187 855 3245 perfectius
879 3198 946 3232 est
968 3202 1125 3241 unum,
1148 3202 1288 3247 quam
1311 3203 1452 3247 quum
1477 3188 1644 3246 aliquid
1669 3187 1798 3231 alteri
1815 3188 2019 3232 substan-

53 3252 219 3299 naliter
244 3252 407 3307 unitur,
424 3262 472 3296 ut
487 3251 636 3297 forma
662 3255 878 3298 materiae
896 3270 906 3307 ;
934 3269 1050 3313 quae
1068 3255 1207 3298 etiam
1231 3255 1339 3299 unio
1358 3254 1599 3314 perfectior
1617 3265 1697 3308 est,
1721 3268 1860 3312 quam
1876 3269 2016 3313 quum

7 3319 225 3380 aliquid
259 3319 389 3364 alteri
413 3318 751 3365 accidentaliter
786 3321 916 3365 inest.
959 3320 1245 3380 Relinquitur
1270 3335 1381 3380 ergo
1409 3321 1530 3380 quod
1567 3321 1693 3364 Deus
1718 3321 1776 3365 sit
1801 3321 2018 3380 quidquid

57 3385 207 3432 habet.

144 3452 186 3498 6.
212 3453 348 3498 Item:
377 3453 625 3498 substantia
649 3468 743 3498 non
770 3453 995 3514 dependet
1021 3455 1074 3498 ab
1102 3455 1352 3508 accidente,
1381 3455 1590 3513 quamvis
1617 3453 1829 3498 accidens
1856 3454 2019 3513 depen-

0 3536 21 3590 ξ’·
55 3518 160 3564 deat
185 3534 212 3564 a
235 3520 507 3574 substantia3
534 3520 656 3579 quod
683 3530 837 3566 autem
861 3535 956 3565 non
983 3521 1209 3580 dependet
1235 3522 1289 3564 ab
1319 3520 1472 3579 aliquo
1500 3530 1650 3579 potest
1679 3520 1924 3580 aliquando
1950 3522 2016 3565 in-

58 3586 200 3631 veniri
224 3586 323 3632 sine
354 3586 460 3643 i1103
493 3600 603 3646 ergo
637 3597 787 3647 potest
818 3587 969 3647 aquua
1001 3588 1250 3632 substantia
1283 3587 1474 3632 inveniri
1505 3587 1601 3632 sine
1632 3587 1882 3632 accidente.
1916 3587 2016 3632 Hoc
