2332 3854
249 243 359 298 494
867 244 1020 281 LIBER
1061 243 1136 280 111.
1182 243 1301 282 CAP.
1345 243 1585 284 cxxxl11.:

337 345 598 390 Praeterea:
622 345 881 389 sollicitudo
902 354 1188 389 terrenorum
1213 359 1309 389 non
1335 356 1404 390 est
1422 347 1621 402 vitanda,
1646 348 1734 392 nisi
1755 348 1860 407 quia
1886 348 2078 408 impedit
2097 365 2206 403 con·

245 412 593 472 templationem
621 422 923 456 aeternorum.
951 412 1058 455 Non
1090 421 1240 469 potest
1270 421 1423 457 autem
1458 413 1603 458 homo
1638 415 1884 459 mortalem
1912 430 2096 462 carnem
2119 431 2205 477 ge·

245 493 347 523 rens
372 480 525 522 vivere
552 480 659 536 quin
693 477 836 521 multa
869 487 976 535 agat
1007 479 1168 536 quibus
1202 479 1529 538 contemplatio
1561 481 1927 540 interrumpatur,
1954 485 2071 528 sicut
2102 485 2202 530 dor-

245 547 446 599 miendo,
460 545 761 597 comedendo,
780 554 823 588 et
839 543 927 587 alia
945 545 1210 602 hujusmodi
1231 545 1457 591 faciendo.
1475 548 1635 606 Neque
1650 549 1788 607 igitur
1804 551 2203 607 praetermittenda

244 624 310 657 est
337 612 596 656 sollicitudo
615 625 776 654 eorum
803 625 920 669 quae
946 622 1050 656 sunt
1071 613 1329 656 necessaria
1351 613 1406 657 ad
1429 614 1587 669 vitam,
1613 625 1797 673 propter
1821 615 2204 674 impedimentum

244 678 660 736 contemplationis.

332 746 543 803 Sequitur
577 747 714 788 etiam
746 745 861 789 mira
899 745 1175 790 absurditas?
1198 746 1304 790 Pari
1336 748 1459 791 enim
1490 748 1667 792 ratione
1699 758 1850 806 potest
1881 749 2046 805 dicere,
2072 752 2203 811 *quod

244 826 336 856 non
362 812 471 855 velit
499 811 746 865 ambulare,
775 821 852 855 aut
878 814 1051 869 aperire
1078 827 1130 857 os
1165 813 1221 857 ad
1249 814 1490 868 edendum,
1519 825 1594 859 aut
1625 815 1781 874 fugere
1807 815 2007 876 lapidem
2042 819 2205 864 caden-

243 889 349 931 tem,
378 889 453 921 aut
479 878 715 936 glaudium
741 880 1013 934 irruentem3
1040 880 1119 924 sed
1146 890 1406 939 exspectare
1433 882 1555 940 quod
1581 882 1708 926 Deus
1735 893 1960 941 operetur,
1986 885 2110 944 quod
2134 889 2204 931 est

240 947 392 989 Deum
418 954 606 990 tentare.
632 945 740 990 Non
764 956 831 990 est
856 946 992 1004 igitur
1013 946 1275 992 sollicitudo
1301 949 1448 992 victus
1474 948 1674 993 totaliter
1701 950 1969 1009 abjicienda.

919 1124 1174 1181 CAPUT
1216 1125 1531 1182 CXXXIV.

717 1236 999 1283 QUOMODO
1053 1237 1366 1276 PAUPERTAS
1420 1239 1505 1277 s1T
1562 1239 1726 1278 BONA.

322 1348 387 1392 Ut
413 1356 565 1391 autem
607 1347 966 1406 praemissorum
1007 1348 1173 1392 veritas
1206 1348 1534 1404 manifestetur,
1571 1349 1767 1408 quidde
1801 1359 2070 1409 paupertate
2102 1365 2202 1398 sen·

238 1416 442 1460 tiendum
470 1415 539 1469 sit,
563 1429 618 1459 ex
641 1415 804 1459 divitiis
831 1416 1187 1459 consideremus.
1214 1416 1470 1460 Exteriores
1496 1417 1680 1474 quidem
1706 1416 1888 1461 divitiae
1913 1428 2019 1462 sunt
2040 1433 2201 1465 neces-

238 1483 383 1526 sariae
397 1483 451 1526 ad
469 1483 643 1526 bonum
656 1483 846 1536 virtutis,
863 1497 968 1526 cum
985 1497 1064 1540 per
1078 1496 1154 1527 eas
1172 1492 1477 1527 sustentemus
1494 1497 1673 1541 corpus,
1691 1493 1736 1527 et
1752 1484 1853 1528 aliis
1862 1485 2199 1531 subveniamus.

240 1550 439 1608 Oportet
466 1559 619 1593 autem
651 1551 774 1608 quod
807 1563 861 1593 ea
887 1563 1003 1609 quae
1043 1560 1147 1593 sunt
1184 1550 1240 1593 ad
1272 1549 1428 1604 finem,
1461 1564 1515 1594 ex
1546 1550 1636 1594 fine
1672 1551 1924 1596 bonitatem
1960 1553 2199 1612 accipiant.

236 1617 437 1661 Necesse
464 1630 575 1675 ergo
603 1625 670 1660 est
696 1618 818 1676 quod
845 1617 1091 1661 exteriores
1118 1617 1300 1661 divitiae
1328 1618 1417 1661 sint
1443 1617 1627 1676 aliquod
1660 1619 1838 1662 bonum·
1859 1619 2198 1675 hominis,·non

235 1694 390 1727 tamen
416 1684 679 1742 principale,
706 1684 786 1728 sed
812 1685 941 1742 quasi
967 1685 1310 1729 secundarium:
1343 1698 1452 1728 nam
1474 1684 1576 1728 finis
1594 1685 1901 1744 principaliter
1914 1685 2091 1732 bonum
2113 1697 2219 1741 est„

239 1749 325 1794 alia
340 1764 450 1794 vero
479 1750 733 1794 secundum
760 1750 883 1809 quod
911 1751 1176 1795 ordinantur
1192 1752 1238 1794 in
1259 1751 1414 1795 finem.
1433 1751 1624 1809 Propter
1645 1752 1736 1796 hoc
1754 1752 2027 1810 quibusdam
2046 1754 2198 1804 visum

237 1827 306 1862 est
332 1817 454 1876 quod
478 1820 666 1861 virtutes
693 1819 783 1862 sint
804 1819 1003 1862 maxima
1029 1818 1150 1862 bona
1176 1818 1392 1872 hominis,
1411 1819 1655 1869 exteriores
1680 1828 1832 1863 autem
1852 1818 2039 1868 divitiae
2062 1834 2199 1880 quae·

237 1884 343 1928 dam
369 1884 561 1927 minima
588 1886 723 1928 bona.
2032 1919 2034 1926 ,

331 1951 528 2009 Oportet
546 1961 697 1995 autem
725 1951 846 2010 quod
875 1965 926 1995 ea
955 1965 1070 2010 quae
1097 1962 1201 1996 sunt
1228 1952 1283 1995 ad
1310 1951 1449 1996 finem
1477 1953 1670 1996 modum
1697 1952 2196 2012 accipiantrsecundum

236 2018 512 2077 exigentiam
538 2018 655 2062 finis.
682 2019 737 2062 In
762 2027 939 2062 tantum
966 2019 1102 2076 igitur
1128 2020 1311 2063 divitiae
1338 2019 1460 2063 bona
1486 2029 1604 2072 sunt,
1631 2019 1678 2062 in
1704 2023 1928 2078 quantum
1952 2019 2197 2079 proficiunt

236 2085 291 2128 ad
318 2099 451 2128 usum
477 2085 667 2129 virtutis.
697 2085 747 2129 Si
771 2099 882 2129 vero
909 2086 993 2129 iste
1020 2085 1185 2130 modus
1214 2086 1471 2139 excedatur,
1499 2096 1548 2129 ut
1573 2100 1653 2144 per
1678 2100 1755 2130 eas
1783 2086 2058 2146 impediatur
2084 2101 2196 2133 usus

233 2152 424 2205 virtutis,
449 2165 545 2196 non
570 2154 664 2210 iam
689 2152 807 2196 inter
832 2153 953 2196 bona
976 2162 1081 2197 sunt
1103 2153 1453 2211 computandae,
1480 2152 1560 2196 sed
1582 2153 1699 2197 inter
1721 2152 1857 2198 mala.
1880 2152 2016 2198 Unde
2032 2153 2199 2199 accidit

233 2219 504 2278 quibusdam
516 2219 691 2263 bonum
706 2233 803 2263 esse
820 2219 989 2263 habere
1007 2220 1198 2273 divitias,
1216 2220 1294 2278 qui
1308 2219 1372 2263 eis
1388 2229 1574 2263 utuntur
1591 2220 1646 2263 ad
1663 2219 1903 2274 virtutem3
1925 2220 2198 2279 quibusdam

231 2300 341 2330 vero
369 2285 542 2330 malum
570 2299 670 2330 esse
697 2300 774 2330 eas
796 2286 981 2340 habere,
999 2287 1076 2345 qui
1093 2300 1173 2344 per
1189 2300 1266 2330 eas
1293 2301 1318 2330 a
1339 2287 1503 2330 virtute
1527 2287 1830 2340 retrahuntur,
1851 2286 1924 2331 vel
1945 2286 2087 2332 nimia
2108 2287 2198 2333 sol-¹

231 2355 478 2407 licitudine‚
506 2354 580 2398 vel
609 2354 753 2398 nimia
786 2353 1027 2399 affectione
1064 2355 1119 2398 ad
1155 2357 1287 2412 ipsas,
1324 2354 1400 2398 vel
1435 2356 1572 2398 etiam
1608 2355 1775 2399 mentis
1812 2353 2105 2413 elationeex‘
2130 2355 2195 2401 eis

235 2431 558 2479 consurgente.
2010 2454 2012 2457 v

319 2489 410 2533 Sed
437 2502 542 2532 cum
569 2489 658 2532 sint
681 2488 868 2532 virtutes
895 2488 1069 2533 activae
1094 2489 1214 2532 vitae
1241 2498 1284 2532 et
1309 2487 1707 2546 contemplativae,
1734 2487 1864 2532 aliter
1887 2498 2108 2549 utraeque
2132 2490 2195 2534 di·

228 2555 348 2599 vitiis
375 2555 669 2599 exterioribus
697 2556 911 2615 indigent.
939 2555 1062 2599 Nam
1087 2554 1276 2599 virtutes
1303 2554 1687 2613 contemplativae
1718 2554 1923 2614 indigent
1955 2556 2011 2600 ad
2042 2555 2192 2602 solam

230 2623 608 2667 sustentationem
634 2633 849 2676 naturae3
876 2624 1061 2666 virtutes
1083 2631 1235 2665 autem
1263 2623 1437 2666 activae
1462 2622 1670 2680 indigent
1690 2622 1745 2665 ad
1769 2621 1874 2675 hoc,
1897 2633 1943 2667 et
1962 2623 2021 2666 ad
2034 2623 2196 2668 snbve-

229 2690 447 2734 niendum
467 2688 566 2733 aliis
586 2704 691 2733 cum
709 2690 870 2748 quibus
888 2689 1225 2733 convivendum
1242 2698 1323 2733 est.
1344 2688 1478 2732 Unde
1500 2698 1544 2732 et
1566 2688 1921 2747 contemplativa
1939 2690 2033 2745 vita
2053 2689 2195 2735 etiam

230 2757 276 2800 in
308 2757 399 2801 hoc
426 2755 668 2815 perfectior
694 2766 774 2809 est,
801 2757 924 2815 quod
950 2756 1240 2814 paucioribus
1263 2755 1448 2813 indiget.
1474 2755 1545 2799 Ad
1568 2769 1707 2814 quam
1729 2755 1916 2813 quidem
1936 2756 2079 2801 vitam
2099 2769 2194 2815 per·

228 2825 374 2868 tinere
399 2824 576 2867 videtur
601 2823 723 2882 quod
750 2823 948 2868 totaliter
973 2823 1118 2867 homo
1144 2823 1308 2866 divinis
1335 2823 1468 2866 rebus
1487 2832 1645 2867 vacet:
1673 2836 1812 2881 quam
1837 2822 2023 2881 quidem
2052 2822 2193 2883 perfe-

231 2891 432 2935 ctionem
461 2891 668 2934 doctrina
691 2890 862 2934 Christi
884 2890 1062 2934 homini
1079 2890 1249 2934 suadet.
1269 2889 1404 2934 Unde
1426 2890 1545 2933 hanc
1573 2888 1901 2948 perfectionem
1916 2890 2192 2936 sectantibus

230 2957 473 3008 minimum
501 2956 556 3000 de
583 2957 878 3000 exterioribus
901 2956 1067 3000 divitiis
1094 2955 1271 3010 sufficit,
1298 2966 1519 3015 quantum
1547 2955 1718 3000 scilicet
1742 2969 1931 3001 necesse
1956 2966 2027 3002 est
2044 2956 2102 3002 ad
2123 2971 2194 3002 su·

229 3024 554 3069 stentationem
580 3032 792 3067 naturae:
821 3024 941 3067 unde
968 3033 1012 3067 et
1037 3022 1290 3082 Apostolus
1317 3023 1426 3067 dicit
1450 3023 1508 3081 (Ι.
1531 3022 1655 3067 Tim.
1678 3022 1755 3068 VI.
1779 3022 1866 3080 8..)
1888 3023 2098 3070 Habentes
2109 3024 2192 3069 aii-

227 3098 381 3146 menta,
404 3091 608 3149 atquibus
635 3097 839 3149 tegamur,
868 3091 929 3135 his
955 3092 1135 3135 contenti
1155 3092 1296 3135 simus.

316 3159 564 3218 Paupertas
589 3158 725 3216 igitur
751 3157 989 3202 laudabilis
1016 3168 1096 3212 est,
1122 3158 1168 3202 in
1195 3166 1415 3217 quantum
1442 3157 1682 3202 hominem
1707 3157 1869 3203 liberat
1892 3157 1948 3203 ab
1972 3144 2045 3203 his
2070 3158 2190 3204 vitiis

228 3226 388 3285 quibus
411 3225 547 3284 aliqui
572 3239 651 3284 per
673 3225 850 3269 divitias
872 3225 1187 3284 implicantur·
1211 3226 1257 3269 in
1281 3235 1501 3283 quantum
1525 3234 1677 3269 autem
1698 3223 2191 3271 sollicitudinemssollit

228 3308 342 3352 quae
370 3308 423 3337 ex
449 3293 613 3336 divitiis
642 3293 889 3351 consurgit,
918 3304 985 3337 est
1010 3292 1131 3337 utilis
1159 3292 1444 3351 quibusdam,
1467 3292 1544 3350 qui
1565 3291 1739 3337 scilicet
1759 3291 1947 3339 sumita
1967 3292 2189 3352 dispositi,

226 3370 275 3403 ut
303 3360 422 3404 circa
454 3359 647 3403 meliora
673 3369 979 3418 occupentur3
1007 3358 1276 3418 quibusdam
1303 3372 1412 3403 vero
1439 3359 1620 3413 nociva,
1653 3358 1731 3418 qui
1762 3358 2189 3405 ab1hacsoffleitu·

227 3426 330 3470 dine
356 3426 547 3479 liberati,
573 3426 619 3470 in
646 3427 823 3485 pejores
850 3426 1176 3485 occupationes
1203 3425 1382 3469 cadunt.
1412 3425 1546 3470 Unde
1575 3425 1829 3484 Gregorius
1846 3425 2186 3481 'dicit-insuto

229 3493 413 3537 Moral.:
443 3493 590 3552 Saepe
617 3493 694 3552 qui
721 3494 933 3551 occupati
950 3493 1066 3537 bene
1082 3492 1296 3537 humanis
1317 3492 1470 3537 usibus
1491 3493 1708 3546 viverent,
1727 3491 1882 3551 gladio
1898 3504 2008 3538 suae
2024 3491 2188 3552 quietis

229 3560 437 3604 exstincti
463 3571 590 3614 sunt;
616 3561 663 3604 in
690 3571 910 3619 quantum
928 3574 1039 3606 vero
1058 3570 1297 3620 paupertas
1323 3558 1467 3604 aufert
1482 3559 1656 3604 bonum
1677 3559 1802 3619 quod
1823 3558 2065 3613 exdivitiis
2087 3572 2188 3619 pro·

228 3626 366 3680 venit,
398 3626 571 3672 scilicet
602 3627 951 3673 subventionem
979 3626 1188 3682 aliorum,
1223 3623 1267 3672 et
1300 3626 1677 3672 sustentationem
1714 3625 2185 3686 propriamsssimpedit,
