2332 3854
792 220 947 260 LIBER
986 221 1021 259 1.
1063 219 1184 261 cAP.
1224 219 1337 258 xxi.
1970 223 2038 278 29
2089 265 2122 289 ὁ

87 324 258 384 speciei
282 323 481 369 formam
507 322 710 368 includat
744 332 790 368 et
815 323 1054 386 materiam
1087 325 1133 369 in
1160 322 1421 377 communi;
1454 323 1573 367 unde
1599 337 1693 367 non
1726 323 1890 368 dicitur
1920 324 2042 383 quod

89 392 303 437 Socrates
328 391 403 436 vel
427 391 572 436 homo
594 390 651 435 sit
675 390 949 434 humanitas.
986 390 1076 435 Sed
1102 389 1255 434 divina
1275 389 1472 434 essentia
1498 400 1566 434 est
1590 403 1671 448 per
1691 403 1740 434 se
1758 390 2043 448 singulariter

87 458 306 504 exsistens
334 468 378 502 et
399 457 446 502 in
463 457 612 516 seipsa
636 456 931 511 individuata,
949 466 998 501 ut
1023 455 1286 501 ostendetur
1303 456 1362 513 (c.
1380 456 1490 513 42.).
1508 456 1677 500 Divina
1693 456 1830 515 igitur
1847 458 2042 501 essentia

85 524 372 586 praedicatur
394 524 449 568 de
474 524 593 578 Deo,
618 532 668 568 ut
693 523 891 568 dicatur:
923 537 946 565 «
968 524 1094 568 Deus
1121 532 1189 568 est
1220 536 1302 567 sua
1327 522 1521 567 essentia
1547 539 1588 566 »‚

172 603 215 647 4.
243 591 507 636 Praeterea:
534 590 730 635 essentia
760 590 827 634 rei
848 589 923 634 vel
954 600 1021 635 est
1051 604 1123 634 res
1148 590 1261 649 ipsa,
1292 588 1366 633 vel
1388 603 1437 633 se
1453 589 1590 633 habet
1613 589 1668 632 ad
1693 589 1855 649 ipsam,
1890 589 2043 648 aliquo

84 658 243 713 modo,
269 666 318 702 ut
340 671 502 712 causa;
529 670 668 716 quum
693 670 764 701 res
790 670 870 716 per
895 670 1027 701 suam
1054 656 1300 701 essentiam
1326 655 1526 715 speciem
1549 656 1774 700 sortiatur.
1799 655 1890 699 Sed
1916 655 2044 700 nullo

87 725 229 770 modo
254 734 404 784 potest
429 738 526 769 esse
559 723 727 783 aliquid
754 737 891 768 causa
917 723 1019 777 Dei,
1047 737 1188 782 quum
1211 724 1266 767 sit
1292 724 1490 781 primum
1513 736 1608 777 ens,
1634 732 1684 767 ut
1714 732 1950 767 ostensum
1978 732 2045 767 est

89 793 150 851 (c.
182 792 286 851 13.).
312 791 439 835 Deus
471 790 608 849 igitur
633 800 701 835 est
725 804 806 834 sua
839 790 1047 834 essentia.

183 871 219 916 5.
245 858 385 903 Item:
419 858 541 917 quod
566 871 659 901 non
697 867 766 901 est
790 871 872 901 sua
908 856 1103 901 essentia
1130 870 1178 900 se
1204 856 1356 910 habet,
1394 857 1648 901 secundum
1675 855 1844 916 aliquid
1870 855 1954 910 sui,
1988 855 2044 900 ad

86 925 252 985 ipsam,
277 934 327 969 ut
347 924 547 984 potentia
576 924 827 968 adactum.
856 923 990 968 Unde
1018 932 1062 967 et
1086 937 1166 981 per
1183 922 1376 967 modum
1393 923 1570 968 formae
1595 923 1877 983 significatur
1898 937 2046 967 essen-

6 974 9 1026 ᾗ
82 992 161 1048 tia,
186 1001 236 1036 ut
261 1001 368 1051 puta
394 990 669 1035 humanitas.
698 990 788 1034 Sed
821 992 866 1034 in
895 991 998 1034 Deo
1030 989 1156 1033 nulla
1182 1000 1249 1034 est
1274 990 1596 1049 potentialitas,
1623 1000 1673 1035 ut
1697 1004 1833 1049 supra
1859 990 1921 1048 (c.
1954 988 2042 1047 16.)

84 1068 319 1105 ostensum
344 1067 424 1103 est.
454 1058 649 1117 Oportet
679 1058 816 1116 igitur
840 1057 963 1117 quod
995 1057 1092 1116 ipse
1118 1057 1175 1101 sit
1196 1071 1277 1102 sua
1303 1059 1512 1102 essentia.

821 1212 1075 1269 CAPUT
1116 1213 1300 1269 XXII.

398 1349 556 1395 QUOD
597 1348 654 1388 IN
691 1349 805 1387 DEO
846 1349 985 1387 IDEM
1023 1349 1124 1387 EST
1157 1349 1284 1387 ESSE
1328 1349 1401 1387 ET
1440 1348 1720 1388 ESSENTIA.

176 1457 243 1503 Ex
263 1457 334 1503 his
366 1467 534 1512 autem,
561 1471 676 1517 quae
703 1472 836 1516 supra
863 1468 1045 1503 ostensa
1072 1467 1190 1511 sunt,
1216 1457 1402 1502 ulterius
1429 1458 1612 1517 probari
1646 1466 1810 1516 potest,
1842 1457 1965 1517 quod
1996 1457 2044 1502 in

87 1526 191 1571 Deo
216 1539 312 1570 non
338 1535 407 1570 est
437 1524 557 1569 aliud
584 1525 778 1570 essentia
803 1525 877 1569 vel
903 1525 1141 1584 quidditas,
1168 1540 1307 1584 quam
1334 1539 1466 1569 suum
1500 1539 1612 1569 esse.

181 1605 217 1637 1.
246 1591 497 1637 Ostensum
526 1601 594 1636 est
620 1591 742 1636 enim
773 1605 908 1650 supra
935 1592 996 1648 (c.
1035 1592 1123 1649 15.)
1161 1591 1329 1650 aliquid
1363 1605 1475 1646 esse,
1509 1591 1632 1650 quod
1663 1605 1743 1651 per
1774 1605 1822 1636 se
1852 1605 2042 1636 necesse

86 1668 154 1704 est
170 1672 291 1703 esse:
313 1657 436 1717 quod
451 1658 578 1702 Deus
610 1667 690 1702 est.
723 1657 826 1702 Hoc
852 1658 990 1716 igitur
1016 1671 1128 1712 esse,
1147 1658 1270 1716 quod
1294 1672 1482 1703 necesse
1501 1668 1582 1712 est,
1615 1658 1653 1702 si
1680 1667 1747 1702 est
1764 1657 1900 1702 alicui
1922 1658 2045 1717 quid-

85 1724 215 1770 ditati
240 1726 552 1784 conjunctum,
578 1738 695 1783 quae
716 1739 811 1768 non
843 1734 909 1769 est
936 1725 1058 1784 quod
1089 1725 1238 1784 ipsum
1265 1735 1347 1779 est,
1381 1734 1457 1769 aut
1481 1734 1549 1769 est
1570 1725 1808 1769 dissonum
1833 1724 1899 1769 illi
1921 1725 2044 1784 quid-

87 1791 214 1837 ditati
239 1805 319 1837 seu
350 1805 623 1850 repugnans,
650 1792 767 1835 sicut
791 1806 872 1851 per
902 1806 951 1836 se
983 1793 1197 1836 exsistere
1230 1791 1467 1851 quidditati
1495 1792 1742 1846 albedinis;
1773 1801 1851 1836 aut
1876 1792 1918 1836 ei
1941 1806 2045 1836 con-

87 1872 253 1904 sonum
277 1858 373 1902 sive
400 1857 549 1916 affine,
572 1858 689 1903 sicut
714 1858 913 1902 albedini
940 1873 1037 1903 esse
1062 1859 1109 1902 in
1143 1858 1246 1903 alio.
1283 1859 1333 1902 Si
1357 1859 1507 1918 primo
1534 1859 1691 1914 modo,
1716 1858 1784 1902 illi
1805 1859 2044 1918 quidditati

84 1939 179 1971 non
206 1925 447 1970 conveniet
472 1939 572 1970 esse
605 1925 727 1984 quod
760 1935 828 1969 est
859 1939 939 1984 per
964 1939 1012 1970 se
1037 1939 1224 1969 necesse
1258 1939 1371 1980 esse,
1398 1926 1515 1970 sicut
1539 1939 1624 1969 nec
1653 1925 1851 1969 albedini
1881 1939 1962 1984 per
1992 1940 2042 1970 se

85 1992 310 2038 exsistere.
339 1991 388 2036 Si
415 2002 568 2037 autem
599 1992 800 2036 secundo
833 1992 988 2047 modo,
1016 2001 1197 2052 oportet
1218 1992 1340 2051 quod
1372 1992 1446 2036 vel
1469 2006 1567 2036 esse
1593 1992 1858 2050 hujusmodi
1884 1993 2046 2052 depen-

83 2059 188 2105 deat
213 2059 267 2103 ab
295 2059 504 2113 essentia,
529 2058 604 2103 vel
625 2069 866 2118 utrumque
895 2060 947 2103 ab
972 2059 1060 2103 alia
1087 2074 1238 2113 causa,
1264 2059 1339 2103 vel
1358 2061 1552 2103 essentia
1570 2059 1623 2102 ab
1643 2073 1754 2103 esse.
1778 2059 1934 2103 Prima
1951 2059 2043 2103 duo

84 2136 188 2172 sunt
210 2135 369 2171 contra
394 2126 620 2170 rationem
646 2127 757 2184 ejus,
784 2127 906 2185 quod
934 2137 1001 2171 est
1026 2140 1107 2185 per
1130 2140 1180 2171 se
1205 2140 1393 2170 necesse
1420 2140 1542 2179 esse;
1570 2126 1689 2184 quia,
1716 2126 1755 2170 si
1778 2126 1831 2169 ab
1856 2125 1946 2169 alio
1973 2126 2046 2169 de-

3 2234 7 2235 ⁷
83 2195 265 2255 pendet,
290 2195 383 2252 jam
415 2208 509 2238 non
542 2197 609 2238 es't
630 2207 817 2238 necesse
845 2208 957 2238 esse.
980 2194 1046 2238 Ex
1063 2194 1196 2238 tertio
1214 2207 1322 2238 vero
1342 2194 1556 2252 sequitur,
1574 2192 1697 2252 quod
1714 2192 1793 2236 illa
1820 2192 2043 2251 quidditas

84 2260 423 2306 accidentaliter
449 2261 630 2305 advenit
657 2261 712 2304 ad
739 2275 852 2315 rem,
879 2275 995 2320 quae
1022 2275 1101 2320 per
1127 2275 1175 2305 se
1190 2275 1377 2306 necesse
1395 2271 1462 2306 est
1480 2275 1602 2316 esse;
1630 2261 1735 2320 quia
1762 2274 1899 2304 omne
1922 2260 2043 2319 quod

85 2327 287 2388 sequitur
318 2327 374 2372 ad
407 2341 506 2372 esse
532 2328 612 2381 rei,
639 2338 707 2372 est
732 2328 774 2372 ei
801 2328 1104 2383 accidentale3
1133 2338 1178 2373 et
1198 2329 1262 2373 sic
1288 2343 1384 2373 non
1412 2329 1496 2373 erit
1521 2330 1617 2388 ejus
1643 2328 1883 2387 quidditas.
1917 2328 2043 2373 Deus

80 2392 220 2454 igitur
239 2408 334 2438 non
365 2394 503 2439 habet
528 2395 787 2450 essentiam,
814 2409 930 2454 quae
951 2409 1046 2439 non
1072 2396 1129 2440 sit
1160 2410 1293 2440 suum
1320 2396 1445 2444 esse„

173 2461 264 2506 Sed
291 2469 450 2506 contra
475 2460 567 2506 hoc
602 2470 754 2540 potest
788 2461 891 2516 dici,
919 2462 1041 2520 quod
1076 2461 1189 2506 illud
1227 2476 1324 2507 esse
1358 2476 1454 2506 non
1488 2462 1694 2507 absolute
1731 2461 1956 2520 dependet
1989 2462 2041 2505 ab

83 2527 281 2574 essentia
311 2527 406 2582 illa,
438 2537 488 2572 ut
519 2530 710 2572 omnino
741 2542 835 2572 non
877 2529 947 2583 sit,
979 2529 1067 2572 nisi
1091 2528 1169 2572 illa
1196 2539 1335 2584 esset3
1363 2530 1441 2574 sed
1479 2529 1703 2588 dependet
1734 2540 1954 2588 quantum
1987 2528 2044 2572 ad

82 2594 471 2654 conjunctionem,
498 2609 587 2654 qua
614 2596 656 2639 ei
689 2595 1005 2654 conjungitur3
1039 2605 1084 2640 et
1099 2596 1163 2640 sic
1196 2595 1307 2640 illud
1334 2610 1432 2640 esse
1458 2611 1540 2655 per
1565 2610 1614 2641 se
1645 2610 1834 2641 necesse
1860 2606 1942 2650 est,
1965 2595 2043 2640 sed

82 2661 235 2722 ipsum
267 2661 486 2721 conjungi
509 2675 605 2706 non
637 2676 718 2721 per
744 2676 792 2707 se
817 2676 1004 2707 necesse
1032 2673 1114 2708 est.

172 2728 299 2773 Haec
324 2739 477 2773 autem
504 2729 741 2805 responsio
768 2729 998 2788 praedicta
1023 2730 1392 2774 inconvenientia
1423 2745 1517 2774 non
1544 2731 1709 2784 evadit,
1731 2730 1850 2789 quia,
1874 2731 1910 2774 si
1931 2728 2043 2773 illud

81 2809 180 2841 esse
206 2805 357 2855 potest
376 2795 571 2854 intelligi
603 2796 699 2840 sine
733 2796 811 2840 illa
838 2797 1049 2851 essentia,
1076 2798 1277 2855 sequitur
1303 2798 1426 2856 quod
1452 2797 1530 2841 illa
1563 2798 1760 2842 essentia
1793 2797 2045 2840 accidenta-

77 2861 182 2907 liter
206 2876 255 2907 se
279 2862 417 2906 habet
443 2862 498 2906 ad
524 2861 636 2906 illud
662 2877 785 2916 esse;
813 2863 890 2907 sed
917 2864 961 2906 id
989 2864 1110 2922 quod
1149 2874 1217 2908 est
1252 2878 1331 2923 per
1363 2878 1426 2918 se,
1452 2877 1639 2909 necesse
1677 2874 1745 2908 est
1780 2863 1892 2907 illud
1929 2877 2043 2907 esse.

79 2928 204 2989 Ergo
229 2928 308 2973 illa
329 2930 525 2974 essentia
547 2943 595 2973 se
617 2929 755 2974 habet
778 2930 1117 2975 accidentaliter
1139 2931 1196 2975 ad
1218 2931 1278 2985 id,
1302 2932 1423 2990 quod
1447 2942 1514 2975 est
1539 2946 1619 2990 per
1640 2946 1688 2976 se
1710 2944 1895 2976 necesse
1918 2945 2042 2985 esse;

80 3009 176 3040 non
207 3010 318 3055 ergo
352 3007 420 3040 est
451 2996 675 3055 quidditas
708 2998 818 3055 eJus.
852 2997 953 3041 Hoc
982 3007 1150 3051 autem,
1184 2998 1306 3056 quod
1333 3008 1401 3042 est
1426 3013 1506 3057 per
1536 3012 1584 3042 se
1616 3012 1802 3042 necesse
1831 3011 1943 3051 esse,
1977 3006 2043 3041 est

81 3062 221 3107 DeuS.
247 3063 355 3108 Non
380 3063 518 3122 igitur
537 3062 617 3107 illa
640 3073 708 3108 est
733 3064 928 3108 essentia
954 3064 1056 3117 Dei,
1084 3064 1163 3108 sed
1191 3064 1342 3123 aliqua
1370 3065 1565 3109 essentia
1590 3066 1694 3109 Deo
1721 3065 1958 3123 posterior.
1993 3063 2043 3107 Si

83 3139 235 3174 autem
260 3143 354 3173 non
380 3140 531 3188 potest
554 3129 748 3189 intelligi
773 3130 884 3174 illud
917 3144 1015 3175 esse
1042 3131 1138 3175 sine
1171 3130 1248 3174 illa
1282 3133 1490 3185 essentia,
1515 3142 1623 3176 tunc
1656 3131 1767 3175 illud
1794 3145 1891 3175 esse
1918 3130 2045 3175 abso-

81 3195 175 3241 lute
202 3196 425 3256 dependet
452 3197 506 3240 ab
534 3210 607 3251 eo,
633 3212 659 3241 a
686 3211 776 3256 quo
809 3198 1034 3257 dependet
1059 3199 1324 3257 conjunctio
1351 3213 1432 3243 sua
1465 3199 1520 3242 ad
1554 3200 1796 3242 essentiam
1822 3197 1972 3252 illam3
1999 3207 2044 3242 et
2090 3229 2092 3232 -

82 3263 146 3309 sic
174 3263 290 3308 redit
315 3263 436 3307 idem
465 3264 587 3322 quod
614 3265 750 3322 prius.

155 3340 210 3375 —2.
237 3330 378 3375 Item:
406 3331 765 3390 unumquodque
793 3342 860 3376 est
885 3346 966 3390 per
989 3346 1122 3376 suum
1146 3346 1258 3376 esse.
1285 3331 1425 3384 Quod
1444 3332 1579 3390 igitur
1594 3345 1689 3375 non
1707 3340 1774 3376 est
1790 3345 1924 3376 suum
1943 3345 2041 3376 esse

80 3410 176 3442 non
202 3407 270 3443 est
294 3412 374 3457 per
401 3411 449 3442 se
475 3410 664 3442 necesse
690 3412 803 3443 esse.
830 3399 924 3443 Des
952 3409 1105 3443 autem
1133 3409 1200 3443 est
1224 3413 1304 3458 per
1330 3413 1378 3442 se
1401 3412 1587 3443 necesse
1614 3412 1738 3453 esse;
1772 3413 1881 3458 ergo
1914 3400 2041 3443 Deus

83 3474 150 3511 est
175 3478 309 3509 suum
336 3478 449 3509 esse.

175 3545 212 3589 3.
238 3530 474 3590 Amplius:
500 3530 538 3575 si
564 3545 662 3576 esse
687 3532 778 3577 Dei
808 3546 902 3577 non
929 3543 997 3577 est
1022 3546 1104 3576 sua
1131 3532 1340 3586 essentia,
1366 3546 1460 3576 non
1494 3541 1647 3577 autem
1679 3547 1782 3592 pars
1815 3533 1910 3591 ejus
1943 3546 2041 3576 esse

83 3606 245 3656 potest,
276 3611 418 3656 quum
451 3598 647 3642 essentia
679 3598 830 3643 divina
862 3598 919 3643 sit
950 3598 1158 3657 simplex,
1192 3607 1241 3642 ut
1273 3607 1507 3643 ostensum
1542 3609 1609 3643 est
1635 3600 1695 3656 (c.
1725 3599 1827 3656 18.)‚
1860 3608 2040 3658 oportet
