2332 3854
0 3367 13 3386 ’τ
0 3120 19 3353 *wavwg-rfww‘r
0 2956 18 3110 “f-rwywwrmuw-
0 2779 15 2944 <··⁴·,·.0(*25w‚‘„-=vv2·=·-
0 2750 9 2770 w:
3 2720 5 2722 .
4 2675 5 2679 „

829 257 983 299 LIBER
1019 259 1095 298 tv.
1133 258 1258 297 cap·
1300 258 1393 297 vn.
1981 257 2010 311 5
2020 258 2046 310 5
2057 258 2083 311 3

137 362 286 417 Pater,
311 363 391 407 sed
416 362 538 425 quod
559 362 724 406 eadem
748 371 796 406 et
821 361 1039 406 similiter.
1066 361 1193 405 Idem
1220 370 1372 404 autem
1405 373 1502 404 non
1534 367 1684 418 potest
1720 371 1819 402 esse
1852 369 2088 416 operatum

133 429 462 473 eodemmodo
489 442 514 472 a
536 429 714 472 duobus
736 429 990 485 agentibus,
1010 427 1099 471 nisi
1125 426 1413 481 dissimiliter,
1439 426 1556 471 sicut
1578 424 1702 469 idem
1726 423 1776 468 fit
1802 437 1827 467 a
1853 424 2091 483 principali

82 541 86 547 ,
139 506 301 554 agente
318 506 362 540 et
387 496 700 549 instrumento,
726 494 798 538 vel
820 495 1040 549 similiter,
1067 505 1110 539 et
1134 505 1241 538 tunc
1269 503 1451 553 oportet
1474 492 1595 552 quod
1623 491 1897 535 conveniant
1927 491 1972 534 in
2000 506 2090 534 una

136 562 324 615 virtute3
351 576 467 620 quae
493 562 675 620 quidem
702 561 841 604 virtus
864 561 1135 619 quandoque
1163 570 1465 618 congregatur
1487 573 1539 602 ex
1572 559 1758 601 diversis
1783 557 2018 600 virtutibus
2045 558 2090 600 in

138 628 326 672 diversis
353 629 588 684 agentibus
615 628 823 680 inventis,
862 629 977 672 sicut
1001 637 1124 685 patet
1150 627 1195 672 in
1222 626 1377 670 multis
1403 626 1683 670 trahentibus
1710 638 1900 676 navem3
1928 637 2089 667 omnes

137 695 259 738 enim
286 694 492 739 similiter
514 694 711 747 trahunt,
738 704 782 738 et
807 696 911 751 quia
938 693 1077 736 virtus
1104 692 1341 750 cujuslibet
1367 691 1631 751 imperfecta
1655 699 1722 735 est
1748 699 1792 734 et
1812 688 2089 734 insufficiens

133 762 197 819 ad
221 762 362 809 istum
400 762 626 814 effectum,
660 775 715 807 ex
743 761 933 807 diversis
966 760 1202 806 virtutibus
1232 769 1539 818 congregatur
1571 771 1660 803 una
1691 757 1832 802 virtus
1864 756 2088 809 omnium,

136 842 252 886 quae
279 827 445 873 sufficit
478 828 532 871 ad
558 827 829 872 trahendum
862 840 1042 871 navem.
1072 827 1172 869 Hoc
1209 836 1360 870 autem
1394 839 1486 869 non
1513 835 1662 884 potest
1687 824 1777 867 dici
1807 824 1853 867 in
1879 822 2012 867 Patre
2044 833 2090 867 et

134 893 277 939 Filioe
293 894 433 938 virtus
443 895 566 938 enim
579 894 666 938 Dei
679 894 825 938 Patris
839 903 933 937 non
952 903 1020 937 est
1039 892 1318 951 imperfecta,
1331 893 1408 936 sed
1423 891 1611 945 infinita,
1620 901 1670 935 ut
1684 891 1728 934 in
1748 891 1896 949 primo
1914 891 1975 947 (c.
1992 889 2087 948 43.)

135 967 368 1005 ostensum
394 967 474 1004 est.
492 961 691 1019 Oportet
716 961 854 1020 igitur
872 960 996 1019 quod
1019 961 1181 1003 eadem
1209 973 1401 1003 numero
1428 959 1486 1002 sit
1502 959 1643 1002 virtus
1668 957 1814 1002 Patris
1835 967 1879 1000 et
1895 956 2010 1000 Filii.
2031 956 2088 1000 Et

54 1049 59 1056 ·
129 1034 275 1085 quum
299 1027 442 1071 virtus
468 1038 681 1086 sequatur
704 1034 912 1070 naturam
941 1027 1018 1079 rei,
1044 1036 1227 1084 oportet
1245 1027 1366 1084 quod
1390 1026 1553 1069 eadem
1571 1038 1764 1067 numero
1790 1024 1846 1067 sit
1865 1033 2025 1066 natura
2041 1032 2088 1067 et

133 1093 329 1138 mentia
355 1092 500 1137 Patris
526 1104 571 1137 et
593 1093 706 1137 Filii.
735 1092 875 1144 Quod
901 1094 1039 1136 etiam
1066 1106 1119 1136 ex
1137 1093 1510 1151 praecedentibus
1532 1090 1745 1134 concludi
1765 1098 1938 1148 potest;
1962 1102 2086 1142 nam,

129 1159 172 1204 ¹³³1
193 1160 242 1203 in
267 1156 383 1203 Filio
416 1165 485 1204 eSt
507 1170 669 1203 natura
688 1159 858 1212 divina,
885 1168 932 1202 ut
956 1159 1269 1217 multipliciter
1295 1169 1528 1217 ostensum
1557 1167 1638 1211 est,
1663 1171 1804 1215 quum
1830 1166 1991 1199 natura
2021 1155 2087 1199 di-

129 1225 238 1287 vina
264 1225 554 1285 multiplicari
579 1239 672 1270 non
698 1226 855 1284 possit,
881 1235 931 1269 ut
962 1226 1007 1269 in
1030 1227 1178 1284 primo
1213 1227 1272 1283 (c.
1299 1225 1393 1282 42.)
1424 1235 1659 1269 ostensum
1692 1233 1774 1278 est,
1799 1224 2000 1281 sequitur
2031 1221 2086 1267 de

130 1293 403 1336 necessitate
433 1293 556 1351 quod
582 1292 642 1337 sit
666 1293 826 1339 eadem
857 1305 1048 1336 numero
1075 1303 1235 1335 natura
1262 1302 1307 1335 et
1332 1292 1525 1336 essentia
1550 1291 1596 1334 in
1622 1290 1757 1334 Patre
1783 1300 1828 1334 et
1852 1288 1982 1332 Filio.

213 1359 361 1403 Item:
388 1358 549 1403 ultima
574 1368 730 1403 nostra
761 1359 994 1403 beatitudo
1020 1358 1066 1402 in
1093 1358 1194 1402 solo
1226 1359 1331 1402 Deo
1365 1369 1445 1411 est,
1478 1358 1524 1401 in
1556 1371 1647 1416 quo
1681 1356 1817 1400 etiam
1851 1354 1952 1399 solo
1985 1367 2086 1412 spes

129 1425 332 1469 hominis
362 1425 493 1469 debet
530 1426 653 1484 poni,
690 1438 736 1469 et
775 1427 850 1469 cui
887 1425 972 1470 soli
1006 1435 1074 1469 εει
1104 1425 1256 1469 honor
1292 1424 1450 1468 latriae
1483 1423 1778 1476 exhibendus,
1809 1428 1860 1466 ut
1890 1421 1936 1465 in
1951 1421 2086 1465 tertio

126 1492 192 1550 (c.
229 1491 349 1549 120.)
373 1502 441 1535 est
463 1501 714 1536 ostensum.
739 1492 978 1536 Beatitudo
1006 1501 1158 1535 autem
1184 1502 1340 1538 nostra
1370 1492 1416 1534 in
1442 1491 1531 1534 Dei
1555 1489 1671 1534 Filio
1705 1499 1795 1542 est3
1824 1488 1936 1532 dicit
1962 1490 2085 1533 enim

125 1557 311 1615 (joann.
338 1552 484 1601 XVII.
516 1559 600 1617 3.):
627 1558 745 1602 Haec
776 1562 831 1603 ἵει
860 1561 951 1603 vita
983 1565 1165 1611 aeterna,
1200 1564 1244 1602 ut
1275 1563 1518 1616 cognoscant
1548 1563 1596 1610 te,
1628 1555 1805 1600 scilicet
1833 1555 2017 1599 Patrem
2048 1561 2088 1600 et

127 1637 249 1683 quern
273 1626 420 1669 mIsfsii
434 1625 573 1680 Iesum
601 1624 844 1679 Christum
873 1635 915 1668 et
941 1625 996 1683 (Ι.
1017 1625 1180 1682 Joann.
1198 1624 1321 1668 XXI.
1350 1625 1441 1682 20.)
1467 1623 1631 1667 dicitur
1653 1623 1711 1666 de
1737 1622 1854 1666 Filio
1880 1621 2003 1680 quod
2028 1626 2086 1667 est

126 1698 250 1735 verus
265 1685 381 1735 Deus
394 1697 431 1735 et
445 1693 536 1735 vita
550 1698 733 1736 aeterna.
752 1691 943 1736 Certum
956 1702 1024 1735 est
1041 1702 1192 1735 autern
1210 1691 1398 1734 nomine
1415 1690 1534 1734 vitae
1552 1700 1761 1734 aeternae
1778 1689 1823 1732 in
1842 1687 2085 1746 Scripturis

125 1758 268 1818 sacris
291 1757 501 1802 ultimam
534 1758 860 1802 beatitudinem
886 1758 1156 1816 significari3
1188 1757 1298 1801 dicit
1328 1757 1452 1801 enim
1480 1756 1620 1800 Isaias
1646 1756 1703 1800 de
1733 1755 1866 1808 Filio,
1889 1765 1938 1798 ut
1962 1755 2086 1813 Apo-

125 1824 270 1869 Stolus
296 1824 468 1868 inducit
493 1824 650 1882 (Rom.
678 1824 777 1868 XV.
816 1825 928 1882 12.):
956 1825 1052 1868 Erit
1082 1823 1208 1868 radix
1233 1824 1353 1880 jesse,
1381 1830 1419 1868 et
1443 1825 1516 1882 qui
1540 1828 1725 1880 exsurge-t
1755 1836 1893 1880 regere
1923 1827 2082 1880 gentes;

126 1892 172 1936 in
194 1903 248 1936 w
271 1896 405 1950 gentes
433 1893 658 1952 sperabunt
666 1905 685 1949 ;
715 1891 879 1935 dicitur
912 1891 1047 1935 etiam
1077 1890 1266 1948 (Psalm.
1300 1890 1462 1934 LXXI.
1500 1891 1613 1946 11‚):
1640 1890 1696 1933 Et
1727 1889 1962 1932 adorabunt
1990 1903 2084 1933 eum

128 1964 264 2002 omnes
287 1968 398 2017 reges
418 1964 570 2012 torrae,
597 1971 735 2002 omnes
757 1965 890 2016 gentes
914 1959 1091 2002 servient
1114 1960 1178 2010 ei;
1208 1967 1252 2001 et
1277 1957 1459 2015 (Joann.
1485 1956 1543 2000 V.
1578 1957 1669 2013 23.)
1707 1956 1894 2000 dicitur:
1930 1955 2084 1999 Omnes

125 2024 395 2081 honorificent
438 2025 614 2079 Piliam,
646 2026 750 2069 sicut
780 2025 1059 2083 honorificant
1089 2024 1258 2069 Patrem
1269 2039 1285 2077 ,⁹
1326 2034 1371 2068 et
1395 2026 1559 2068 iterum
1593 2022 1782 2080 (Psalm.
1815 2021 1983 2066 XCVI.
2017 2021 2082 2078 8.)

126 2091 321 2152 dicitur}
341 2090 526 2135 Adorate
557 2104 664 2144 eum,
696 2105 835 2136 omnes
866 2091 1000 2149 angeli
1029 2094 1131 2148 ejus,
1159 2091 1281 2149 quod
1308 2090 1363 2135 de
1401 2090 1516 2133 Filio
1550 2088 1802 2148 Apostolus
1833 2088 2081 2133 introducit

126 2157 286 2214 (Hebr.
302 2157 390 2214 >1.).‡
405 2155 698 2204 Manifestum
723 2168 791 2202 est
815 2158 952 2216 igitur
977 2157 1143 2201 Filium
1169 2157 1259 2201 Dei
1285 2169 1447 2200 verum
1474 2157 1626 2200 Deum
1649 2169 1762 2200 esse.

164 2236 167 2237 ’
213 2224 286 2269 Ad
307 2224 398 2268 hoc
423 2224 563 2269 etiam
590 2225 921 2269 ostendendum
947 2223 1102 2267 valent
1128 2237 1181 2268 ea
1207 2237 1323 2282 quae
1341 2223 1545 2280 superius
1568 2231 1726 2266 contra
1747 2221 1997 2265 Photinum
2019 2221 2082 2265 in-

125 2290 261 2336 ducta
286 2297 391 2335 sunt
416 2291 470 2334 ad
494 2291 830 2337 ostendendum
850 2288 1086 2336 Christum
1112 2291 1263 2334 Deum
1287 2303 1399 2343 esse,
1424 2303 1519 2333 non
1539 2288 1726 2343 factum,
1748 2289 1826 2332 sed
1847 2302 2020 2334 verum.

124 2360 159 2380 '²'
211 2356 278 2401 Ex
307 2357 567 2417 praemissis
601 2358 737 2415 igitur
769 2368 814 2402 et
843 2356 1159 2402 consimilibus
1194 2370 1350 2400 sacrae
1383 2357 1642 2414 Scripturae
1684 2355 1971 2399 documentis
2002 2355 2083 2399 Ec·

119 2423 262 2468 etesia
288 2423 517 2468 catholica
534 2424 711 2478 edocta,
737 2424 971 2469 Christum
993 2437 1153 2468 verum
1179 2433 1224 2468 et
1247 2423 1503 2468 naturalem
1529 2423 1615 2466 Dei
1642 2422 1808 2466 Filium
1842 2421 2082 2466 confitetur

121 2498 420 2535 coaeternum
442 2491 564 2535 Patri
590 2501 636 2535 et
661 2490 914 2553 aequalem,
942 2501 986 2535 et
1010 2502 1170 2534 verum
1196 2491 1349 2534 Deum
1367 2489 1569 2548 ejusdem
1590 2489 1813 2533 essentiae
1829 2498 1873 2533 et
1893 2498 2079 2533 naturae

121 2569 230 2602 enm
253 2558 404 2611 Patre,
431 2558 649 2617 genitum,
675 2571 769 2602 non
796 2568 1000 2603 creatum
1026 2571 1111 2626 nef:
1138 2556 1324 2601 factum.
1352 2557 1486 2602 Unde
1511 2567 1634 2616 patet
1655 2556 1777 2615 quod
1803 2555 1902 2600 sola
1927 2556 2082 2600 Eccle-

120 2624 217 2668 siae
244 2623 498 2668 catholicae
524 2623 635 2669 fides
660 2638 765 2668 vere
792 2625 1034 2669 confitetur
1052 2625 1398 2682 generationem
1424 2624 1470 2667 in
1496 2623 1615 2676 Deo,
1642 2624 1751 2666 dum
1776 2622 1924 2681 ipsam
1947 2636 2079 2680 gene-

122 2690 348 2734 rationem
373 2690 474 2734 Filii
507 2691 562 2734 ad
589 2691 679 2735 hoc
700 2689 847 2735 ‘refert
871 2691 992 2750 quod
1025 2690 1165 2735 Filius
1193 2691 1368 2749 accepit
1401 2691 1601 2734 divinam
1636 2699 1844 2733 naturam
1873 2703 1897 2732 a
1929 2688 2076 2733 Patre.

122 2757 219 2803 Alii
243 2771 369 2811 vero,
393 2757 629 2812 haeretici,
657 2759 712 2802 ad
738 2759 937 2817 aliquam
960 2769 1222 2802 extraneam
1253 2767 1465 2802 naturam
1498 2758 1616 2801 hanc
1644 2757 1986 2816 generationem
2014 2771 2079 2802 re-

122 2821 292 2878 ferunt3
330 2825 553 2869 Photinus
580 2825 763 2884 quidem
792 2836 838 2870 et
870 2825 1095 2870 Sabellius
1128 2826 1183 2869 ad
1219 2825 1487 2877 humanam,
1518 2824 1654 2868 Arius
1690 2833 1857 2877 autem,
1890 2837 1984 2867 non
2021 2824 2076 2867 ad

121 2891 388 2944 humanam,
410 2891 489 2935 sed
517 2891 571 2935 ad
595 2892 840 2950 quamdam
867 2900 1076 2935 naturam
1104 2901 1320 2944 creatam,
1347 2891 1603 2949 digniorem
1633 2890 1823 2934 caeteris
1846 2890 2076 2934 creaturis.

121 2957 286 3002 Differt
327 2958 464 3002 etiam
497 2959 634 3002 Arius
673 2974 696 3002 a
725 2958 925 3002 Sabellio
958 2968 1003 3002 et
1035 2958 1251 3012 Photino,
1283 2959 1406 3016 quod
1437 2956 1701 3015 hujusmodi
1733 2955 2076 3014 generationem

120 3025 400 3086 praedictam
428 3025 585 3068 asserit
611 3036 714 3069 ante
732 3025 955 3069 mundum
981 3023 1134 3077 fuisse,
1160 3024 1227 3067 illi
1251 3037 1360 3067 vero
1388 3037 1490 3067 eam
1517 3022 1654 3067 fuisse
1681 3033 1850 3082 negant
1876 3032 2077 3066 antena-

118 3090 342 3136 tivitatem
369 3105 423 3135 ex
448 3090 650 3150 Virgine.
675 3091 898 3135 Sabellius
919 3101 1074 3135 tamen
1102 3105 1126 3134 a
1149 3090 1348 3134 Photino
1372 3089 1518 3134 differt
1534 3089 1579 3133 in
1597 3090 1686 3133 hoc
1705 3089 1826 3148 quod
1851 3088 2075 3134 Sabellius

122 3156 359 3202 Christum
395 3173 554 3202 verum
596 3159 748 3202 Deum
782 3157 1022 3202 confitetur
1053 3167 1096 3201 et
1127 3156 1396 3210 naturalem,
1428 3170 1520 3199 non
1555 3166 1705 3200 autem
1738 3155 1976 3209 Photinus,
1996 3156 2073 3200 sed

118 3233 267 3282 neque
290 3224 450 3279 Arius3
476 3225 554 3268 sed
580 3225 801 3268 Photinus
827 3238 989 3282 purum
1010 3223 1264 3276 hominem,
1291 3223 1426 3266 Arius
1449 3232 1599 3266 autem
1629 3222 1757 3281 quasi
1775 3223 2072 3266 commixtum

121 3303 175 3334 ex
199 3291 397 3349 quadam
423 3289 803 3335 excellentissima
831 3302 1049 3344 creatura,
1075 3291 1226 3334 divina
1253 3299 1297 3333 et
1318 3289 1534 3333 humana.
1558 3289 1617 3332 Hi
1638 3288 1775 3332 aliam
1803 3302 1900 3332 esse
1926 3301 2075 3346 perso-

118 3368 227 3400 nam
254 3356 399 3401 Patris
421 3367 465 3401 et
490 3356 592 3400 Filii
619 3354 914 3411 confitentur3
938 3358 1062 3416 quod
1090 3355 1314 3400 Sabellius
1340 3366 1490 3413 negat.
1524 3355 1655 3400 Fides
1688 3369 1797 3413 ergo
1831 3354 2072 3409 catholica,

46 3425 51 3429 ’
118 3423 270 3467 media
281 3423 355 3466 via
381 3423 610 3477 incedens,
628 3421 881 3477 confitetur,
906 3437 1013 3468 cum
1041 3423 1153 3467 Ario
1181 3434 1225 3466 et
1246 3422 1447 3466 Photino
1470 3432 1628 3466 contra
1647 3420 1912 3475 Sabellium,
1935 3420 2071 3466 aliam

118 3499 363 3548 personam
388 3489 534 3534 Patris
553 3501 596 3534 et
618 3489 732 3544 Filii,
749 3501 795 3534 et
809 3489 974 3543 Filium
998 3489 1218 3547 genitum,
1237 3488 1418 3533 Patrem
1436 3502 1547 3532 vero
1573 3488 1764 3532 omnino
1790 3487 2070 3546 ingenitum;

119 3558 225 3600 eum
243 3555 454 3601 'Sabellio
480 3570 589 3600 vero
607 3566 765 3600 contra
790 3556 1041 3601 Photinum
1057 3566 1103 3600 et
1128 3556 1304 3609 Arium,
1322 3554 1560 3599 Christum
1580 3567 1739 3598 verum
1757 3564 1802 3599 et
1816 3552 2069 3600 naturalem

93 3621 285 3686 ⁴Deum,
310 3632 356 3667 et
381 3622 585 3682 ejusdem
614 3632 800 3668 naturae
827 3636 933 3667 curn
959 3621 1107 3676 Patre,
1129 3622 1235 3667 licet
1260 3634 1354 3666 non
1386 3622 1589 3681 ejusdem
1617 3634 1853 3680 personae.
1878 3620 1945 3665 Ex
1978 3634 2068 3679 quo
