2332 3854
276 147 380 215 528
950 158 1105 195 LIBER
1144 156 1220 194 111.
1264 158 1383 195 CAP.
1426 157 1548 195 ειν.

273 261 450 307 simode
477 262 711 321 recipiunt.
738 259 999 304 Secundum
1021 258 1112 301 hoc
1137 271 1247 316 ergo
1276 258 1433 302 dicunt
1454 258 1576 317 quod
1598 244 1858 307 immutatio
1881 260 2069 320 quaeiit
2090 275 2121 305 a·
2136 267 2233 306 'eor-

271 344 381 388 pore
409 328 596 372 coelesti
620 329 665 371 in
694 327 844 385 aliqua
871 340 917 369 re
944 334 1093 383 potest
1119 324 1266 383 accipi
1291 334 1340 368 ut
1365 325 1548 383 signum
1574 326 1906 379 immutationis
1934 326 2123 372 alterius
2142 327 2231 382 rei;

272 406 317 441 et
345 396 448 439 ideo
476 395 631 438 dicunt
656 394 777 452 quod
806 403 958 435 motus
985 391 1061 449 qui
1087 400 1190 434 sunt
1214 401 1393 450 praeter
1420 391 1797 445 deliberationem
1831 393 2035 448 rationis,
2062 394 2242 439 utsv‘isa‘

272 463 597 508 somniantium
625 470 668 503 et
694 473 854 503 eorum
877 458 953 516 qui
980 467 1084 501 sunt
1109 467 1262 501 mente
1290 458 1424 516 capti,
1451 468 1495 502 et
1519 469 1672 503 motus
1700 468 1744 503 et
1771 460 1963 518 garritus
1998 458 2234 516 avium,⁷et

272 529 594 587 descriptiones
621 535 911 583 punctorum,
939 538 1079 582 quum
1107 524 1205 582 quis
1232 538 1326 567 non
1354 523 1572 569 deliberat
1599 535 1711 584 quot
1737 536 1904 584 puncta
1931 524 2230 581 debeat'scriss

271 597 392 648 bere,
418 603 664 652 sequuntur
690 591 1040 650 impressionem
1067 590 1270 650 corporis
1299 590 1536 646 coelestis;
1562 602 1607 636 et
1631 592 1735 636 ideo
1763 592 1921 638 dicunt
1940 593 2062 657 quod
2081 588 2235 652 liiii-us-

274 661 401 705 modi
427 668 617 719 possunt
639 672 737 701 esse
760 658 889 715 signa
911 655 1156 700 effectuum
1182 655 1438 701 futurorum
1459 658 1533 716 qui
1553 672 1607 701 ex
1624 667 1754 702 motu
1774 658 1962 703 coelesti
1978 660 2232 712 causantur.

275 728 379 780 Sed,
407 727 510 785 quia
536 726 627 768 hoc
656 723 888 767 modicam
915 723 1141 766 rationem
1167 722 1318 777 habet,
1346 724 1493 783 magis
1522 724 1856 769 aestimandum
1878 724 1949 770 est*
1967 724 2091 786 quotis
2112 740 2236 786 prae·

274 793 579 838 nuntiationes
608 805 722 850 quae
751 804 802 834 ex
830 790 1095 848 hujusmodi
1117 790 1257 848 signis
1278 789 1391 834 fiunt
1413 791 1466 834 ab
1492 790 1643 849 aliqua
1663 790 1962 836 intellectuali
1985 791 2235 837 substantia

275 861 499 918 originem
526 859 736 910 habeant,
764 858 891 914 cujus
918 857 1081 900 virtute
1109 857 1407 916 disponuntur
1433 858 1651 915 praedicti
1677 867 1829 902 motus
1862 858 2045 917 praeter
2069 858 2259 912 delibe··
2324 848 2326 850 ¹

275 927 499 971 rationem
533 925 811 977 exsistentes,
839 923 1090 967 secundum
1123 923 1244 982 quod
1279 924 1489 982 congruit
1521 921 1830 969 observationi
1858 920 2131 970 futurorum.
2164 926 2234 980 Et,

274 993 381 1037 licet
408 992 680 1051 quandoque
706 991 820 1033 haec
849 989 1144 1049 disponantur
1169 989 1403 1035 voluntate
1431 990 1584 1034 divina
1602 988 1864 1036 ‘ministerio
1897 990 2125 1036 bonorum
2151 993 2235 1052 spi-

273 1061 456 1112 rituum,
483 1060 585 1117 quia
614 1066 657 1101 et
683 1071 708 1100 a
734 1057 836 1100 Deo
864 1056 1007 1100 multa
1039 1060 1118 1115 per
1143 1057 1322 1100 somnia
1348 1056 1619 1111 revelantur,
1653 1058 1769 1102 sicut
1801 1055 2032 1103 Pharaoni
2067 1057 2236 1114 (Gene-

274 1128 333 1171 sis
359 1125 500 1184 XLI.)
542 1134 586 1168 et
624 1123 1060 1167 Nabuchodonosor
1093 1123 1293 1181 (Daniel.
1326 1124 1381 1166 H.
1411 1133 1454 1167 et
1486 1123 1601 1180 IV.),
1635 1135 1678 1168 et
1708 1131 1834 1178 sortes
1865 1124 1982 1184 q'uae
2014 1127 2238 1182 mittantur

273 1196 317 1238 in
337 1195 474 1237 sinam
486 1207 501 1244 ;
525 1191 798 1250 quandoque
816 1191 954 1233 etiam
972 1204 997 1233 a
1015 1190 1202 1233 Domino
1229 1195 1526 1249 temperantur,
1551 1201 1599 1233 ut
1622 1190 1846 1235 Salomon
1869 1189 1978 1236 dicit
2000 1187 2242 1249 (Proverb.*

271 1260 394 1305 XVI.
425 1258 529 1316 33.)‚
555 1268 709 1301 tamen
737 1257 1005 1316 plerumque
1032 1272 1087 1300 ex
1115 1257 1382 1315 operatione
1410 1257 1647 1315 spirituum
1675 1258 1985 1317 malignorum
2007 1256 2234 1313 accidunt,

272 1336 319 1370 ut
347 1336 390 1370 et
415 1325 559 1369 sancti
596 1325 806 1368 doctores
844 1323 1000 1367 dicunt
1035 1333 1080 1367 et
1118 1323 1256 1367 etiam
1293 1323 1379 1380 ipsi
1416 1323 1621 1367 Gentiles
1648 1327 1934 1369 censuerunt.
1961 1323 2235 1371 Dicit-enim

271 1394 497 1438 Maximus
523 1392 732 1436 Valerius
761 1392 930 1450 (primo
960 1405 997 1435 c.
1024 1391 1079 1447 I.)
1108 1391 1230 1449 quod
1258 1390 1514 1434 observatio
1550 1391 1847 1449 auguriorum
1868 1400 1919 1436 ‘et
1945 1390 2236 1436 somniorum

273 1472 318 1506 et
341 1459 606 1518 hujusmodi
634 1459 686 1502 ad
711 1458 984 1517 religionem
1011 1456 1251 1517 pertinent,
1274 1472 1361 1516 qua
1384 1457 1507 1500 idola
1530 1457 1810 1516 colebantur.
1829 1456 1886 1502 Et
1906 1456 2011 1503 ideo
2024 1460 2074 1503 in
2094 1459 2237 1512 Veteri

272 1528 372 1586 lege
400 1526 537 1572 simul
560 1540 665 1570 cum
689 1525 949 1569 idololatria
970 1525 1084 1569 haec
1113 1524 1269 1568 omnia
1295 1524 1675 1582 prohibebantur;
1699 1523 1867 1568 dicitur
1885 1522 2008 1569 enirn
2029 1522 2235 1582 (Denter.

272 1596 437 1640 XVIII.
461 1610 501 1653 9.
530 1608 593 1639 10.
619 1604 662 1638 et
689 1594 798 1650 11.):
830 1593 943 1638 Cave
969 1609 1017 1636 ne
1043 1594 1210 1636 imitari
1230 1592 1332 1635 velis
1353 1592 1679 1635 abominationes
1700 1592 1873 1636 illarum
1894 1592 2236 1651 gentium‚‘q'ua'e

274 1662 447 1707 scilicet
471 1661 605 1705 idolis
631 1657 908 1714 serviebant;
936 1675 1007 1703 nec
1034 1661 1275 1704 inveniatur
1301 1660 1344 1702 in
1372 1665 1407 1703 te
1433 1660 1505 1717 qui
1523 1658 1666 1703 lustret
1684 1659 1970 1715 filium'suum,
1995 1665 2068 1703 aut
2085 1656 2234 1716 filiam,

275 1731 423 1775 ducens
440 1738 517 1789 per
534 1731 698 1787 ignem,·
726 1733 798 1772 aut
819 1729 891 1786 qui
916 1727 1069 1771 ariolos
1089 1728 1327 1779 sciscitetur,
1357 1732 1394 1770 et
1420 1727 1605 1770 observet
1626 1728 1787 1770 somnia
1813 1732 1931 1784 atque
1953 1723 2149 1784 auguria,
2164 1740 2236 1771 nec

274 1799 328 1842 sit
359 1797 581 1854 maleficus,
616 1810 687 1839 nec
720 1796 975 1848 incantator,
1010 1808 1137 1852 neque
1154 1793 1353 1852 pythones
1380 1792 1576 1846 consulat,
1602 1807 1672 1836 nec
1693 1791 1873 1847 divinos,
1905 1789 1981 1837 aut
2011 1791 2185 1852 quaerat
2210 1807 2238 1837 a

276 1865 451 1908 mortuis
476 1864 709 1907 veritatem.

365 1930 616 1974 Attestatur
638 1939 790 1972 autern
813 1926 1152 1986 praedicatione
1170 1925 1273 1969 fidei
1292 1925 1531 1984 prophetia
1548 1939 1627 1984 per
1646 1924 1786 1969 aliurn
1808 1922 2018 1980 modum,
2034 1925 2080 1970 in
2098 1931 2236 1987 qnanss

275 2008 374 2042 tum
397 1996 571 2040 scilicet
593 1995 741 2054 aliqua
763 1995 852 2038 fide
874 1994 1069 2039 tenenda
1095 1993 1412 2053 praedicantur
1431 2007 1546 2051 quae
1562 1991 1876 2051 temporaliter
1898 2004 2106 2052 aguntur,
2122 1990 2240 2039 sicut

274 2064 484 2108 nativitas
513 2062 696 2116 Christi,
723 2062 874 2121 passio
903 2071 946 2105 et
971 2061 1255 2114 resurrectio,
1284 2072 1327 2104 et
1351 2059 1629 2117 hujusmodi.
1657 2059 1726 2113 Et,
1753 2073 1811 2104 ne
1842 2059 2108 2118 hujusmodi
2126 2055 2238 2106 ficta

276 2147 300 2176 a
336 2131 700 2192 praedicantibus
733 2143 830 2173 esse
865 2129 1104 2173 credantur
1137 2137 1212 2172 aut
1245 2126 1484 2171 casualiter
1516 2127 1735 2180 evenisse,
1770 2122 2068 2178 ostenduntur
2097 2122 2241 2188 longe

276 2210 378 2243 ante
404 2213 483 2258 per
508 2197 755 2257 prophetas
790 2196 1042 2255 praedicta3
1080 2195 1199 2239 unde
1227 2193 1477 2253 Apostolus
1515 2194 1622 2238 dicit
1647 2195 1805 2253 (Rom.
1832 2195 1865 2239 I.
1899 2194 2035 2255 1-3.);
2067 2190 2236 2249 Paulus,

272 2280 414 2311 servus
432 2266 526 2321 Iesu
561 2263 732 2317 Christi,
767 2269 940 2307 vocatus
973 2262 1211 2321 Apostolus,
1246 2267 1475 2320 segregatus
1500 2262 1544 2304 in
1576 2261 1854 2318 Evangelium
1885 2262 1986 2316 Dei,
2015 2256 2125 2321 quod
2144 2261 2241 2308 ante

268 2334 535 2393 promiserat,
559 2339 638 2390 per
661 2330 887 2390 prophetas
910 2344 1003 2374 suos
1035 2331 1079 2372 in
1109 2329 1339 2388 Scripturis
1357 2329 1522 2381 sanctis,
1548 2326 1593 2372 de
1615 2328 1730 2372 Filio
1752 2342 1839 2382 suo,
1866 2330 1939 2388 qui
1953 2329 2098 2388 factus
2122 2329 2180 2375 est
2203 2331 2242 2391 ei

275 2415 323 2446 ex
352 2401 505 2444 semine
536 2397 684 2442 David
716 2396 937 2442 secundam
972 2410 1155 2440 carnem.

365 2467 476 2510 Post
501 2465 692 2524 gradum
717 2474 868 2508 autern
890 2462 1075 2507 illorum
1100 2462 1175 2522 qui
1197 2460 1462 2505 immediate
1485 2460 1812 2506 revelationem
1832 2475 1857 2505 a
1873 2460 1976 2506 Deo
1999 2462 2238 2525 recipiunt,

264 2532 344 2578 >est
370 2532 651 2577 necessarius
679 2530 792 2574 alius
820 2531 990 2589 gratiae
1014 2531 1192 2589 gradus.
1220 2528 1340 2580 Quia
1364 2529 1486 2572 enim
1503 2527 1715 2572 homines
1738 2526 2070 2574 revelationem
2085 2543 2113 2574 ‘a
2131 2529 2236 2574 Deo

279 2600 519 2659 accipiunt,
555 2613 649 2642 non
686 2597 837 2642 solum
875 2611 956 2656 pro
995 2597 1218 2653 praesenti
1255 2604 1477 2653 tempore,
1514 2595 1591 2638 sed
1625 2596 1763 2639 etiam
1798 2595 1854 2639 ad
1891 2588 2238 2642 instructionem

279 2668 486 2712 omnium
511 2665 783 2719 futurorum,
810 2663 1119 2714 necessarium
1146 2661 1230 2706 fuit
1255 2671 1303 2705 ut
1328 2676 1421 2706 non
1449 2661 1600 2705 solum
1629 2675 1681 2705 ea
1708 2675 1823 2722 quae
1847 2661 1955 2720 ipsis
1981 2654 2240 2710 revelantur

278 2748 490 2779 sermone
515 2741 805 2776 narrarentur
829 2729 1153 2790 praesentibus,
1187 2727 1264 2772 sed
1299 2728 1436 2772 etiam
1470 2727 1771 2772 scriberentur
1802 2728 1858 2772 ad
1890 2723 2238 2790 instructionem

278 2802 554 2855 futurorum;
587 2799 706 2843 unde
735 2808 778 2843 et
804 2797 1006 2858 oportuit
1038 2796 1215 2856 aliquos
1249 2809 1347 2839 esse
1380 2795 1457 2854 qui
1488 2795 1753 2853 hujusmodi
1784 2793 1949 2857 scripta
1977 2790 2240 2860 interpreta-

278 2878 458 2923 rentur3
486 2866 607 2927 quod
631 2866 782 2910 divina
810 2865 953 2924 gratia
981 2878 1078 2908 esse
1107 2872 1302 2921 oportet,
1329 2862 1445 2906 sicut
1478 2872 1522 2906 et
1553 2862 1650 2920 ipsa
1682 2856 2014 2926 revela'tio‘per
2044 2856 2238 2923 gratiam

278 2936 367 2980 Dei
392 2935 487 2979 fuit.
517 2933 650 2978 Unde
678 2942 723 2978 et
749 2932 891 2990 (Gen.
917 2931 1015 2976 XL.
1043 2930 1105 2988 8.)
1140 2930 1324 2974 dicitur:
1351 2929 1569 2988 Numquid
1600 2944 1683 2973 non
1715 2929 1800 2974 Dei
1829 2923 2240 2995 est'int‘erpretatid?
2310 2910 2319 2963 s

368 3002 580 3061 Sequitur
608 3010 759 3045 autem
788 2998 973 3043 ultimus
1002 2997 1183 3057 gradus,
1211 3010 1372 3040 eorum
1395 2995 1568 3040 scilicet
1595 2996 1672 3055 qui
1698 3009 1751 3040 ea
1779 3003 1895 3056 quae
1922 2988 2237 3060 aliiss'u'n'tlre-

278 3070 426 3115 velata
454 3079 497 3114 et
524 3083 603 3128 per
631 3067 744 3111 alios
770 3067 1062 3125 interpretata
1087 3063 1279 3109 fideliter
1301 3062 1503 3107 credunt.
1529 3062 1630 3106 Hoc
1654 3062 2111 3128 autem-Deissssdonum
2132 3076 2238 3126 'esse

278 3138 482 3196 superius
509 3137 568 3191 (c.
602 3135 717 3193 153.)
748 3143 980 3178 ostensum
1009 3141 1089 3176 est.
1122 3129 1244 3183 Quia
1271 3143 1379 3174 vero
1411 3142 1490 3188 per
1522 3128 1750 3189 malignos
1776 3124 1963 3190 *spiritus
1996 3128 2149 3197 aliqua*
2179 3131 2239 3175 si·

279 3204 405 3248 milia
431 3203 544 3247 fiunt
568 3202 638 3246 his
665 3201 824 3260 quibus
851 3199 960 3243 fides
990 3198 1298 3250 confirmatur,
1331 3206 1426 3240 tam
1459 3195 1504 3240 in
1537 3195 2073 3263 signorum'foperatione
2098 3192 2236 3261 quam

279 3273 324 3316 in
350 3270 605 3314 futurorum
638 3267 930 3320 revelatione,
964 3276 1012 3310 ut
1043 3279 1178 3324 supra
1211 3263 1384 3307 dictum
1417 3272 1498 3317 est,
1530 3277 1587 3307 ne
1620 3275 1698 3322 per
1729 3262 1994 3323 hujusmodi
2024 3260 2237 3325 homine&

281 3338 457 3396 decepti
485 3335 725 3381 mendacio
755 3334 953 3387 credant,
980 3332 1286 3377 necessarium
1323 3340 1389 3374 est
1420 3340 1470 3374 ut
1502 3329 1726 3389 adjutorio
1759 3323 1937 3377 divinae
1960 3322 2237 3393 *gratiae'in-

282 3413 508 3448 struantur
521 3403 576 3447 de
588 3401 850 3461 hujusmodi
863 3400 1091 3459 spiritibus
1105 3397 1426 3451 discernendis,
1439 3396 1690 3442 secundum
1703 3396 1825 3456 quod
1837 3388 2237 3468 dicitussiujoann.

283 3471 360 3515 IV.
394 3470 470 3527 1.):
500 3470 636 3514 Nolite
659 3470 773 3513 omni
797 3468 968 3528 spiritui
993 3465 1153 3511 credere
1163 3480 1181 3524 ,·
1206 3464 1274 3510 sed
1290 3466 1466 3524 probate
1487 3465 1675 3524 spiritus,
1695 3465 1731 3509 si
1756 3478 1805 3509 ex
1826 3463 1919 3525 Deo,
1941 3465 2047 3511 siim.
2083 3464 2086 3468 ’
2151 3523 2154 3524 ⁷

374 3536 470 3581 Hos
499 3547 650 3582 autem
681 3537 851 3595 gratiae
879 3533 1065 3579 effectus
1094 3532 1146 3576 ad
1175 3530 1522 3576 instructionem
1550 3541 1593 3576 et
1620 3520 2147 3578 confirmationeiiif'fide'i‘
2168 3525 2236 3591 03·-
