2332 3854
817 214 973 252 mssssa
1011 213 1047 251 1.
1092 212 1211 251 CAP.
1257 211 1385 248 xm.
2011 209 2072 263 51

121 318 292 364 duata
280 331 327 362 m
349 316 443 361 hoc
469 315 588 370 Deo,
620 325 697 359 aut
727 329 807 375 per
840 315 1007 374 aliquid
1040 313 1187 359 aliud:
1221 313 1259 358 si
1290 326 1369 372 per
1402 311 1538 366 aliud,
1572 322 1753 371 oportet
1785 312 1907 388 quod
1940 312 1996 356 sit
2021 312 2085 355 ibi

120 383 422 448 compositio;
448 382 485 427 si
510 395 589 442 per
613 382 825 440 seipsam,
851 397 961 459 ergo
987 379 1270 460 impossibile
1298 389 1366 425 est
1391 378 1513 439 quod
1532 378 1660 422 alteri
1683 379 1949 433 conveniat3
1971 379 2082 423 illud

121 452 244 502 enim
259 449 381 511 quod
398 459 466 495 est
490 449 859 493 individuationis
888 449 1176 507 principium,
1192 461 1287 492 non
1305 456 1455 507 potest
1472 460 1570 491 esse
1594 445 1795 505 pluribus
1819 460 2081 490 commune.

119 516 404 578 Impossibile
431 526 499 560 est
523 515 660 575 igitur
685 529 784 560 esse
812 515 964 574 plures
991 516 1115 559 deos.

201 582 433 643 Amplius:
462 582 499 627 si
524 592 629 627 sunt
653 581 804 641 plures
837 582 913 635 dii,
941 592 1122 641 oportet
1147 581 1270 641 quod
1296 591 1458 625 natura
1484 580 1662 625 deitatis
1685 594 1780 623 non
1806 580 1863 624 sit
1884 593 1974 623 una
2000 593 2079 623 nu-

120 659 249 698 rnero
274 651 319 695 in
341 660 558 709 utroque;
585 658 766 707 oportet
791 648 927 708 igitur
952 662 1051 693 esse
1079 648 1246 707 aliquid
1274 648 1556 707 distinguens
1577 657 1787 691 naturam
1810 645 2045 690 divinam
2035 661 2081 689 m

118 717 210 764 hoc
236 726 282 761 et
303 716 351 760 in
376 715 473 760 illo.
501 715 591 760 Sed
617 715 708 760 hoc
735 725 804 759 est
827 714 1125 774 impossibile,
1153 715 1258 773 quia
1283 725 1445 758 natura
1471 714 1622 759 divina
1647 727 1742 758 non
1774 713 1933 772 recipit
1960 713 2084 756 addi·

30 784 62 827 ³.
117 778 294 831 &iem
317 796 466 842 neque
491 781 794 826 differentiam
812 795 963 826 rerum
986 781 1310 835 essentialium,
1327 795 1475 840 neque
1494 779 1859 834 accidentalium,
1881 789 1930 824 ut
1948 793 2083 839 supra

23 844 79 913 fs
120 852 182 912 (c.
204 863 274 910 23.
301 860 346 895 et
366 850 459 907 24.)
486 858 721 894 ostensum
748 859 838 893 est:
865 862 949 893 nec
977 849 1115 892 etiam
1138 858 1298 891 natura
1325 848 1476 891 divina
1502 857 1570 892 est
1594 846 1744 892 forma
1771 846 1961 905 alicujus
1985 860 2083 889 ma-

40 920 51 932 *
118 917 274 972 uriae,
300 925 350 962 ut
380 917 524 977 possit
555 915 692 960 dividi
725 916 780 959 ad
813 916 1031 960 materiae
1063 915 1359 970 divisionem3
1394 913 1679 973 impossibile
1710 923 1780 959 est
1810 913 1948 973 igitur
1980 926 2080 957 esse

119 984 271 1047 plures
295 984 422 1029 deos.

3 1581 25 1760 :aiem-W*
4 1529 7 1532 ·
1 1405 25 1475 J'I‘*
2 1347 10 1391 'us'
2 1265 25 1277 ἶ
22 1100 23 1105 Α

27 1734 31 1742 ,η
34 1708 45 1714 3
40 1686 42 1688 ,
26 1642 28 1644 “
25 1525 45 1569 ,-Ῐζ
24 1489 34 1508 1}
29 1427 42 1447 π’,
30 1388 43 1414 Δι’.
26 1315 44 1349 (ἶ)
42 1283 43 1286 Α
25 1158 45 1263 '‘²'J'3
26 1137 31 1143 ⁹
33 1110 39 1115 ‘
24 1061 38 1083 ²⁴,
27 1022 41 1045 ‘¹¹

206 1052 346 1097 Item.
374 1064 473 1096 esse
500 1050 732 1111 proprium
761 1048 999 1107 cujuslibet
1024 1049 1088 1093 rei
1115 1059 1183 1093 est
1207 1058 1385 1092 tantum
1412 1062 1577 1102 unum3
1619 1048 1697 1092 sed
1730 1049 1827 1107 ipse
1858 1047 1986 1092 Deus
2013 1058 2080 1092 est

120 1132 222 1166 esse
245 1132 396 1174 suum,
421 1127 471 1162 ut
501 1131 636 1175 supra
669 1117 731 1174 (c.
763 1117 855 1173 22.)
890 1125 1124 1188 ostensum
1158 1125 1249 1169 est;
1281 1114 1564 1174 impossibile
1597 1125 1665 1160 est
1695 1115 1833 1174 igitur
1863 1128 1963 1159 esse
1994 1114 2084 1159 nisi

120 1199 263 1233 unum
286 1186 455 1231 Deum.

144 1288 146 1291 f
209 1253 400 1299 Adhuc·
426 1252 679 1298 secundum
705 1252 826 1295 hunc
853 1250 1046 1295 modum
1062 1264 1134 1295 res
1155 1250 1326 1294 habent
1341 1263 1454 1303 esse,
1477 1263 1568 1308 quo
1589 1249 1822 1309 possident
1846 1249 2084 1302 unitatem,

118 1319 242 1367 unde
264 1319 624 1379 unumquodque
656 1332 765 1363 suae
798 1317 1009 1363 divisioni
1041 1331 1124 1376 pro
1156 1330 1292 1376 posse
1324 1325 1560 1375 repugnat,
1593 1330 1651 1360 ne
1683 1330 1762 1375 per
1793 1316 1884 1360 hoc
1915 1316 1963 1359 in
1989 1329 2084 1360 non

118 1396 219 1434 etse
232 1386 401 1432 tendat.
420 1385 510 1431 Sed
523 1385 674 1430 divina
690 1394 850 1429 natura
863 1394 930 1429 est
943 1385 1180 1443 potissime
1192 1383 1364 1429 habens
1383 1397 1482 1428 esse
1494 1399 1504 1438 ;
1523 1393 1591 1428 est
1606 1383 1743 1442 igitur
1754 1383 1800 1427 in
1818 1396 1870 1427 ea
1883 1382 2085 1427 maxime

119 1454 289 1510 unitam
314 1452 444 1498 nullo
469 1453 607 1512 igitur
631 1452 773 1496 modo
800 1452 846 1495 in
872 1451 1002 1510 plura
1027 1451 1330 1509 distinguitur.

209 1520 445 1579 Amplius.
471 1520 519 1564 in
545 1532 823 1578 unoquoque
856 1532 1024 1577 genere
1049 1518 1258 1562 videmus
1285 1517 1625 1562 multitudinem
1652 1517 1706 1561 ab
1735 1516 1887 1576 aliqua
1908 1516 2082 1560 unitate

25 1589 58 1638 {J
119 1587 384 1665 procedere,
409 1596 455 1632 et
478 1587 620 1631 ideo
608 1601 656 1630 m
682 1584 884 1645 quolibet
911 1599 1077 1661 genere
1094 1585 1321 1629 invenitur
1338 1599 1480 1628 unum
1498 1585 1712 1643 primum,
1730 1585 1853 1643 quod
1876 1593 1944 1628 est
1961 1597 2088 1627 men-

121 1668 228 1701 sura
252 1654 463 1699 omniurn
494 1667 611 1713 quae
642 1652 689 1697 in
715 1648 796 1696 illo
823 1666 989 1711 genere
1015 1652 1330 1706 inveniuntur;
1363 1666 1762 1710 quorumcumque
1794 1651 1931 1710 igitur
1962 1652 2086 1695 inve-

39 1718 55 1735 *
121 1722 242 1768 nitur
265 1722 313 1766 in
328 1721 492 1781 aliquo
517 1734 611 1765 uno
639 1719 972 1773 convenientia,
999 1729 1180 1797 oportet
1196 1720 1318 1778 quod
1343 1720 1396 1763 ab
1416 1718 1569 1778 aliquo
1592 1734 1685 1763 uno
1709 1718 1974 1778 dependeat.
1994 1718 2086 1763 Sed

122 1789 281 1835 omnia
303 1788 351 1833 in
376 1800 476 1853 esse
502 1788 804 1841 conveniunt;
831 1795 1011 1846 oportet
1035 1787 1173 1845 igitur
1198 1800 1296 1831 esse
1323 1801 1466 1830 unum
1491 1796 1684 1841 tantum,
1712 1786 1835 1846 quod
1857 1785 1914 1830 sit
1935 1799 2086 1830 rerum

122 1855 409 1917 principium,
435 1855 559 1915 quod
584 1855 711 1899 Deus
737 1864 817 1898 est,

211 1924 350 1968 Item:
376 1922 424 1966 in
456 1921 660 1981 quolibet
683 1921 935 1981 principatu
967 1920 1044 1965 ille
1076 1920 1152 1980 qui
1185 1921 1400 1980 possidet,
1426 1921 1647 1965 unitatem
1681 1920 1929 1974 desiderat;
1964 1920 2083 1964 unde

122 1991 240 2035 inter
271 1989 548 2049 principatus
579 1998 649 2033 est
683 1988 922 2048 potissima
958 1988 1229 2032 monarchia
1264 1988 1359 2032 sive
1396 2002 1614 2065 regnum:
1641 1987 1910 2032 -multorum
1947 1988 2085 2031 etiam

125 2057 439 2103 membrorum
467 2070 610 2100 unum
638 2065 703 2100 est
730 2064 880 2113 caput,
907 2069 959 2099 ac
986 2069 1067 2114 per
1091 2055 1182 2098 hoc
1206 2055 1404 2099 evidenti
1429 2056 1562 2114 signo
1587 2065 1786 2114 apparet,
1814 2055 1856 2099 ei
1883 2054 1957 2098 cui
1983 2068 2090 2098 con·

123 2124 249 2169 venit
273 2123 565 2183 principatus,
591 2123 811 2167 unitatem
838 2122 1015 2175 deberi;
1048 2122 1167 2166 unde
1205 2132 1249 2166 et
1282 2123 1449 2177 Deum,
1477 2125 1553 2182 qui
1591 2133 1658 2167 est
1695 2123 1904 2167 omniurn
1932 2136 2085 2175 causa,

15 2190 56 2250 :js
124 2200 309 2252 oportet
333 2204 474 2234 unum
503 2189 770 2249 simpliciter
797 2189 1017 2234 confiteri.

213 2257 345 2303 Hanc
374 2267 528 2302 autem
556 2255 894 2302 confessionem
923 2256 1102 2300 divinae
1130 2257 1313 2301 unitatis
1341 2258 1478 2301 etiam
1506 2272 1560 2302 ex
1587 2258 1726 2302 sacris
1753 2257 1947 2316 eloquiis
1974 2257 2090 2301 acci-

33 2317 62 2374 ⁸⁵,
124 2336 232 2389 pete
273 2339 542 2384 possumus;
573 2338 682 2368 nam
711 2324 920 2382 (Deuter.
957 2324 1034 2368 VI.
1062 2324 1127 2380 4.)
1163 2324 1350 2368 dicitur:
1385 2325 1513 2378 Audi,
1546 2325 1691 2378 Israel,
1726 2326 1938 2369 Dominus
1970 2326 2085 2370 Deus

125 2398 235 2447 mm»,
267 2393 383 2437 Deus
407 2406 513 2436 unus
543 2397 611 2444 est,
640 2400 686 2436 et
709 2391 876 2448 (Exod.
904 2390 1005 2434 XX.
1037 2390 1123 2450 3·.;)
1157 2392 1255 2435 Non
1287 2397 1408 2435 erunt
1435 2393 1510 2436 tibi
1542 2391 1602 2435 dii
1633 2393 1710 2435 alii
1731 2398 1902 2452 praeter
1933 2407 2013 2445 me,
2042 2401 2088 2435 et

127 2458 316 2521 (Ephesa
342 2458 422 2504 IV.
454 2459 538 2516 5.:)
579 2459 694 2503 Unus
723 2458 950 2512 Dominus,
979 2473 1063 2502 una
1087 2457 1198 2513 fides,
1226 2468 1311 2502 etc.

214 2526 314 2571 Hac
337 2535 490 2570 autem
507 2526 696 2570 veritate
716 2525 995 2584 repelluntur
1013 2525 1218 2570 Gentiles
1236 2526 1429 2569 deorum
1447 2526 1786 2571 multitudinem
1805 2526 2090 2580 confitentes,

127 2593 336 2654 quamvis
362 2593 513 2652 plures
547 2606 706 2636 eorum
733 2606 876 2635 unum
908 2592 1060 2636 Deum
1093 2606 1328 2636 summum
1360 2607 1458 2637 esse
1491 2594 1709 2647 dicerent,
1743 2609 1767 2637 a
1800 2608 1892 2652 quo
1927 2607 2088 2637 omnes

23 2659 62 2715 J
129 2659 246 2707 alios
270 2673 386 2720 quos
412 2659 523 2704 deos
554 2659 869 2713 nominabant,
907 2669 1085 2703 creatos
1123 2673 1222 2703 esse
1260 2659 1543 2714 asserebant;
1581 2661 1794 2704 omnibus
1831 2660 2092 2704 substantiis

40 2731 63 2786 ῑ
128 2727 415 2787 ςόωρίῐετοίε
442 2726 687 2771 divinitatis
714 2740 885 2770 nornen
913 2725 1233 2779 adscribentes,
1268 2736 1312 2769 et
1337 2727 1579 2786 praecipue
1612 2728 1789 2771 ratione
1822 2727 2087 2786 sapientiae,

42 2826 81 2850 -;.
130 2803 177 2840 et
212 2793 456 2847 felicitatis,
483 2803 528 2837 et
560 2807 712 2837 rerum
754 2793 1108 2851 gubernationis.
1155 2793 1289 2845 Quae
1325 2794 1511 2852 quidem
1546 2795 1832 2838 consuetudo
1870 2794 2091 2853 loquendi

130 2860 270 2906 etiam
294 2860 341 2904 in
359 2874 489 2905 sacra
516 2859 748 2918 Scriptura
765 2860 1004 2913 invenitur,
1027 2859 1135 2903 dum
1162 2860 1309 2904 sancti
1332 2861 1484 2918 angeli
1512 2871 1587 2905 aut
1609 2861 1747 2904 etiam
1764 2861 1993 2915 homines,
2016 2859 2091 2904 vel

130 2926 390 2986 judices‘dii
415 2927 724 2980 nominantur,
751 2927 867 2970 sicut
892 2926 1002 2971 illud
1030 2925 1219 2984 (Psalm.
1253 2927 1482 2971 LXXXV.
1512 2928 1598 2984 8.):
1627 2929 1726 2973 Non
1753 2935 1807 2972 est
1831 2929 1980 2972 similis
2012 2929 2088 2971 tibi

131 2994 178 3038 in
207 2993 303 3048 diis,
328 2994 527 3048 Domine,
552 3004 596 3038 et
620 2993 725 3037 alibi
751 2993 980 3051 (LXXXI.
1010 2992 1093 3049 6.):
1122 2994 1210 3052 Ego
1237 2993 1327 3038 dixi
1342 3011 1354 3039 :
1382 2995 1441 3038 dii
1463 2997 1566 3047 estis,
1585 3006 1629 3038 et
1655 2994 1798 3039 multa
1820 2994 2087 3052 hujusmodi

47 3065 77 3098 ’Ἀ
131 3074 212 3118 per
236 3060 361 3104 varia
387 3060 647 3119 Scripturae
673 3060 775 3104 loca
793 3061 1094 3104 inveniuntur.
1115 3060 1247 3103 Unde
1271 3061 1417 3119 magis
1433 3062 1539 3105 huic
1556 3062 1734 3106 veritati
1751 3062 1959 3105 videntur
1983 3075 2089 3104 con·

59 3148 77 3188 {1
129 3126 255 3171 trarii
271 3126 647 3181 Manichaei,duo
665 3127 811 3186 prima
828 3137 1048 3186 ponentes
1061 3127 1296 3186 principia,
1314 3143 1510 3187 quorum
1530 3128 1719 3172 alterum
1745 3128 1927 3172 alterius
1951 3142 2087 3172 causa

0 3187 4 3233 j
130 3206 226 3237 non
251 3193 321 3237 sit.
345 3193 475 3238 Hanc
494 3194 632 3238 etiam
653 3194 891 3238 veritatem
911 3194 1071 3238 Ariani
1093 3194 1184 3238 suis
1207 3196 1432 3239 erroribus
1450 3196 1833 3254 impugnaverunt
1850 3194 1958 3239 dum
1983 3208 2091 3239 con-

131 3258 314 3304 fitentur
339 3259 521 3304 Patrem
554 3270 599 3305 et
621 3260 788 3305 Filium
813 3275 907 3304 non
934 3275 1091 3314 unum,
1118 3262 1195 3305 sed
1223 3261 1373 3320 plures
1399 3263 1525 3306 Deos
1559 3276 1671 3315 esse,
1700 3276 1803 3306 curn
1831 3271 1987 3307 tamen
2014 3261 2085 3306 Fi-

132 3323 247 3372 lium
269 3340 431 3371 verum
456 3327 610 3372 Deum
635 3328 904 3372 auctoritate
932 3327 1190 3387 Scripturae
1218 3330 1402 3373 credere
1430 3338 1667 3388 cogantur.
