2332 3854
311 213 381 269 70
997 211 1152 250 LIBER
1192 211 1228 250 1.
1269 211 1390 249 CAP.
1431 210 1582 249 LVIII.

311 315 497 373 «Igitur
523 314 674 359 divina
701 314 922 374 sapientia
949 314 1147 373 seipsam
1175 326 1476 372 cognoscens,
1504 313 1744 372 cognoscit
1769 313 1926 358 omnia
1948 322 1993 358 et
2014 313 2267 359 materialia

309 381 684 436 immaterialiter,
708 391 752 427 et
777 381 1108 426 indivisibiliter
1135 379 1375 424 divisibilia
1402 389 1446 424 et
1471 379 1616 424 multa
1642 380 1812 425 unitive
1832 397 1871 426 ».

1073 557 1327 614 CAPUT
1370 558 1515 614 LIX.

439 693 592 739 QUOD
635 693 669 730 A
710 693 822 730 DEO
864 693 982 731 NON
1022 691 1383 733 EXCLUDITUR
1421 693 1651 732 VERITAS
1691 662 2147 733 ENUNTIABILIUM‘}

805 795 867 851 (I.
887 802 1002 854 part.
1029 803 1181 854 quaest.
1214 797 1414 841 XXXVI.
1442 804 1525 842 art.
1555 811 1591 856 5.
1618 796 1673 841 ad
1704 798 1775 855 1.)-

401 907 467 951 Ex
499 907 590 951 hoc
619 916 770 950 autem
800 917 986 965 apparet
1022 908 1145 966 quod
1171 907 1279 952 licet
1305 908 1444 952 divini
1470 907 1727 953 intellectus
1759 906 1962 966 cognitio
1988 920 2084 951 non
2110 919 2162 952 se
2195 905 2275 951 ha-

310 975 417 1018 beat
443 975 498 1018 ad
526 974 718 1017 modum
746 975 1066 1032 componentis
1093 984 1137 1018 et
1163 974 1419 1028 dividentis,
1445 989 1539 1018 non
1570 984 1726 1019 tamen
1758 973 2009 1018 excluditur
2041 973 2095 1033 ab
2123 987 2180 1018 eo
2205 987 2277 1018 ve-

311 1042 433 1094 ritas,
461 1054 575 1099 quae
603 1040 856 1085 secundum
881 1034 1219 1100 Philosophum
1247 1040 1346 1098 (VI.
1369 1041 1624 1100 Metaphys.
1643 1051 1672 1086 t.
1701 1056 1738 1086 c.
1758 1041 1821 1098 8.)
1840 1039 1992 1085 solum
2019 1039 2138 1084 circa
2156 1053 2282 1084 com-

312 1108 590 1166 positionem
623 1117 668 1151 et
699 1107 969 1152 divisionem
1008 1107 1268 1152 intellectus
1301 1117 1382 1151 est.
1418 1107 1537 1163 Cum
1572 1107 1695 1151 enim
1728 1106 1893 1152 veritas
1934 1105 2191 1154 intellectus
2222 1106 2280 1150 sit

315 1175 585 1233 adaequatio
612 1173 870 1218 intellectus
899 1185 943 1219 et
969 1175 1048 1229 rei,
1073 1174 1328 1220 secundum
1355 1174 1478 1233 quod
1503 1173 1760 1218 intellectus
1787 1174 1895 1218 dicit
1921 1188 2020 1219 esse
2051 1174 2174 1233 quod
2197 1183 2280 1227 est,

311 1241 385 1285 vel
411 1256 505 1285 non
533 1251 599 1286 est
625 1240 748 1300 quod
781 1255 875 1285 non
909 1251 989 1294 est,
1017 1241 1074 1284 ad
1105 1241 1151 1284 id
1184 1241 1230 1284 in
1262 1240 1497 1285 intellectu
1529 1241 1695 1284 veritas
1722 1240 1929 1298 pertinet,
1956 1241 2076 1299 quod
2108 1239 2279 1285 intelle-

314 1320 411 1353 ctus
438 1309 560 1362 dicit,
587 1322 682 1352 non
710 1308 765 1352 ad
793 1308 1126 1366 operationem,
1160 1322 1250 1366 qua
1274 1308 1319 1351 id
1353 1307 1483 1361 dicit3
1516 1321 1611 1351 non
1645 1308 1767 1351 enim
1801 1307 1858 1351 ad
1883 1306 2281 1353 veritatemintel-

312 1376 454 1420 lectus
485 1375 677 1433 exigitur
703 1385 752 1419 ut
782 1375 933 1434 ipsum
958 1374 1214 1433 intelligere
1248 1374 1314 1418 rei
1347 1384 1579 1433 aequetur,
1607 1389 1714 1418 cum
1745 1388 1817 1418 res
1848 1373 2078 1426 interdum
2102 1373 2162 1428 sit
2186 1387 2279 1418 ma·

310 1443 496 1498 terialis,
522 1442 781 1502 intelligere
813 1458 923 1487 vero
949 1441 1266 1486 immateriale.
1307 1443 1399 1486 Sed
1424 1442 1535 1486 illud
1557 1442 1680 1501 quod
1702 1441 1960 1487 intellectus
1984 1440 2282 1501 intelligendo

312 1511 419 1555 dicit
447 1520 491 1554 et
523 1512 776 1569 cognoscit,
816 1519 997 1570 oportet
1022 1524 1120 1554 esse
1162 1510 1228 1553 rei
1261 1519 1522 1568 aequatum,
1549 1519 1597 1553 ut
1627 1509 1801 1554 scilicet
1830 1509 1894 1553 ita
1929 1509 2057 1554 sitin
2082 1523 2132 1555 re
2164 1508 2282 1553 sicut

311 1576 568 1621 intellectus
596 1577 718 1621 dicit.
756 1578 881 1621 Deus
909 1587 1062 1621 autem
1085 1591 1167 1620 sua
1194 1576 1392 1635 simplici
1416 1574 1733 1634 intelligentia,
1759 1576 1807 1620 in
1829 1589 1919 1635 qua
1939 1589 2034 1621 non
2060 1585 2130 1624 est
2151 1589 2279 1621 com-

313 1644 480 1703 positio
509 1653 552 1688 et
584 1644 763 1698 divisi0,
793 1644 1034 1703 cognoscit
1058 1657 1153 1687 non
1181 1643 1332 1688 solum
1359 1657 1511 1687 rerum
1546 1642 1832 1702 quidditates,
1859 1642 1938 1688 sed
1968 1642 2118 1689 etiam*
2143 1656 2282 1687 enun-

314 1711 543 1765 tiationes,
577 1721 625 1755 ut
657 1721 893 1755 ostensum
921 1720 988 1755 est
1013 1711 1075 1767 (c.
1105 1723 1173 1767 57.
1202 1719 1246 1754 et
1274 1710 1380 1767 58.),
1400 1719 1444 1753 et
1461 1710 1525 1754 sic
1549 1708 1659 1753 illud
1679 1709 1801 1768 quod
1824 1708 2081 1757 intellectus
2101 1709 2281 1755 divinus

316 1777 614 1837 intelligendo
642 1778 764 1832 dicit,
793 1789 859 1822 est
886 1778 1162 1837 compositio
1190 1787 1234 1821 et
1259 1778 1438 1821 divisio.
1465 1778 1573 1821 Non
1602 1792 1711 1836 ergo
1746 1777 2001 1822 excluditur
2025 1778 2192 1823 veritas
2222 1777 2278 1823 ab

313 1844 547 1890 intellectu
574 1845 727 1888 divino
750 1845 925 1889 ratione
949 1859 1057 1889 suae
1083 1843 1400 1903 simplicitatis.
1594 1838 1598 1842 ⁴

408 1911 644 1971 Amplius:
681 1926 787 1955 cum
820 1911 1004 1970 aliquod
1036 1910 1380 1970 incomplexum
1413 1910 1486 1954 vel
1518 1911 1680 1955 dicitur
1717 1910 1792 1956 vel
1821 1910 2105 1971 intelligitur,
2127 1911 2280 1971 ipsum

318 1979 504 2038 quidem
536 1978 893 2038 incomplexum,
927 1988 1148 2037 quantum
1181 1988 1249 2022 est
1280 1978 1335 2022 de
1375 1992 1437 2031 se,
1470 1992 1555 2021 nec
1595 1988 1662 2022 est
1701 1978 1767 2022 rei
1807 1988 2071 2037 aequatum,
2101 1992 2188 2024 nec
2219 1978 2286 2022 rei

317 2046 572 2105 inaequale,
601 2061 708 2090 curn
736 2045 986 2105 aequalitas
1013 2056 1058 2090 et
1087 2045 1389 2104 inaequalitas
1423 2046 1675 2089 secundum
1709 2045 2106 2104 comparationem
2135 2044 2286 2091 dican-

317 2126 402 2160 tur.
430 2114 781 2174 Incomplexum
811 2125 979 2169 autem,
1006 2124 1227 2174 quantum
1255 2124 1323 2158 est
1349 2115 1404 2158 de
1431 2129 1492 2168 se,
1519 2129 1614 2158 non
1640 2115 1845 2159 continet
1870 2114 2072 2173 aliquam
2099 2127 2283 2172 compa-

315 2183 557 2237 rationem,
583 2182 658 2226 vel
684 2182 1039 2242 applicationem
1067 2182 1123 2226 ad
1150 2196 1263 2235 rem,
1291 2182 1411 2226 unde
1438 2182 1493 2225 de
1520 2195 1568 2225 se
1590 2196 1674 2225 nec
1702 2196 1877 2236 verum,
1898 2195 1984 2226 nec
2004 2180 2173 2230 falsum
2195 2179 2285 2226 dici

317 2260 482 2309 potest,
509 2249 587 2294 sed
613 2259 792 2294 tantum
820 2248 1128 2308 complexum,
1150 2248 1197 2292 in
1224 2262 1314 2307 quo
1342 2248 1605 2306 designatur
1624 2249 1908 2306 comparatio
1930 2246 2212 2307 incomplexi
2229 2246 2284 2290 ad

318 2332 418 2361 rem
451 2331 529 2375 per
561 2327 720 2361 notam
747 2316 1094 2375 compositionis
1123 2325 1200 2359 aut
1225 2315 1473 2359 divisionis.
1500 2314 1760 2360 Intellectus
1787 2325 1942 2360 tamen
1968 2313 2284 2374 incomplexus

315 2383 610 2442 intelligendo
638 2383 761 2443 quod
787 2383 891 2442 quid
922 2393 988 2427 est
1022 2382 1318 2442 apprehendit
1351 2381 1649 2441 quidditatem
1681 2382 1746 2426 rei
1786 2382 1833 2426 in
1860 2382 2278 2441 quadamvcompa-

319 2452 495 2495 ratione
523 2451 578 2495 ad
610 2465 723 2504 rem,
751 2451 857 2509 quia
884 2449 1181 2509 apprehendit
1212 2464 1316 2492 eam
1348 2459 1398 2493 ut
1421 2449 1687 2508 hujusmodi
1712 2449 1779 2494 rei
1803 2449 2127 2512 quidditatem:
2159 2448 2282 2493 unde

319 2518 427 2562 licet
450 2518 601 2577 ipsum
627 2517 988 2576 incomplexum,
1023 2527 1066 2560 et
1098 2516 1237 2560 etiam
1271 2515 1478 2559 diffinitio
1510 2530 1606 2559 non
1639 2516 1695 2559 sit
1725 2530 1805 2575 per
1837 2529 1885 2560 se
1916 2529 2080 2561 verum
2103 2513 2180 2562 vel
2207 2512 2288 2570 sal-

321 2600 437 2640 sum,
465 2595 621 2629 tamen
647 2583 905 2629 intellectus
933 2583 1277 2643 apprehendens
1309 2583 1433 2642 quod
1468 2583 1574 2642 quid
1608 2593 1688 2636 est,
1722 2583 1885 2627 dicitur
1915 2582 2107 2642 quidem.
2126 2592 2208 2641 per
2239 2595 2288 2626 se

321 2667 501 2712 semper
529 2667 626 2697 esse
653 2667 800 2706 verus,
828 2662 877 2696 ut
907 2661 1031 2711 patet
1055 2651 1102 2695 in
1128 2651 1260 2695 tertio
1293 2651 1365 2694 De
1394 2650 1545 2694 anima
1573 2651 1625 2707 (t.
1652 2666 1688 2695 c.
1708 2648 1814 2707 26.).
1835 2650 1892 2694 Et
1906 2649 1948 2694 si
1968 2648 2287 2708 per-accidens

320 2721 463 2780 possit
490 2735 588 2765 esse
615 2719 769 2775 falsus,
796 2721 842 2763 in
876 2730 1096 2779 quantum
1123 2718 1197 2762 vel
1224 2716 1431 2762 diffinitio
1458 2716 1650 2761 includit
1681 2716 1881 2776 aliquam
1915 2714 2284 2774 complexionem

317 2788 393 2832 vel
419 2788 616 2846 partium
630 2786 911 2831 diffinitionis
931 2787 985 2830 ad
1004 2786 1216 2839 invicem,
1234 2784 1308 2828 vel
1329 2785 1467 2828 totius
1486 2783 1766 2828 diffinitionis
1786 2784 1843 2828 ad
1869 2781 2143 2837 diffinitum;
2164 2781 2284 2828 unde

318 2854 527 2899 diffinitio
551 2854 739 2909 dicetur,
763 2853 1015 2898 secundum
1043 2852 1165 2912 quod
1191 2850 1458 2910 intelligitur
1484 2861 1533 2895 ut
1557 2851 1692 2909 hujus
1718 2850 1792 2895 vel
1818 2850 1939 2895 illius
1966 2850 2033 2895 rei
2058 2847 2283 2903 diffinitio,

323 2922 579 2967 secundum
612 2921 734 2981 quod
763 2921 816 2965 ab
850 2920 1082 2964 intellectu
1118 2918 1351 2977 accipitur,
1378 2918 1451 2962 vel
1483 2918 1748 2977 simpliciter
1778 2916 1907 2973 falsa,
1933 2917 1973 2962 si
1995 2926 2147 2977 partes
2178 2914 2288 2961 diffi-

321 2990 509 3034 nitionis
533 3003 629 3033 non
657 2988 934 3033 cohaereant
959 2987 1005 3031 in
1031 2986 1245 3039 invicem,
1271 2995 1321 3029 ut
1346 2985 1384 3029 si
1411 2985 1584 3029 dicatur
1602 2984 1773 3028 animal
1788 2983 2066 3038 insensibile,
2081 2983 2156 3028 vel
2172 2982 2288 3028 falsa

323 3057 576 3102 secundum
598 3056 718 3100 hanc
745 3070 858 3109 rem,
885 3064 1020 3114 prout
1046 3052 1253 3097 diffinitio
1282 3051 1440 3096 circuli
1458 3051 1676 3128 accipitur
1693 3061 1742 3096 ut
1758 3051 1987 3111 trianguli.
2008 3051 2132 3098 Dato
2148 3047 2288 3110 igitur

325 3139 404 3183 per
430 3123 727 3182 impossibile,
755 3122 877 3182 quod
900 3122 963 3166 sic
991 3120 1247 3165 intellectus
1274 3119 1450 3162 divinus
1469 3118 1649 3162 solum'
1638 3133 1684 3162 in
1703 3118 1948 3178 complexu
1971 3126 2287 3177 cognosceret,

327 3191 474 3236 adhuc
503 3201 621 3236 esset
645 3205 778 3235 verus
803 3188 1129 3248 cognoscendo
1158 3200 1288 3231 suam
1315 3185 1628 3244 quidditatem,
1651 3196 1700 3230 ut
1724 3200 1870 3230 suam.

418 3258 616 3302 Adhuc.
650 3257 804 3302 divina
836 3255 1102 3316 simplicitas
1135 3252 1463 3313 perfectionem
1492 3266 1587 3296 non
1621 3252 1830 3309 excludit,
1854 3253 1964 3313 quia
1993 3231 2042 3303 in
2070 3224 2157 3304 ἐμο
2188 3266 2287 3298 esse

325 3324 524 3383 simplici
549 3325 687 3368 habet
713 3323 930 3383 quidquid
956 3321 1247 3381 perfectionis
1280 3320 1326 3363 in
1350 3318 1448 3363 aliis
1479 3319 1611 3365 rebus
1639 3334 1718 3380 per
1743 3320 1974 3380 quandam
2004 3319 2289 3380 aggtjegatio-

326 3406 433 3437 nem
458 3391 807 3451 perfectionum,
831 3405 910 3436 seu
935 3389 1189 3435 formarum
1215 3386 1455 3440 invenitur,
1482 3395 1529 3430 ut
1561 3401 1695 3446 supra
1729 3396 2060 3442 ostensumpest
2080 3389 2145 3443 (e.
2176 3384 2286 3446 28.).

326 3458 587 3504 Intellectus
623 3469 775 3503 autem
808 3468 964 3503 noster
996 3453 1377 3516 apprehendendo
1410 3452 1716 3514 incomplexa,
1747 3454 1955 3501 nondum
1985 3452 2200 3515 pertingit
2228 3453 2287 3503 ad

327 3526 537 3571 ultimam
563 3541 695 3571 suam
722 3525 1066 3585 perfectionem,
1094 3523 1199 3583 quia
1226 3521 1373 3566 adhuc
1402 3528 1470 3564 est
1494 3520 1541 3566 in
1573 3522 1776 3581 potentia
1807 3519 2285 3582 respectucomposie

324 3594 461 3640 tionis
495 3594 589 3638 sive
622 3593 871 3647 divisionis,
899 3593 1016 3637 sicut
1041 3591 1087 3636 in
1113 3589 1392 3638 naturalibus
1419 3589 1643 3648 simplicia
1665 3599 1770 3635 sunt
1794 3591 1840 3634 in
1857 3586 2061 3649 potentia
2076 3596 2284 3647 respectu
