2332 3854
798 189 953 228 LIBER
992 187 1067 228 111.
1110 187 1230 228 CAP.
1273 187 1477 227 CXLVII.
2006 186 2108 241 515

242 290 406 336 Nullus
428 290 550 336 enim
576 299 736 350 peccat
761 303 814 333 ex
839 289 929 334 hoc
956 289 1078 349 quod
1105 289 1322 348 justitiam
1349 288 1470 333 facit.
1491 286 1671 347 Justum
1695 296 1847 332 autem
1874 297 1941 332 est
1963 287 2112 332 malos

152 358 314 418 puniri,
341 357 446 418 quia
477 370 556 416 per
587 370 786 416 poenam
819 355 951 414 culpa
982 355 1230 410 ordinatur,
1263 364 1311 400 ut
1343 369 1396 400 ex
1429 354 1695 415 supradictis
1729 355 1790 412 (c.
1822 354 1941 412 141.)
1973 364 2110 414 patet.

153 423 266 477 Non>
285 424 422 483 igitur
444 422 618 483 judices
643 432 836 482 peccant
861 421 1008 467 malos
1036 422 1278 481 puniendo.

244 490 434 535 Adhuc:
461 489 673 534 homines
690 488 768 548 qui
791 488 839 532 in
861 488 989 532 terris
1007 503 1139 547 super
1159 488 1273 533 alios
1297 487 1647 542 constituuntur,
1665 496 1768 531 sunt
1784 486 1912 547 quasi
1934 488 2114 532 divinae

154 556 465 617 providentiae
506 565 819 609 exsecutores3
850 555 977 599 Deus
1011 555 1149 609 enim,
1182 569 1261 614 per
1293 568 1401 599 suae
1433 553 1746 612 providentiae
1779 553 2003 607 ordinem,
2037 567 2116 612 per

154 623 387 683 superiora
412 621 627 668 inferiora
653 621 924 697 exsequitur,
952 631 1000 665 ut
1027 635 1081 665 ex
1107 621 1376 680 supradictis
1403 621 1463 678 (c.
1492 622 1561 679 78.
1590 630 1634 665 et
1660 619 1753 680 79.)
1779 629 1915 679 patet.
1948 619 2113 664 Nullus

156 699 323 744 autem,
348 703 403 733 ex
427 689 518 733 hoc
545 688 666 747 quod
693 687 950 747 exsequitur
977 687 1185 731 ordinem
1212 687 1391 731 divinae
1416 686 1740 745 providentiae,
1766 695 1949 746 peccat3
1978 686 2118 731 habet

155 766 309 802 autem
335 754 428 800 hoc
453 755 566 798 ordo
594 753 903 831 providentiae
930 763 979 797 ut
1003 753 1110 796 boni
1138 753 1456 812 praemientur,
1485 763 1529 797 et
1554 752 1664 797 mali
1695 753 1951 813 puniantur,
1978 763 2028 797 ut
2057 767 2114 797 ex

156 821 422 885 supradictis
447 831 582 880 patet.
608 821 715 865 Non
742 820 878 880 igitur
898 812 1110 864 homines
1134 821 1210 880 qui
1232 819 1330 864 aliis
1351 831 1564 879 praesunt
1588 829 1779 879 peccant
1802 835 1858 865 ex
1879 820 1969 865 hoc
1992 819 2115 880 quod

156 889 304 935 bonos
328 897 619 932 remunerant
646 898 690 932 et
715 886 907 947 puniunt
933 885 1094 930 malos.

245 953 480 1013 Amplius:
508 952 681 998 bonum
708 967 801 998 non
828 953 1000 1011 indiget
1022 951 1162 1006 ma10‚
1186 953 1263 997 sed
1292 967 1315 997 e
1343 967 1581 998 converso.
1603 953 1719 998 111ud
1744 953 1882 1012 igitur
1904 953 2026 1013 quod
2049 963 2118 998 est

156 1020 464 1066 necessarium
491 1020 543 1063 ad
573 1019 970 1064 conservationem
996 1019 1105 1063 boni
1131 1033 1224 1063 non
1258 1029 1407 1078 potest
1434 1033 1531 1063 esse
1557 1020 1810 1064 secundum
1843 1034 1891 1064 se
1925 1019 2116 1065 malum.

158 1087 231 1132 Ad
258 1086 653 1132 conservationem
680 1096 830 1130 autem
859 1085 1134 1129 concordiae
1167 1086 1283 1129 inter
1315 1087 1527 1130 homines
1553 1087 1861 1131 necessarium
1894 1097 1962 1131 est
1993 1087 2116 1146 quod

158 1167 332 1214 poenae
359 1152 491 1197 malis
517 1152 789 1211 infligantur.
818 1152 983 1195 Punire
1010 1152 1145 1210 igitur
1171 1151 1319 1196 malos
1346 1167 1440 1196 non
1468 1162 1535 1196 est
1562 1154 1813 1197 secundum
1847 1168 1895 1197 se
1928 1153 2117 1199 malum.

247 1221 388 1265 Item:
409 1221 583 1264 bonum
612 1233 858 1263 commune
885 1218 1048 1263 melius
1075 1229 1141 1262 est
1167 1233 1305 1278 quam
1330 1219 1504 1263 bonum
1532 1219 1801 1278 particulare
1829 1220 1973 1264 unius.
2007 1220 2119 1264 Sub-

88 1293 92 1296 ’
158 1288 428 1333 trahendum
456 1298 525 1334 est,
547 1287 684 1345 igitur
714 1287 888 1330 bonum
919 1285 1205 1345 particulare,
1239 1295 1286 1329 ut
1320 1295 1615 1330 conservetur
1647 1286 1819 1330 bonum
1853 1300 2116 1331 commune.

157 1355 264 1399 Vita
295 1364 446 1398 autem
480 1352 785 1412 quorumdam
825 1351 1142 1412 pestiferorum
1174 1352 1364 1429 impedit
1395 1366 1643 1396 commune
1674 1352 1863 1406 bonum,
1896 1353 2018 1411 quod
2051 1362 2120 1397 est

160 1420 407 1467 concordia
433 1420 662 1464 societatis
694 1419 938 1463 humanae.
975 1418 1278 1462 Subtrahendi
1310 1419 1446 1478 igitur
1479 1429 1582 1462 sunt
1613 1419 1878 1476 hujusmodi
1903 1420 2118 1464 homines

160 1502 240 1548 per
266 1497 463 1531 mortem
491 1487 543 1530 ab
570 1486 814 1530 hominum
841 1485 1077 1530 societate.

247 1554 514 1599 Praeterea:
542 1555 657 1597 sicut
679 1552 919 1596 medicus
908 1567 954 1595 m
981 1566 1062 1595 sua
1090 1552 1355 1609 operatione
1382 1552 1574 1596 intendit
1596 1553 1851 1606 sanitatem,
1870 1567 1986 1612 quae
2015 1566 2120 1597 con-

160 1620 277 1667 sistit
299 1620 347 1664 in
373 1619 579 1664 ordinata
602 1619 849 1664 concordia
874 1619 1136 1672 humorum,
1157 1619 1220 1662 ita
1241 1628 1392 1664 rector
1414 1619 1606 1663 civitatis
1632 1620 1824 1665 intendit
1844 1622 1890 1664 in
1913 1634 1994 1664 sua
2016 1634 2122 1679 ope-

160 1687 336 1732 ratione
361 1700 537 1746 pacem,
563 1700 679 1745 quae
707 1686 911 1730 consistit
936 1685 982 1729 in
1011 1685 1179 1728 civium
1206 1685 1415 1729 ordinata
1441 1685 1702 1731 concordia.
1730 1686 1935 1731 Medicus
1963 1697 2116 1738 autem

162 1753 382 1806 abscindit
406 1753 665 1797 membrum
691 1752 921 1811 putridum
954 1752 1068 1796 bene
1102 1761 1146 1795 et
1177 1751 1359 1806 utiliter,
1393 1752 1430 1796 si
1461 1766 1540 1811 per
1572 1752 1723 1811 ipsum
1753 1753 1993 1797 immineat
2025 1767 2121 1798 cor-

160 1821 308 1880 ruptio
331 1819 549 1878 corporis.
569 1819 694 1878 Juste
719 1819 856 1878 igitur
883 1828 928 1863 et
952 1819 1119 1878 absque
1145 1828 1336 1878 peccato
1364 1828 1514 1863 rector
1537 1819 1730 1864 civitatis
1752 1819 1964 1864 homines
1990 1821 2121 1879 pesti-

161 1887 289 1932 feros
308 1886 490 1939 occidit,
516 1899 579 1930 ne.
600 1900 686 1943 pax
714 1885 907 1930 civitatis
933 1886 1150 1929 turbetur.

251 1953 370 1998 Hinc
396 1962 466 1997 est
489 1952 612 2012 quod
639 1952 747 1996 dicit
771 1951 1022 2012 Apostolus
1050 1952 1104 2009 (I.
1128 1952 1237 1996 Cor.
1255 1953 1311 1996 V.
1329 1950 1421 2009 6.):
1448 1952 1626 1997 Nescitis
1661 1954 1762 2011 quia
1794 1952 2005 1998 modicum
2030 1954 2120 2012 fer-

164 2026 346 2065 mentum
371 2025 499 2064 totam
525 2032 703 2063 massam
724 2020 995 2078 corrumpit?
1024 2018 1080 2062 Et
1111 2028 1214 2077 post
1245 2033 1391 2076 pauca
1418 2018 1566 2062 subdit
1591 2019 1731 2076 (15.):
1760 2020 1933 2079 Auferte
1958 2020 2119 2064 malum

163 2102 214 2132 ex
233 2087 351 2131 vobis
374 2087 500 2144 ipsis;
529 2094 574 2129 et
599 2085 756 2142 (Rom.
783 2084 903 2129 XIII.
931 2086 995 2141 4.)
1024 2085 1187 2128 dicitur
1219 2086 1275 2130 de
1308 2094 1531 2144 potestate
1565 2095 1743 2129 terrena
1775 2086 1897 2145 quod
1923 2101 2007 2131 non
2035 2088 2122 2131 sine

165 2166 290 2199 causa
306 2152 494 2211 gladium
515 2157 676 2211 portat.
702 2152 788 2195 Dei
808 2153 917 2195 enim
938 2153 1125 2195 minister
1156 2158 1224 2205 est,
1256 2151 1411 2196 vindex
1437 2153 1481 2195 in
1503 2153 1615 2195 iram
1648 2153 1685 2197 ei
1716 2155 1788 2211 qui
1819 2153 1977 2197 malum
2004 2155 2121 2212 agit,·

165 2229 212 2265 et
234 2219 292 2277 (Ι.
316 2219 435 2264 Petr.
451 2218 506 2263 11.
530 2231 595 2276 13.
615 2227 659 2261 et
679 2218 768 2273 14.)
795 2217 979 2261 dicitur:
1001 2218 1185 2276 §abjecti
1205 2223 1320 2262 estote
1343 2219 1458 2261 omni
1484 2218 1691 2262 humanae
1716 2225 1931 2264 creaturae
1948 2226 2123 2280 propter

164 2287 318 2340 Deum,
342 2286 429 2330 sive
453 2286 555 2344 regi,
583 2286 702 2343 quasi
729 2284 1052 2343 praeeccellenti‚
1083 2286 1170 2329 sive
1191 2284 1377 2339 ducibus,
1407 2291 1619 2343 tamquam
1646 2286 1698 2329 ab
1722 2299 1765 2330 eo
1788 2286 1919 2330 missis
1949 2285 2004 2330 ad
2021 2288 2126 2332 'vin-

165 2352 317 2405 dictam
347 2351 681 2411 malefactorum,
715 2351 879 2396 laudem
910 2365 1010 2395 vero
1048 2352 1265 2396 bonorum.

253 2419 341 2464 Per
370 2418 461 2463 hoc
489 2427 638 2462 autem
667 2417 917 2463 excluditur
944 2431 1069 2462 error
1094 2418 1400 2476 quorumdam
1426 2417 1676 2462 dicentium
1709 2419 1930 2464 vindictas
1964 2434 2125 2480 corpo-

166 2484 282 2530 rales
306 2499 401 2530 non
426 2483 563 2528 licere
589 2483 700 2538 fieri,
727 2484 803 2543 qui
830 2484 886 2528 ad
913 2484 983 2528 sui
1007 2483 1327 2528 fulcimentum
1361 2485 1524 2528 erroris
1556 2485 1777 2529 inducunt
1807 2486 1929 2545 quod
1963 2486 2126 2531 dicitur

168 2551 332 2609 (Exod.
349 2550 450 2595 XX.
473 2551 575 2608 13.):
593 2551 692 2595 Non
708 2550 874 2595 occides.
893 2550 1120 2594 Inducunt
1136 2551 1275 2595 etiam
1292 2552 1414 2610 quod
1432 2551 1595 2595 dicitur
1611 2552 1733 2611 quod
1751 2552 1980 2597 Dominus
1998 2553 2129 2597 mini-

167 2618 269 2664 stris
298 2616 554 2662 volentibus
584 2617 755 2660 zizania
775 2616 992 2676 colligere
1011 2617 1067 2661 de
1086 2612 1239 2661 medio
1273 2618 1408 2662 tritici
1426 2617 1658 2676 respondit
1677 2618 1858 2676 (Matth.
1872 2620 1993 2664 XIII.
2012 2620 2126 2678 30.):

166 2684 296 2732 sinite
326 2690 503 2742 utraque
527 2698 703 2728 crescere
740 2698 864 2742 usque
896 2683 950 2727 ad
981 2699 1159 2728 messem.
1191 2684 1279 2728 Per
1319 2684 1490 2727 zizania
1533 2694 1686 2728 autem
1719 2684 1799 2728 filii
1830 2699 2030 2744 nequam
2060 2686 2126 2729 in-

167 2749 452 2807 telliguntur3
470 2763 547 2807 per
563 2763 763 2794 messem
786 2759 954 2803 autem,
971 2749 1141 2793 saeculi
1157 2749 1273 2804 finis,
1290 2760 1338 2793 ut
1354 2749 1523 2794 ibidem
1542 2750 1715 2794 dicitur.
1733 2751 1840 2795 Non
1861 2751 1998 2809 igitur
2015 2751 2128 2797 mali

169 2815 462 2860 subtrahendi
487 2825 591 2860 sunt
617 2816 671 2860 de
698 2816 850 2860 medio
884 2817 1111 2860 bonorum
1137 2831 1217 2874 per
1242 2817 1539 2860 occisionem.
1572 2817 1799 2861 Inducunt
1831 2817 1970 2862 etiam
2002 2818 2125 2878 quod

167 2882 329 2936 homo,
354 2881 572 2941 quamdiu
597 2882 643 2925 in
670 2882 842 2925 mundo
871 2892 951 2936 est,
978 2891 1127 2940 potest
1158 2882 1204 2925 in
1238 2882 1402 2926 melius
1435 2883 1740 2927 transmutari.
1774 2884 1881 2927 Non
1914 2898 2025 2943 ergo
2059 2895 2129 2930 est

168 2962 249 3008 per
274 2948 558 2993 occisionem
583 2948 914 3000 subtrahendus
942 2963 967 2992 a
993 2949 1182 3001 mundo,
1209 2949 1286 2993 sed
1315 2949 1371 2992 ad
1398 2949 1723 3006 poenitentiam
1752 2951 2065 2997 reservandus.

258 3015 385 3059 Haec
408 3024 557 3059 autem
585 3013 748 3059 frivola
769 3026 885 3059 sunt.
911 3016 1032 3059 Nam
1060 3017 1104 3059 in
1130 3015 1233 3074 lege
1261 3029 1375 3075 quae
1401 3015 1509 3059 dicit
1529 3014 1692 3073 (Exod.
1716 3016 1860 3060 XXII.
1890 3017 2000 3075 18.):
2028 3019 2130 3064 Non

171 3081 338 3134 occides,
365 3081 663 3141 postmodum
688 3081 915 3127 subditur:
943 3082 1154 3141 Maleficos
1178 3097 1260 3126 non
1283 3083 1460 3140 patieris
1489 3084 1658 3134 vivere,·
1692 3096 1744 3126 ex
1777 3097 1867 3141 quo
1902 3084 2032 3128 datur
2063 3085 2129 3128 in-

170 3146 315 3206 telligi
340 3147 621 3193 occisionem
647 3147 891 3192 hominum
913 3148 1127 3206 injustam
1147 3148 1423 3206 prohibitam
1451 3162 1572 3202 esse;
1599 3148 1721 3207 quod
1745 3149 1883 3195 etiam
1905 3164 1958 3194 ex
1979 3151 2128 3195 verbis

171 3213 364 3258 Domini
397 3223 580 3272 apparet
606 3214 788 3271 (Matth.
814 3214 870 3257 V.
905 3227 974 3258 21.
1009 3225 1053 3259 et
1085 3215 1204 3271 22.);
1239 3229 1363 3270 nam,
1397 3229 1537 3273 quum
1574 3215 1781 3260 dixisset:
1814 3216 2009 3262 Audistis.
2029 3219 2129 3276 quia

172 3280 328 3325 dictum
351 3285 408 3324 est
436 3281 639 3338 antiquis:
666 3280 764 3324 Non
797 3281 965 3334 occides,
1000 3281 1251 3339 subjunxit:
1279 3282 1368 3340 Ego
1397 3287 1535 3326 autem
1561 3281 1652 3327 dico
1673 3284 1817 3326 vobis.-
1852 3283 1970 3339 Quia
1995 3285 2130 3327 omnis

174 3347 247 3406 qui
270 3347 468 3391 irascitur
482 3346 621 3405 fratri
645 3360 732 3400 suo,
757 3361 848 3392 reus
874 3349 952 3392 erit
970 3348 1148 3405 judicio,
1174 3358 1257 3391 etc.
1285 3346 1350 3391 Ex
1367 3361 1458 3406 quo
1485 3348 1561 3392 dat
1582 3347 1832 3408 intelligere
1859 3343 1985 3392 illam
2012 3350 2131 3394 occi·

174 3414 353 3457 sionem
369 3424 472 3457 ‘esse
498 3411 775 3470 prohibitam
801 3426 917 3471 quae
943 3414 1147 3472 procedit
1167 3428 1220 3458 ex
1238 3414 1317 3467 ira,
1340 3428 1435 3458 non
1462 3424 1617 3458 autem
1639 3413 1765 3460 illam
1782 3428 1898 3474 quae
1923 3415 2130 3474 procedit

175 3494 229 3527 ex
253 3480 353 3524 zelo
378 3479 589 3539 iustitiae.
618 3479 760 3532 Quod
781 3479 919 3524 etiam
943 3481 1172 3525 Dominus
1196 3480 1302 3524 dicit
1321 3479 1504 3537 (Matth.
1521 3480 1642 3526 XIII.
1662 3482 1776 3540 29.):
1801 3481 1934 3526 Sinite
1955 3488 2130 3542 utraque

177 3560 351 3594 crescere
385 3559 509 3606 usque
541 3545 594 3590 ad
624 3560 803 3602 messem,
839 3545 1030 3607 qualiter
1067 3545 1413 3605 intelligendum
1446 3547 1503 3592 sit
1534 3543 1719 3609 apparet
1755 3562 1834 3608 per
1863 3547 1975 3593 illud
2008 3547 2132 3609 quod
