<?xml version="1.0" encoding="UTF-8"?>
<!DOCTYPE html PUBLIC "-//W3C//DTD XHTML 1.0 Transitional//EN"
    "http://www.w3.org/TR/xhtml1/DTD/xhtml1-transitional.dtd">
<html xmlns="http://www.w3.org/1999/xhtml" xml:lang="en" lang="en">
 <head>
  <title>
</title>
<meta http-equiv="Content-Type" content="text/html;charset=utf-8" />
  <meta name='ocr-system' content='tesseract 3.04.00' />
  <meta name='ocr-capabilities' content='ocr_page ocr_carea ocr_par ocr_line ocrx_word'/>
</head>
<body>
  <div class='ocr_page' id='page_1' title='image "./divithomaeaquina00thom_0225.png"; bbox 0 0 2332 3854; ppageno 0'>
   <div class='ocr_carea' id='block_1_1' title="bbox 770 231 2071 286">
    <p class='ocr_par' dir='ltr' id='par_1_1' title="bbox 770 231 2071 286">
     <span class='ocr_line' id='line_1_1' title="bbox 770 231 2071 286; baseline -0.004 -12"><span class='ocrx_word' id='word_1_1' title='bbox 770 234 927 274; x_wconf 82' lang='lat' dir='ltr'>LIBER</span> <span class='ocrx_word' id='word_1_2' title='bbox 966 234 1022 273; x_wconf 90' lang='lat'>11.</span> <span class='ocrx_word' id='word_1_3' title='bbox 1065 233 1184 273; x_wconf 82' lang='lat' dir='ltr'><strong>CAP.</strong></span> <span class='ocrx_word' id='word_1_4' title='bbox 1226 232 1414 272; x_wconf 81' lang='lat' dir='ltr'>vam.</span> <span class='ocrx_word' id='word_1_5' title='bbox 1969 231 2071 286; x_wconf 79' lang='lat'>213</span> 
     </span>
    </p>
   </div>
   <div class='ocr_carea' id='block_1_2' title="bbox 0 333 2129 3610">
    <p class='ocr_par' dir='ltr' id='par_1_2' title="bbox 0 333 2129 3610">
     <span class='ocr_line' id='line_1_2' title="bbox 22 333 2074 398; baseline -0.003 -14"><span class='ocrx_word' id='word_1_6' title='bbox 22 370 45 398; x_wconf 15' lang='lat'>„3⁷⁴</span> <span class='ocrx_word' id='word_1_7' title='bbox 137 362 139 365; x_wconf 94' lang='lat'>·</span> <span class='ocrx_word' id='word_1_8' title='bbox 201 338 306 383; x_wconf 85' lang='lat' dir='ltr'>Hoc</span> <span class='ocrx_word' id='word_1_9' title='bbox 331 346 487 382; x_wconf 89' lang='lat' dir='ltr'>autem</span> <span class='ocrx_word' id='word_1_10' title='bbox 514 335 654 383; x_wconf 85' lang='lat' dir='ltr'>modo</span> <span class='ocrx_word' id='word_1_11' title='bbox 681 336 899 382; x_wconf 85' lang='lat' dir='ltr'>mirabilis</span> <span class='ocrx_word' id='word_1_12' title='bbox 932 351 1083 382; x_wconf 89' lang='lat' dir='ltr'>rerum</span> <span class='ocrx_word' id='word_1_13' title='bbox 1116 336 1343 383; x_wconf 84' lang='lat' dir='ltr'>connexio</span> <span class='ocrx_word' id='word_1_14' title='bbox 1371 333 1649 381; x_wconf 90' lang='lat' dir='ltr'>considerari</span> <span class='ocrx_word' id='word_1_15' title='bbox 1679 344 1842 394; x_wconf 84' lang='lat' dir='ltr'>potest.</span> <span class='ocrx_word' id='word_1_16' title='bbox 1878 334 2074 394; x_wconf 86' lang='lat' dir='ltr'>Semper</span> 
     </span>
     <span class='ocr_line' id='line_1_3' title="bbox 115 401 2079 463; baseline -0.003 -13.28"><span class='ocrx_word' id='word_1_17' title='bbox 115 403 239 456; x_wconf 76' lang='lat' dir='ltr'>enim</span> <span class='ocrx_word' id='word_1_18' title='bbox 260 404 484 449; x_wconf 88' lang='lat' dir='ltr'>invenitur</span> <span class='ocrx_word' id='word_1_19' title='bbox 509 402 719 448; x_wconf 77' lang='lat' dir='ltr'>infimum</span> <span class='ocrx_word' id='word_1_20' title='bbox 744 404 946 462; x_wconf 88' lang='lat' dir='ltr'><strong>supremi</strong></span> <span class='ocrx_word' id='word_1_21' title='bbox 973 405 1151 463; x_wconf 88' lang='lat' dir='ltr'>generis</span> <span class='ocrx_word' id='word_1_22' title='bbox 1175 403 1441 461; x_wconf 87' lang='lat' dir='ltr'>contingere</span> <span class='ocrx_word' id='word_1_23' title='bbox 1467 415 1732 462; x_wconf 72' lang='lat' dir='ltr'>supremum</span> <span class='ocrx_word' id='word_1_24' title='bbox 1754 401 1978 445; x_wconf 87' lang='lat' dir='ltr'>inferioris</span> <span class='ocrx_word' id='word_1_25' title='bbox 2006 415 2079 460; x_wconf 92' lang='lat' dir='ltr'>ge-</span> 
     </span>
     <span class='ocr_line' id='line_1_4' title="bbox 114 467 2076 530; baseline -0.002 -14.222"><span class='ocrx_word' id='word_1_26' title='bbox 114 471 259 526; x_wconf 85' lang='lat' dir='ltr'>neris;</span> <span class='ocrx_word' id='word_1_27' title='bbox 290 470 408 515; x_wconf 90' lang='lat' dir='ltr'>sicut</span> <span class='ocrx_word' id='word_1_28' title='bbox 443 467 669 530; x_wconf 82' lang='lat' dir='ltr'><strong>quaedam</strong></span> <span class='ocrx_word' id='word_1_29' title='bbox 700 469 857 515; x_wconf 87' lang='lat' dir='ltr'>infima</span> <span class='ocrx_word' id='word_1_30' title='bbox 893 470 939 514; x_wconf 93' lang='lat' dir='ltr'>in</span> <span class='ocrx_word' id='word_1_31' title='bbox 975 485 1142 529; x_wconf 88' lang='lat' dir='ltr'>genere</span> <span class='ocrx_word' id='word_1_32' title='bbox 1181 470 1450 515; x_wconf 85' lang='lat' dir='ltr'>animalium</span> <span class='ocrx_word' id='word_1_33' title='bbox 1485 483 1646 529; x_wconf 89' lang='lat' dir='ltr'>parum</span> <span class='ocrx_word' id='word_1_34' title='bbox 1685 469 1910 513; x_wconf 88' lang='lat' dir='ltr'>excedunt</span> <span class='ocrx_word' id='word_1_35' title='bbox 1934 468 2076 512; x_wconf 89' lang='lat' dir='ltr'>vitam</span> 
     </span>
     <span class='ocr_line' id='line_1_5' title="bbox 54 535 2078 598; baseline -0.002 -15.066"><span class='ocrx_word' id='word_1_36' title='bbox 54 564 56 567; x_wconf 62' lang='grc'><strong><em>»</em></strong></span> <span class='ocrx_word' id='word_1_37' title='bbox 114 535 385 598; x_wconf 83' lang='lat' dir='ltr'>plantarum,</span> <span class='ocrx_word' id='word_1_38' title='bbox 403 538 520 582; x_wconf 90' lang='lat' dir='ltr'>sicut</span> <span class='ocrx_word' id='word_1_39' title='bbox 540 546 690 582; x_wconf 88' lang='lat' dir='ltr'>ostrea</span> <span class='ocrx_word' id='word_1_40' title='bbox 705 550 821 595; x_wconf 93' lang='lat' dir='ltr'>quae</span> <span class='ocrx_word' id='word_1_41' title='bbox 838 547 942 581; x_wconf 87' lang='lat' dir='ltr'>sunt</span> <span class='ocrx_word' id='word_1_42' title='bbox 963 537 1220 582; x_wconf 85' lang='lat' dir='ltr'>immobilia</span> <span class='ocrx_word' id='word_1_43' title='bbox 1239 535 1292 583; x_wconf 48' lang='lat' dir='ltr'>‘et</span> <span class='ocrx_word' id='word_1_44' title='bbox 1312 537 1467 582; x_wconf 77' lang='lat' dir='ltr'>solum</span> <span class='ocrx_word' id='word_1_45' title='bbox 1484 546 1659 580; x_wconf 87' lang='lat' dir='ltr'>tactum</span> <span class='ocrx_word' id='word_1_46' title='bbox 1675 535 1846 580; x_wconf 89' lang='lat' dir='ltr'>habent</span> <span class='ocrx_word' id='word_1_47' title='bbox 1867 546 1912 580; x_wconf 88' lang='lat' dir='ltr'>et</span> <span class='ocrx_word' id='word_1_48' title='bbox 1932 545 2078 579; x_wconf 90' lang='lat' dir='ltr'>terrae</span> 
     </span>
     <span class='ocr_line' id='line_1_6' title="bbox 114 602 2078 663; baseline -0 -15.045"><span class='ocrx_word' id='word_1_49' title='bbox 114 602 162 649; x_wconf 88' lang='lat' dir='ltr'>in</span> <span class='ocrx_word' id='word_1_50' title='bbox 179 603 373 648; x_wconf 88' lang='lat' dir='ltr'>modum</span> <span class='ocrx_word' id='word_1_51' title='bbox 390 602 648 662; x_wconf 87' lang='lat' dir='ltr'>plantarum</span> <span class='ocrx_word' id='word_1_52' title='bbox 665 602 929 661; x_wconf 81' lang='lat' dir='ltr'>affiguntur3</span> <span class='ocrx_word' id='word_1_53' title='bbox 957 604 1076 648; x_wconf 90' lang='lat' dir='ltr'>unde</span> <span class='ocrx_word' id='word_1_54' title='bbox 1106 614 1150 648; x_wconf 90' lang='lat' dir='ltr'>et</span> <span class='ocrx_word' id='word_1_55' title='bbox 1177 604 1334 648; x_wconf 73' lang='lat' dir='ltr'>beatus</span> <span class='ocrx_word' id='word_1_56' title='bbox 1358 603 1608 663; x_wconf 89' lang='lat' dir='ltr'>Dionysius</span> <span class='ocrx_word' id='word_1_57' title='bbox 1626 602 1735 648; x_wconf 90' lang='lat' dir='ltr'>dicit</span> <span class='ocrx_word' id='word_1_58' title='bbox 1750 602 1872 661; x_wconf 92' lang='lat' dir='ltr'><strong>(VII.</strong></span> <span class='ocrx_word' id='word_1_59' title='bbox 1891 616 1988 661; x_wconf 90' lang='lat' dir='ltr'>cap.</span> <span class='ocrx_word' id='word_1_60' title='bbox 2005 602 2078 647; x_wconf 90' lang='lat' dir='ltr'>De</span> 
     </span>
     <span class='ocr_line' id='line_1_7' title="bbox 34 668 2079 731; baseline -0.002 -16.006"><span class='ocrx_word' id='word_1_61' title='bbox 34 683 46 731; x_wconf 64' lang='lat' dir='ltr'>vJ</span> <span class='ocrx_word' id='word_1_62' title='bbox 115 669 205 715; x_wconf 85' lang='lat' dir='ltr'>div.</span> <span class='ocrx_word' id='word_1_63' title='bbox 233 671 447 728; x_wconf 90' lang='lat' dir='ltr'>nomin.),</span> <span class='ocrx_word' id='word_1_64' title='bbox 460 671 582 730; x_wconf 93' lang='lat' dir='ltr'>quod</span> <span class='ocrx_word' id='word_1_65' title='bbox 603 670 791 715; x_wconf 81' lang='lat' dir='ltr'>«divina</span> <span class='ocrx_word' id='word_1_66' title='bbox 813 671 1033 729; x_wconf 85' lang='lat' dir='ltr'>sapientia</span> <span class='ocrx_word' id='word_1_67' title='bbox 1055 671 1293 729; x_wconf 84' lang='lat' dir='ltr'>conjungit</span> <span class='ocrx_word' id='word_1_68' title='bbox 1318 670 1430 715; x_wconf 87' lang='lat' dir='ltr'>fines</span> <span class='ocrx_word' id='word_1_69' title='bbox 1453 670 1740 730; x_wconf 85' lang='lat' dir='ltr'>superiorum</span> <span class='ocrx_word' id='word_1_70' title='bbox 1761 669 1993 728; x_wconf 88' lang='lat' dir='ltr'>principiis</span> <span class='ocrx_word' id='word_1_71' title='bbox 2015 668 2079 712; x_wconf 91' lang='lat' dir='ltr'>in-</span> 
     </span>
     <span class='ocr_line' id='line_1_8' title="bbox 112 734 2079 796; baseline -0.003 -13"><span class='ocrx_word' id='word_1_72' title='bbox 112 735 331 783; x_wconf 81' lang='lat' dir='ltr'>feriorum</span> <span class='ocrx_word' id='word_1_73' title='bbox 350 754 389 783; x_wconf 85' lang='lat'>».</span> <span class='ocrx_word' id='word_1_74' title='bbox 416 737 495 782; x_wconf 89' lang='lat' dir='ltr'>Est</span> <span class='ocrx_word' id='word_1_75' title='bbox 520 737 657 796; x_wconf 87' lang='lat' dir='ltr'>igitur</span> <span class='ocrx_word' id='word_1_76' title='bbox 690 737 895 796; x_wconf 91' lang='lat' dir='ltr'>accipere</span> <span class='ocrx_word' id='word_1_77' title='bbox 923 737 1093 795; x_wconf 91' lang='lat' dir='ltr'>aliquid</span> <span class='ocrx_word' id='word_1_78' title='bbox 1127 737 1173 780; x_wconf 90' lang='lat' dir='ltr'>in</span> <span class='ocrx_word' id='word_1_79' title='bbox 1211 751 1378 796; x_wconf 88' lang='lat' dir='ltr'>genere</span> <span class='ocrx_word' id='word_1_80' title='bbox 1417 750 1679 795; x_wconf 90' lang='lat' dir='ltr'>corporum,</span> <span class='ocrx_word' id='word_1_81' title='bbox 1705 734 1881 780; x_wconf 90' lang='lat' dir='ltr'>scilicet</span> <span class='ocrx_word' id='word_1_82' title='bbox 1913 748 2079 792; x_wconf 91' lang='lat' dir='ltr'>corpus</span> 
     </span>
     <span class='ocr_line' id='line_1_9' title="bbox 21 801 2079 863; baseline -0.002 -15"><span class='ocrx_word' id='word_1_83' title='bbox 21 846 28 854; x_wconf 68' lang='grc'>,</span> <span class='ocrx_word' id='word_1_84' title='bbox 50 812 53 814; x_wconf 67' lang='grc'><em>”</em></span> <span class='ocrx_word' id='word_1_85' title='bbox 113 803 383 859; x_wconf 89' lang='lat' dir='ltr'>humanum,</span> <span class='ocrx_word' id='word_1_86' title='bbox 410 804 660 863; x_wconf 85' lang='lat' dir='ltr'>aequaliter</span> <span class='ocrx_word' id='word_1_87' title='bbox 686 803 1120 863; x_wconf 89' lang='lat' dir='ltr'>complexionatum,</span> <span class='ocrx_word' id='word_1_88' title='bbox 1147 804 1270 862; x_wconf 92' lang='lat' dir='ltr'>quod</span> <span class='ocrx_word' id='word_1_89' title='bbox 1299 803 1478 862; x_wconf 87' lang='lat' dir='ltr'>attingit</span> <span class='ocrx_word' id='word_1_90' title='bbox 1511 803 1567 847; x_wconf 93' lang='lat' dir='ltr'>ad</span> <span class='ocrx_word' id='word_1_91' title='bbox 1599 801 1808 847; x_wconf 85' lang='lat' dir='ltr'>infimum</span> <span class='ocrx_word' id='word_1_92' title='bbox 1835 801 2079 861; x_wconf 91' lang='lat' dir='ltr'>superioris</span> 
     </span>
     <span class='ocr_line' id='line_1_10' title="bbox 38 869 2077 933; baseline -0.002 -17"><span class='ocrx_word' id='word_1_93' title='bbox 38 930 41 933; x_wconf 18' lang='lat' dir='ltr'>v</span> <span class='ocrx_word' id='word_1_94' title='bbox 113 871 304 931; x_wconf 86' lang='lat' dir='ltr'>generis,</span> <span class='ocrx_word' id='word_1_95' title='bbox 330 869 504 915; x_wconf 87' lang='lat' dir='ltr'>scilicet</span> <span class='ocrx_word' id='word_1_96' title='bbox 526 870 581 914; x_wconf 91' lang='lat' dir='ltr'>ad</span> <span class='ocrx_word' id='word_1_97' title='bbox 604 870 807 915; x_wconf 91' lang='lat' dir='ltr'>animam</span> <span class='ocrx_word' id='word_1_98' title='bbox 829 871 1081 914; x_wconf 87' lang='lat' dir='ltr'>humanam</span> <span class='ocrx_word' id='word_1_99' title='bbox 1106 885 1222 929; x_wconf 87' lang='lat' dir='ltr'>quae</span> <span class='ocrx_word' id='word_1_100' title='bbox 1244 880 1367 914; x_wconf 91' lang='lat' dir='ltr'>tenet</span> <span class='ocrx_word' id='word_1_101' title='bbox 1390 870 1603 914; x_wconf 90' lang='lat' dir='ltr'>ultimum</span> <span class='ocrx_word' id='word_1_102' title='bbox 1627 869 1818 928; x_wconf 89' lang='lat' dir='ltr'>gradum</span> <span class='ocrx_word' id='word_1_103' title='bbox 1840 869 1887 912; x_wconf 92' lang='lat' dir='ltr'>in</span> <span class='ocrx_word' id='word_1_104' title='bbox 1909 882 2077 927; x_wconf 86' lang='lat' dir='ltr'>genere</span> 
     </span>
     <span class='ocr_line' id='line_1_11' title="bbox 28 934 2077 996; baseline -0.002 -13"><span class='ocrx_word' id='word_1_105' title='bbox 28 955 50 994; x_wconf 58' lang='grc' dir='ltr'>,χ</span> <span class='ocrx_word' id='word_1_106' title='bbox 112 936 489 984; x_wconf 86' lang='lat' dir='ltr'>intellectualium</span> <span class='ocrx_word' id='word_1_107' title='bbox 516 938 883 993; x_wconf 89' lang='lat' dir='ltr'>substantiarum,</span> <span class='ocrx_word' id='word_1_108' title='bbox 911 948 959 981; x_wconf 89' lang='lat' dir='ltr'>ut</span> <span class='ocrx_word' id='word_1_109' title='bbox 976 952 1029 981; x_wconf 86' lang='lat' dir='ltr'>ex</span> <span class='ocrx_word' id='word_1_110' title='bbox 1048 938 1188 981; x_wconf 90' lang='lat' dir='ltr'>modo</span> <span class='ocrx_word' id='word_1_111' title='bbox 1211 937 1497 996; x_wconf 90' lang='lat' dir='ltr'>intelligendi</span> <span class='ocrx_word' id='word_1_112' title='bbox 1522 936 1695 996; x_wconf 86' lang='lat' dir='ltr'>percipi</span> <span class='ocrx_word' id='word_1_113' title='bbox 1720 945 1883 994; x_wconf 90' lang='lat' dir='ltr'>potest.</span> <span class='ocrx_word' id='word_1_114' title='bbox 1901 935 1957 980; x_wconf 89' lang='lat' dir='ltr'>Et</span> <span class='ocrx_word' id='word_1_115' title='bbox 1972 934 2077 979; x_wconf 91' lang='lat' dir='ltr'>inde</span> 
     </span>
     <span class='ocr_line' id='line_1_12' title="bbox 36 999 2076 1064; baseline -0.001 -15"><span class='ocrx_word' id='word_1_116' title='bbox 36 999 40 1003; x_wconf 31' lang='lat'><em>⁸</em></span> <span class='ocrx_word' id='word_1_117' title='bbox 113 1014 182 1050; x_wconf 89' lang='lat' dir='ltr'>est</span> <span class='ocrx_word' id='word_1_118' title='bbox 205 1005 327 1064; x_wconf 92' lang='lat' dir='ltr'>quod</span> <span class='ocrx_word' id='word_1_119' title='bbox 355 1005 508 1048; x_wconf 87' lang='lat' dir='ltr'>anima</span> <span class='ocrx_word' id='word_1_120' title='bbox 532 1003 852 1048; x_wconf 87' lang='lat' dir='ltr'>intellectualis</span> <span class='ocrx_word' id='word_1_121' title='bbox 875 1004 1038 1048; x_wconf 88' lang='lat' dir='ltr'>dicitur</span> <span class='ocrx_word' id='word_1_122' title='bbox 1061 1018 1159 1048; x_wconf 89' lang='lat' dir='ltr'>esse</span> <span class='ocrx_word' id='word_1_123' title='bbox 1178 1005 1306 1063; x_wconf 89' lang='lat' dir='ltr'>quasi</span> <span class='ocrx_word' id='word_1_124' title='bbox 1324 1003 1510 1063; x_wconf 90' lang='lat' dir='ltr'>quidam</span> <span class='ocrx_word' id='word_1_125' title='bbox 1535 1003 1730 1047; x_wconf 86' lang='lat' dir='ltr'>horizon</span> <span class='ocrx_word' id='word_1_126' title='bbox 1757 1013 1802 1047; x_wconf 93' lang='lat' dir='ltr'>et</span> <span class='ocrx_word' id='word_1_127' title='bbox 1826 1002 2076 1047; x_wconf 88' lang='lat' dir='ltr'>confinium</span> 
     </span>
     <span class='ocr_line' id='line_1_13' title="bbox 54 1070 2081 1131; baseline -0.001 -15"><span class='ocrx_word' id='word_1_128' title='bbox 54 1124 60 1131; x_wconf 46' lang='grc'><em>,</em></span> <span class='ocrx_word' id='word_1_129' title='bbox 113 1084 441 1131; x_wconf 90' lang='lat' dir='ltr'>corporeorum</span> <span class='ocrx_word' id='word_1_130' title='bbox 465 1080 509 1115; x_wconf 91' lang='lat' dir='ltr'>et</span> <span class='ocrx_word' id='word_1_131' title='bbox 532 1070 927 1130; x_wconf 91' lang='lat' dir='ltr'>incorporeorum,</span> <span class='ocrx_word' id='word_1_132' title='bbox 960 1071 1005 1114; x_wconf 91' lang='lat' dir='ltr'>in</span> <span class='ocrx_word' id='word_1_133' title='bbox 1040 1081 1261 1130; x_wconf 89' lang='lat' dir='ltr'>quantum</span> <span class='ocrx_word' id='word_1_134' title='bbox 1288 1081 1356 1115; x_wconf 92' lang='lat' dir='ltr'>est</span> <span class='ocrx_word' id='word_1_135' title='bbox 1381 1071 1631 1115; x_wconf 88' lang='lat' dir='ltr'>substantia</span> <span class='ocrx_word' id='word_1_136' title='bbox 1663 1070 1949 1128; x_wconf 89' lang='lat' dir='ltr'>incorporea,</span> <span class='ocrx_word' id='word_1_137' title='bbox 1984 1083 2081 1113; x_wconf 90' lang='lat' dir='ltr'>cor-</span> 
     </span>
     <span class='ocr_line' id='line_1_14' title="bbox 39 1135 2078 1200; baseline -0.002 -16"><span class='ocrx_word' id='word_1_138' title='bbox 39 1142 42 1146; x_wconf 80' lang='grc'>’</span> <span class='ocrx_word' id='word_1_139' title='bbox 112 1139 236 1200; x_wconf 91' lang='lat' dir='ltr'>poris</span> <span class='ocrx_word' id='word_1_140' title='bbox 260 1149 415 1183; x_wconf 90' lang='lat' dir='ltr'>tamen</span> <span class='ocrx_word' id='word_1_141' title='bbox 439 1137 603 1184; x_wconf 85' lang='lat' dir='ltr'>forma.</span> <span class='ocrx_word' id='word_1_142' title='bbox 629 1138 737 1183; x_wconf 93' lang='lat' dir='ltr'>Non</span> <span class='ocrx_word' id='word_1_143' title='bbox 766 1149 919 1183; x_wconf 89' lang='lat' dir='ltr'>autem</span> <span class='ocrx_word' id='word_1_144' title='bbox 948 1138 1096 1183; x_wconf 87' lang='lat' dir='ltr'>minus</span> <span class='ocrx_word' id='word_1_145' title='bbox 1124 1148 1191 1183; x_wconf 92' lang='lat' dir='ltr'>est</span> <span class='ocrx_word' id='word_1_146' title='bbox 1218 1137 1387 1197; x_wconf 86' lang='lat' dir='ltr'>aliquid</span> <span class='ocrx_word' id='word_1_147' title='bbox 1415 1152 1559 1181; x_wconf 90' lang='lat' dir='ltr'>unum</span> <span class='ocrx_word' id='word_1_148' title='bbox 1586 1151 1640 1181; x_wconf 91' lang='lat' dir='ltr'>ex</span> <span class='ocrx_word' id='word_1_149' title='bbox 1667 1137 1915 1181; x_wconf 89' lang='lat' dir='ltr'>substantia</span> <span class='ocrx_word' id='word_1_150' title='bbox 1946 1135 2078 1180; x_wconf 91' lang='lat' dir='ltr'>intel-</span> 
     </span>
     <span class='ocr_line' id='line_1_15' title="bbox 18 1198 2078 1265; baseline -0.002 -14"><span class='ocrx_word' id='word_1_151' title='bbox 18 1198 25 1206; x_wconf 73' lang='grc'><em>’</em></span> <span class='ocrx_word' id='word_1_152' title='bbox 111 1204 297 1251; x_wconf 86' lang='lat' dir='ltr'>lectuali</span> <span class='ocrx_word' id='word_1_153' title='bbox 322 1215 366 1251; x_wconf 90' lang='lat' dir='ltr'>et</span> <span class='ocrx_word' id='word_1_154' title='bbox 390 1205 583 1250; x_wconf 90' lang='lat' dir='ltr'>materia</span> <span class='ocrx_word' id='word_1_155' title='bbox 609 1205 837 1264; x_wconf 88' lang='lat' dir='ltr'>corporali</span> <span class='ocrx_word' id='word_1_156' title='bbox 864 1220 1002 1265; x_wconf 90' lang='lat' dir='ltr'>quam</span> <span class='ocrx_word' id='word_1_157' title='bbox 1029 1220 1082 1250; x_wconf 89' lang='lat' dir='ltr'>ex</span> <span class='ocrx_word' id='word_1_158' title='bbox 1108 1204 1258 1249; x_wconf 91' lang='lat' dir='ltr'>forma</span> <span class='ocrx_word' id='word_1_159' title='bbox 1283 1204 1401 1264; x_wconf 90' lang='lat' dir='ltr'>ignis</span> <span class='ocrx_word' id='word_1_160' title='bbox 1429 1215 1474 1249; x_wconf 93' lang='lat' dir='ltr'>et</span> <span class='ocrx_word' id='word_1_161' title='bbox 1500 1206 1597 1263; x_wconf 91' lang='lat' dir='ltr'>ejus</span> <span class='ocrx_word' id='word_1_162' title='bbox 1624 1205 1830 1258; x_wconf 89' lang='lat' dir='ltr'>materia,</span> <span class='ocrx_word' id='word_1_163' title='bbox 1856 1203 1935 1248; x_wconf 90' lang='lat' dir='ltr'>sed</span> <span class='ocrx_word' id='word_1_164' title='bbox 1960 1202 2078 1247; x_wconf 93' lang='lat' dir='ltr'>forte</span> 
     </span>
     <span class='ocr_line' id='line_1_16' title="bbox 111 1271 2076 1333; baseline 0.001 -18.911"><span class='ocrx_word' id='word_1_165' title='bbox 111 1273 282 1333; x_wconf 84' lang='lat' dir='ltr'>magis3</span> <span class='ocrx_word' id='word_1_166' title='bbox 307 1272 412 1333; x_wconf 91' lang='lat' dir='ltr'>quia</span> <span class='ocrx_word' id='word_1_167' title='bbox 444 1282 615 1332; x_wconf 90' lang='lat' dir='ltr'>quanto</span> <span class='ocrx_word' id='word_1_168' title='bbox 648 1271 798 1318; x_wconf 89' lang='lat' dir='ltr'>forma</span> <span class='ocrx_word' id='word_1_169' title='bbox 834 1273 982 1332; x_wconf 92' lang='lat' dir='ltr'>magis</span> <span class='ocrx_word' id='word_1_170' title='bbox 1007 1273 1148 1318; x_wconf 88' lang='lat' dir='ltr'>vincit</span> <span class='ocrx_word' id='word_1_171' title='bbox 1184 1273 1441 1327; x_wconf 87' lang='lat' dir='ltr'>materiam,</span> <span class='ocrx_word' id='word_1_172' title='bbox 1477 1281 1605 1317; x_wconf 91' lang='lat' dir='ltr'>tanto</span> <span class='ocrx_word' id='word_1_173' title='bbox 1633 1285 1687 1316; x_wconf 89' lang='lat' dir='ltr'>ex</span> <span class='ocrx_word' id='word_1_174' title='bbox 1716 1285 1770 1315; x_wconf 91' lang='lat' dir='ltr'>ea</span> <span class='ocrx_word' id='word_1_175' title='bbox 1806 1281 1852 1317; x_wconf 91' lang='lat' dir='ltr'>et</span> <span class='ocrx_word' id='word_1_176' title='bbox 1887 1272 2076 1316; x_wconf 90' lang='lat' dir='ltr'>materia</span> 
     </span>
     <span class='ocr_line' id='line_1_17' title="bbox 112 1339 660 1399; baseline 0 -14"><span class='ocrx_word' id='word_1_177' title='bbox 112 1339 260 1399; x_wconf 87' lang='lat' dir='ltr'>magis</span> <span class='ocrx_word' id='word_1_178' title='bbox 286 1339 478 1384; x_wconf 89' lang='lat' dir='ltr'>efficitur</span> <span class='ocrx_word' id='word_1_179' title='bbox 504 1354 660 1385; x_wconf 90' lang='lat' dir='ltr'>unum.</span> 
     </span>
     <span class='ocr_line' id='line_1_18' title="bbox 23 1405 2080 1464; baseline -0.001 -13"><span class='ocrx_word' id='word_1_180' title='bbox 23 1442 44 1452; x_wconf 95' lang='grc'>..</span> <span class='ocrx_word' id='word_1_181' title='bbox 134 1428 136 1430; x_wconf 91' lang='grc'><strong><em>·</em></strong></span> <span class='ocrx_word' id='word_1_182' title='bbox 203 1405 430 1460; x_wconf 85' lang='lat' dir='ltr'>Quamvis</span> <span class='ocrx_word' id='word_1_183' title='bbox 463 1416 616 1451; x_wconf 90' lang='lat' dir='ltr'>autem</span> <span class='ocrx_word' id='word_1_184' title='bbox 642 1407 700 1451; x_wconf 89' lang='lat' dir='ltr'>sit</span> <span class='ocrx_word' id='word_1_185' title='bbox 724 1421 867 1451; x_wconf 91' lang='lat' dir='ltr'>unum</span> <span class='ocrx_word' id='word_1_186' title='bbox 901 1420 999 1452; x_wconf 92' lang='lat' dir='ltr'>esse</span> <span class='ocrx_word' id='word_1_187' title='bbox 1029 1406 1207 1451; x_wconf 89' lang='lat' dir='ltr'>formae</span> <span class='ocrx_word' id='word_1_188' title='bbox 1239 1416 1284 1451; x_wconf 92' lang='lat' dir='ltr'>et</span> <span class='ocrx_word' id='word_1_189' title='bbox 1314 1406 1549 1461; x_wconf 89' lang='lat' dir='ltr'>materiae,</span> <span class='ocrx_word' id='word_1_190' title='bbox 1581 1420 1676 1450; x_wconf 91' lang='lat' dir='ltr'>non</span> <span class='ocrx_word' id='word_1_191' title='bbox 1709 1415 1864 1450; x_wconf 90' lang='lat' dir='ltr'>tamen</span> <span class='ocrx_word' id='word_1_192' title='bbox 1896 1413 2080 1464; x_wconf 88' lang='lat' dir='ltr'>oportet</span> 
     </span>
     <span class='ocr_line' id='line_1_19' title="bbox 33 1471 2078 1535; baseline -0.003 -15.044"><span class='ocrx_word' id='word_1_193' title='bbox 33 1515 52 1533; x_wconf 16' lang='grc' dir='ltr'>,ρ</span> <span class='ocrx_word' id='word_1_194' title='bbox 111 1473 235 1535; x_wconf 81' lang='lat' dir='ltr'>quod</span> <span class='ocrx_word' id='word_1_195' title='bbox 252 1473 442 1518; x_wconf 89' lang='lat' dir='ltr'>materia</span> <span class='ocrx_word' id='word_1_196' title='bbox 458 1487 640 1533; x_wconf 89' lang='lat' dir='ltr'>semper</span> <span class='ocrx_word' id='word_1_197' title='bbox 657 1473 881 1532; x_wconf 91' lang='lat' dir='ltr'>adaequet</span> <span class='ocrx_word' id='word_1_198' title='bbox 898 1488 995 1518; x_wconf 91' lang='lat' dir='ltr'>esse</span> <span class='ocrx_word' id='word_1_199' title='bbox 1014 1473 1215 1528; x_wconf 84' lang='lat' dir='ltr'>formae3</span> <span class='ocrx_word' id='word_1_200' title='bbox 1241 1473 1387 1517; x_wconf 91' lang='lat' dir='ltr'>immo</span> <span class='ocrx_word' id='word_1_201' title='bbox 1411 1482 1580 1532; x_wconf 91' lang='lat' dir='ltr'>quanto</span> <span class='ocrx_word' id='word_1_202' title='bbox 1603 1471 1752 1517; x_wconf 88' lang='lat' dir='ltr'>forma</span> <span class='ocrx_word' id='word_1_203' title='bbox 1775 1482 1843 1516; x_wconf 92' lang='lat' dir='ltr'>est</span> <span class='ocrx_word' id='word_1_204' title='bbox 1862 1471 2078 1525; x_wconf 89' lang='lat' dir='ltr'>nobilior,</span> 
     </span>
     <span class='ocr_line' id='line_1_20' title="bbox 110 1539 2080 1599; baseline -0.001 -14.111"><span class='ocrx_word' id='word_1_205' title='bbox 110 1550 239 1590; x_wconf 84' lang='lat' dir='ltr'>tanto</span> <span class='ocrx_word' id='word_1_206' title='bbox 273 1540 322 1586; x_wconf 88' lang='lat' dir='ltr'>in</span> <span class='ocrx_word' id='word_1_207' title='bbox 355 1554 440 1585; x_wconf 90' lang='lat' dir='ltr'>suo</span> <span class='ocrx_word' id='word_1_208' title='bbox 476 1554 576 1585; x_wconf 90' lang='lat' dir='ltr'>esse</span> <span class='ocrx_word' id='word_1_209' title='bbox 612 1554 792 1599; x_wconf 90' lang='lat' dir='ltr'>semper</span> <span class='ocrx_word' id='word_1_210' title='bbox 828 1541 1003 1585; x_wconf 87' lang='lat' dir='ltr'>excedit</span> <span class='ocrx_word' id='word_1_211' title='bbox 1030 1541 1295 1594; x_wconf 83' lang='lat' dir='ltr'>materiam3</span> <span class='ocrx_word' id='word_1_212' title='bbox 1332 1541 1455 1599; x_wconf 91' lang='lat' dir='ltr'>quod</span> <span class='ocrx_word' id='word_1_213' title='bbox 1481 1550 1604 1599; x_wconf 86' lang='lat' dir='ltr'>patet</span> <span class='ocrx_word' id='word_1_214' title='bbox 1633 1539 1892 1598; x_wconf 88' lang='lat' dir='ltr'>inspicienti</span> <span class='ocrx_word' id='word_1_215' title='bbox 1922 1549 2080 1598; x_wconf 87' lang='lat' dir='ltr'>opera-</span> 
     </span>
     <span class='ocr_line' id='line_1_21' title="bbox 18 1605 2078 1666; baseline -0.001 -13"><span class='ocrx_word' id='word_1_216' title='bbox 18 1608 55 1662; x_wconf 60' lang='lat' dir='ltr'>&#39;‘ssss</span> <span class='ocrx_word' id='word_1_217' title='bbox 111 1607 260 1653; x_wconf 89' lang='lat' dir='ltr'>tiones</span> <span class='ocrx_word' id='word_1_218' title='bbox 295 1606 574 1662; x_wconf 58' lang='lat' dir='ltr'>formarum,</span> <span class='ocrx_word' id='word_1_219' title='bbox 603 1621 658 1651; x_wconf 89' lang='lat' dir='ltr'>ex</span> <span class='ocrx_word' id='word_1_220' title='bbox 694 1621 886 1666; x_wconf 90' lang='lat' dir='ltr'>quarum</span> <span class='ocrx_word' id='word_1_221' title='bbox 920 1608 1287 1652; x_wconf 85' lang='lat' dir='ltr'>consideratione</span> <span class='ocrx_word' id='word_1_222' title='bbox 1321 1621 1478 1651; x_wconf 90' lang='lat' dir='ltr'>earum</span> <span class='ocrx_word' id='word_1_223' title='bbox 1515 1617 1698 1651; x_wconf 90' lang='lat' dir='ltr'>naturas</span> <span class='ocrx_word' id='word_1_224' title='bbox 1736 1605 2078 1665; x_wconf 77' lang='lat' dir='ltr'>cognoscimus·</span> 
     </span>
     <span class='ocr_line' id='line_1_22' title="bbox 113 1672 2077 1734; baseline -0.002 -13.203"><span class='ocrx_word' id='word_1_225' title='bbox 113 1674 488 1734; x_wconf 88' lang='lat' dir='ltr'>Unumquodque</span> <span class='ocrx_word' id='word_1_226' title='bbox 515 1674 639 1718; x_wconf 92' lang='lat' dir='ltr'>enim</span> <span class='ocrx_word' id='word_1_227' title='bbox 671 1683 883 1733; x_wconf 90' lang='lat' dir='ltr'>operatur</span> <span class='ocrx_word' id='word_1_228' title='bbox 914 1674 1167 1719; x_wconf 89' lang='lat' dir='ltr'>secundum</span> <span class='ocrx_word' id='word_1_229' title='bbox 1201 1674 1324 1734; x_wconf 93' lang='lat' dir='ltr'>quod</span> <span class='ocrx_word' id='word_1_230' title='bbox 1351 1684 1441 1729; x_wconf 84' lang='lat' dir='ltr'>est3</span> <span class='ocrx_word' id='word_1_231' title='bbox 1474 1674 1594 1718; x_wconf 91' lang='lat' dir='ltr'>unde</span> <span class='ocrx_word' id='word_1_232' title='bbox 1625 1672 1776 1717; x_wconf 87' lang='lat' dir='ltr'>forma</span> <span class='ocrx_word' id='word_1_233' title='bbox 1808 1674 1935 1731; x_wconf 83' lang='lat' dir='ltr'>cujus</span> <span class='ocrx_word' id='word_1_234' title='bbox 1969 1686 2077 1731; x_wconf 92' lang='lat' dir='ltr'>ope-</span> 
     </span>
     <span class='ocr_line' id='line_1_23' title="bbox 23 1740 2077 1801; baseline 0.001 -19"><span class='ocrx_word' id='word_1_235' title='bbox 23 1741 43 1786; x_wconf 65' lang='grc'>·”,-</span> <span class='ocrx_word' id='word_1_236' title='bbox 114 1740 229 1791; x_wconf 82' lang='lat' dir='ltr'>ratio</span> <span class='ocrx_word' id='word_1_237' title='bbox 255 1740 432 1786; x_wconf 85' lang='lat' dir='ltr'>excedit</span> <span class='ocrx_word' id='word_1_238' title='bbox 457 1741 770 1785; x_wconf 87' lang='lat' dir='ltr'>conditionem</span> <span class='ocrx_word' id='word_1_239' title='bbox 798 1741 1030 1796; x_wconf 88' lang='lat' dir='ltr'>materiae,</span> <span class='ocrx_word' id='word_1_240' title='bbox 1063 1752 1108 1786; x_wconf 93' lang='lat' dir='ltr'>et</span> <span class='ocrx_word' id='word_1_241' title='bbox 1137 1742 1250 1801; x_wconf 91' lang='lat' dir='ltr'>ipsa,</span> <span class='ocrx_word' id='word_1_242' title='bbox 1282 1741 1534 1786; x_wconf 91' lang='lat' dir='ltr'>secundum</span> <span class='ocrx_word' id='word_1_243' title='bbox 1568 1741 1834 1800; x_wconf 89' lang='lat' dir='ltr'>dignitatem</span> <span class='ocrx_word' id='word_1_244' title='bbox 1867 1740 1938 1786; x_wconf 90' lang='lat' dir='ltr'>sui</span> <span class='ocrx_word' id='word_1_245' title='bbox 1963 1754 2077 1792; x_wconf 84' lang='lat' dir='ltr'>esse,</span> 
     </span>
     <span class='ocr_line' id='line_1_24' title="bbox 27 1802 2076 1868; baseline -0.001 -14"><span class='ocrx_word' id='word_1_246' title='bbox 27 1802 48 1851; x_wconf 64' lang='grc' dir='ltr'>Ῑ</span> <span class='ocrx_word' id='word_1_247' title='bbox 115 1807 428 1868; x_wconf 79' lang='lat' dir='ltr'>superexcedit</span> <span class='ocrx_word' id='word_1_248' title='bbox 459 1809 713 1853; x_wconf 85' lang='lat' dir='ltr'>materiam.</span> <span class='ocrx_word' id='word_1_249' title='bbox 750 1808 1015 1852; x_wconf 88' lang='lat' dir='ltr'>Invenimus</span> <span class='ocrx_word' id='word_1_250' title='bbox 1052 1809 1176 1854; x_wconf 92' lang='lat' dir='ltr'>enim</span> <span class='ocrx_word' id='word_1_251' title='bbox 1217 1808 1391 1868; x_wconf 91' lang='lat' dir='ltr'>aliquas</span> <span class='ocrx_word' id='word_1_252' title='bbox 1427 1808 1608 1853; x_wconf 88' lang='lat' dir='ltr'>infimas</span> <span class='ocrx_word' id='word_1_253' title='bbox 1648 1807 1836 1862; x_wconf 91' lang='lat' dir='ltr'>formas,</span> <span class='ocrx_word' id='word_1_254' title='bbox 1872 1821 1989 1866; x_wconf 91' lang='lat' dir='ltr'>quae</span> <span class='ocrx_word' id='word_1_255' title='bbox 2029 1807 2076 1850; x_wconf 90' lang='lat' dir='ltr'>in</span> 
     </span>
     <span class='ocr_line' id='line_1_25' title="bbox 114 1874 2078 1935; baseline 0.001 -18.915"><span class='ocrx_word' id='word_1_256' title='bbox 114 1874 290 1924; x_wconf 82' lang='lat' dir='ltr'>nullam</span> <span class='ocrx_word' id='word_1_257' title='bbox 315 1875 632 1935; x_wconf 86' lang='lat' dir='ltr'>operationem</span> <span class='ocrx_word' id='word_1_258' title='bbox 657 1886 848 1935; x_wconf 87' lang='lat' dir='ltr'>possunt</span> <span class='ocrx_word' id='word_1_259' title='bbox 873 1876 961 1920; x_wconf 87' lang='lat' dir='ltr'>nisi</span> <span class='ocrx_word' id='word_1_260' title='bbox 987 1876 1042 1920; x_wconf 89' lang='lat' dir='ltr'>ad</span> <span class='ocrx_word' id='word_1_261' title='bbox 1069 1890 1207 1935; x_wconf 88' lang='lat' dir='ltr'>quam</span> <span class='ocrx_word' id='word_1_262' title='bbox 1233 1890 1280 1920; x_wconf 92' lang='lat' dir='ltr'>se</span> <span class='ocrx_word' id='word_1_263' title='bbox 1304 1876 1551 1920; x_wconf 84' lang='lat' dir='ltr'>extendunt</span> <span class='ocrx_word' id='word_1_264' title='bbox 1572 1874 1811 1934; x_wconf 88' lang='lat' dir='ltr'>qualitates</span> <span class='ocrx_word' id='word_1_265' title='bbox 1834 1889 1950 1934; x_wconf 91' lang='lat' dir='ltr'>quae</span> <span class='ocrx_word' id='word_1_266' title='bbox 1972 1883 2078 1918; x_wconf 90' lang='lat' dir='ltr'>sunt</span> 
     </span>
     <span class='ocr_line' id='line_1_26' title="bbox 114 1940 2079 2002; baseline -0.001 -16"><span class='ocrx_word' id='word_1_267' title='bbox 114 1941 434 2002; x_wconf 88' lang='lat' dir='ltr'>dispositiones</span> <span class='ocrx_word' id='word_1_268' title='bbox 459 1942 693 1996; x_wconf 88' lang='lat' dir='ltr'>materiae,</span> <span class='ocrx_word' id='word_1_269' title='bbox 719 1952 768 1986; x_wconf 92' lang='lat' dir='ltr'>ut</span> <span class='ocrx_word' id='word_1_270' title='bbox 794 1942 1009 1998; x_wconf 86' lang='lat' dir='ltr'>calidum,</span> <span class='ocrx_word' id='word_1_271' title='bbox 1035 1942 1265 2002; x_wconf 89' lang='lat' dir='ltr'>frigidum,</span> <span class='ocrx_word' id='word_1_272' title='bbox 1292 1942 1548 1996; x_wconf 88' lang='lat' dir='ltr'>humidum,</span> <span class='ocrx_word' id='word_1_273' title='bbox 1567 1942 1756 1997; x_wconf 89' lang='lat' dir='ltr'>siccum,</span> <span class='ocrx_word' id='word_1_274' title='bbox 1778 1956 1948 1995; x_wconf 88' lang='lat' dir='ltr'>rarum,</span> <span class='ocrx_word' id='word_1_275' title='bbox 1975 1940 2079 1985; x_wconf 89' lang='lat' dir='ltr'>den·</span> 
     </span>
     <span class='ocr_line' id='line_1_27' title="bbox 112 2008 2079 2067; baseline -0.001 -13"><span class='ocrx_word' id='word_1_276' title='bbox 112 2022 231 2063; x_wconf 87' lang='lat' dir='ltr'>sum,</span> <span class='ocrx_word' id='word_1_277' title='bbox 256 2020 396 2067; x_wconf 80' lang='lat' dir='ltr'>grave</span> <span class='ocrx_word' id='word_1_278' title='bbox 419 2019 464 2053; x_wconf 93' lang='lat' dir='ltr'>et</span> <span class='ocrx_word' id='word_1_279' title='bbox 483 2008 601 2064; x_wconf 89' lang='lat' dir='ltr'>leve,</span> <span class='ocrx_word' id='word_1_280' title='bbox 625 2019 669 2053; x_wconf 91' lang='lat' dir='ltr'>et</span> <span class='ocrx_word' id='word_1_281' title='bbox 689 2009 760 2054; x_wconf 80' lang='lat' dir='ltr'>‘nis</span> <span class='ocrx_word' id='word_1_282' title='bbox 782 2009 962 2063; x_wconf 88' lang='lat' dir='ltr'>similia,</span> <span class='ocrx_word' id='word_1_283' title='bbox 985 2009 1101 2054; x_wconf 90' lang='lat' dir='ltr'>sicut</span> <span class='ocrx_word' id='word_1_284' title='bbox 1121 2009 1298 2054; x_wconf 91' lang='lat' dir='ltr'>formae</span> <span class='ocrx_word' id='word_1_285' title='bbox 1321 2009 1680 2064; x_wconf 90' lang='lat' dir='ltr'>elementorum;</span> <span class='ocrx_word' id='word_1_286' title='bbox 1708 2008 1827 2054; x_wconf 89' lang='lat' dir='ltr'>unde</span> <span class='ocrx_word' id='word_1_287' title='bbox 1843 2009 1955 2053; x_wconf 90' lang='lat' dir='ltr'>istae</span> <span class='ocrx_word' id='word_1_288' title='bbox 1974 2017 2079 2052; x_wconf 92' lang='lat' dir='ltr'>sunt</span> 
     </span>
     <span class='ocr_line' id='line_1_28' title="bbox 111 2074 2078 2135; baseline -0.001 -14.14"><span class='ocrx_word' id='word_1_289' title='bbox 111 2074 287 2121; x_wconf 87' lang='lat' dir='ltr'>formae</span> <span class='ocrx_word' id='word_1_290' title='bbox 314 2075 505 2120; x_wconf 89' lang='lat' dir='ltr'>omnino</span> <span class='ocrx_word' id='word_1_291' title='bbox 538 2075 795 2120; x_wconf 90' lang='lat' dir='ltr'>materiales</span> <span class='ocrx_word' id='word_1_292' title='bbox 822 2086 867 2121; x_wconf 94' lang='lat' dir='ltr'>et</span> <span class='ocrx_word' id='word_1_293' title='bbox 891 2075 1089 2121; x_wconf 84' lang='lat' dir='ltr'>totaliter</span> <span class='ocrx_word' id='word_1_294' title='bbox 1114 2076 1360 2121; x_wconf 89' lang='lat' dir='ltr'>immersae</span> <span class='ocrx_word' id='word_1_295' title='bbox 1394 2077 1625 2121; x_wconf 89' lang='lat' dir='ltr'>materiae.</span> <span class='ocrx_word' id='word_1_296' title='bbox 1660 2077 1806 2135; x_wconf 90' lang='lat' dir='ltr'>Super</span> <span class='ocrx_word' id='word_1_297' title='bbox 1837 2076 1920 2120; x_wconf 91' lang='lat' dir='ltr'>has</span> <span class='ocrx_word' id='word_1_298' title='bbox 1951 2075 2078 2119; x_wconf 90' lang='lat' dir='ltr'>inve-</span> 
     </span>
     <span class='ocr_line' id='line_1_29' title="bbox 42 2141 2077 2202; baseline -0.001 -14.017"><span class='ocrx_word' id='word_1_299' title='bbox 42 2173 46 2175; x_wconf 59' lang='lat'><strong>&gt;</strong></span> <span class='ocrx_word' id='word_1_300' title='bbox 109 2142 294 2188; x_wconf 85' lang='lat' dir='ltr'>niuntur</span> <span class='ocrx_word' id='word_1_301' title='bbox 318 2141 494 2187; x_wconf 90' lang='lat' dir='ltr'>formae</span> <span class='ocrx_word' id='word_1_302' title='bbox 521 2143 770 2188; x_wconf 87' lang='lat' dir='ltr'>mixtorum</span> <span class='ocrx_word' id='word_1_303' title='bbox 797 2157 1060 2202; x_wconf 88' lang='lat' dir='ltr'>corporum,</span> <span class='ocrx_word' id='word_1_304' title='bbox 1087 2158 1217 2202; x_wconf 89' lang='lat' dir='ltr'>quae,</span> <span class='ocrx_word' id='word_1_305' title='bbox 1243 2143 1350 2188; x_wconf 91' lang='lat' dir='ltr'>licet</span> <span class='ocrx_word' id='word_1_306' title='bbox 1375 2157 1470 2187; x_wconf 89' lang='lat' dir='ltr'>non</span> <span class='ocrx_word' id='word_1_307' title='bbox 1497 2158 1545 2189; x_wconf 91' lang='lat' dir='ltr'>se</span> <span class='ocrx_word' id='word_1_308' title='bbox 1572 2143 1818 2188; x_wconf 87' lang='lat' dir='ltr'>extendant</span> <span class='ocrx_word' id='word_1_309' title='bbox 1843 2142 1898 2186; x_wconf 88' lang='lat' dir='ltr'>ad</span> <span class='ocrx_word' id='word_1_310' title='bbox 1926 2141 2077 2201; x_wconf 88' lang='lat' dir='ltr'>aliqua</span> 
     </span>
     <span class='ocr_line' id='line_1_30' title="bbox 110 2209 2076 2270; baseline 0 -17"><span class='ocrx_word' id='word_1_311' title='bbox 110 2220 298 2268; x_wconf 89' lang='lat' dir='ltr'>operata</span> <span class='ocrx_word' id='word_1_312' title='bbox 320 2224 436 2269; x_wconf 93' lang='lat' dir='ltr'>quae</span> <span class='ocrx_word' id='word_1_313' title='bbox 457 2223 551 2254; x_wconf 90' lang='lat' dir='ltr'>non</span> <span class='ocrx_word' id='word_1_314' title='bbox 573 2220 763 2269; x_wconf 91' lang='lat' dir='ltr'>possunt</span> <span class='ocrx_word' id='word_1_315' title='bbox 781 2209 1005 2269; x_wconf 90' lang='lat' dir='ltr'>compleri</span> <span class='ocrx_word' id='word_1_316' title='bbox 1026 2225 1104 2270; x_wconf 92' lang='lat' dir='ltr'>per</span> <span class='ocrx_word' id='word_1_317' title='bbox 1121 2210 1360 2269; x_wconf 89' lang='lat' dir='ltr'>qualitates</span> <span class='ocrx_word' id='word_1_318' title='bbox 1387 2210 1654 2269; x_wconf 89' lang='lat' dir='ltr'>praedictas,</span> <span class='ocrx_word' id='word_1_319' title='bbox 1672 2210 1899 2255; x_wconf 90' lang='lat' dir='ltr'>interdum</span> <span class='ocrx_word' id='word_1_320' title='bbox 1920 2219 2076 2264; x_wconf 84' lang='lat' dir='ltr'>tamen</span> 
     </span>
     <span class='ocr_line' id='line_1_31' title="bbox 35 2270 2077 2337; baseline -0 -16"><span class='ocrx_word' id='word_1_321' title='bbox 35 2283 51 2291; x_wconf 59' lang='lat'>‘⁴</span> <span class='ocrx_word' id='word_1_322' title='bbox 108 2286 352 2337; x_wconf 71' lang='lat' dir='ltr'>operantur</span> <span class='ocrx_word' id='word_1_323' title='bbox 377 2276 481 2321; x_wconf 88' lang='lat' dir='ltr'>illos</span> <span class='ocrx_word' id='word_1_324' title='bbox 514 2275 703 2322; x_wconf 87' lang='lat' dir='ltr'>effectus</span> <span class='ocrx_word' id='word_1_325' title='bbox 737 2276 887 2321; x_wconf 89' lang='lat' dir='ltr'>altiori</span> <span class='ocrx_word' id='word_1_326' title='bbox 912 2277 1076 2322; x_wconf 90' lang='lat' dir='ltr'>virtute</span> <span class='ocrx_word' id='word_1_327' title='bbox 1108 2270 1351 2336; x_wconf 79' lang='lat' dir='ltr'>corporali,</span> <span class='ocrx_word' id='word_1_328' title='bbox 1383 2291 1522 2336; x_wconf 91' lang='lat' dir='ltr'>quam</span> <span class='ocrx_word' id='word_1_329' title='bbox 1554 2287 1709 2321; x_wconf 90' lang='lat' dir='ltr'>tamen</span> <span class='ocrx_word' id='word_1_330' title='bbox 1740 2277 1989 2321; x_wconf 89' lang='lat' dir='ltr'>sortiuntur</span> <span class='ocrx_word' id='word_1_331' title='bbox 2021 2290 2077 2320; x_wconf 91' lang='lat' dir='ltr'>ex</span> 
     </span>
     <span class='ocr_line' id='line_1_32' title="bbox 37 2342 2077 2406; baseline -0 -17"><span class='ocrx_word' id='word_1_332' title='bbox 37 2343 53 2406; x_wconf 53' lang='lat' dir='ltr'>⁴„v</span> <span class='ocrx_word' id='word_1_333' title='bbox 108 2343 375 2403; x_wconf 59' lang='lat' dir='ltr'>corporibus</span> <span class='ocrx_word' id='word_1_334' title='bbox 401 2342 687 2398; x_wconf 90' lang='lat' dir='ltr'>coelestibus,</span> <span class='ocrx_word' id='word_1_335' title='bbox 711 2357 827 2403; x_wconf 90' lang='lat' dir='ltr'>quae</span> <span class='ocrx_word' id='word_1_336' title='bbox 855 2345 1150 2404; x_wconf 89' lang='lat' dir='ltr'>consequitur</span> <span class='ocrx_word' id='word_1_337' title='bbox 1167 2358 1329 2389; x_wconf 91' lang='lat' dir='ltr'>eorum</span> <span class='ocrx_word' id='word_1_338' title='bbox 1352 2345 1569 2403; x_wconf 89' lang='lat' dir='ltr'>speciem,</span> <span class='ocrx_word' id='word_1_339' title='bbox 1588 2345 1703 2388; x_wconf 91' lang='lat' dir='ltr'>sicut</span> <span class='ocrx_word' id='word_1_340' title='bbox 1730 2344 1917 2388; x_wconf 90' lang='lat' dir='ltr'>adamas</span> <span class='ocrx_word' id='word_1_341' title='bbox 1939 2344 2077 2388; x_wconf 90' lang='lat' dir='ltr'>trahit</span> 
     </span>
     <span class='ocr_line' id='line_1_33' title="bbox 31 2408 2074 2471; baseline -0.001 -14"><span class='ocrx_word' id='word_1_342' title='bbox 31 2413 74 2471; x_wconf 56' lang='grc' dir='ltr'>ζ.»</span> <span class='ocrx_word' id='word_1_343' title='bbox 109 2408 295 2459; x_wconf 66' lang='lat' dir='ltr'>sentum.</span> <span class='ocrx_word' id='word_1_344' title='bbox 328 2410 475 2470; x_wconf 89' lang='lat' dir='ltr'>Super</span> <span class='ocrx_word' id='word_1_345' title='bbox 500 2410 583 2455; x_wconf 91' lang='lat' dir='ltr'>has</span> <span class='ocrx_word' id='word_1_346' title='bbox 608 2411 1098 2455; x_wconf 66' lang='lat' dir='ltr'>iterum‘inveniuntur</span> <span class='ocrx_word' id='word_1_347' title='bbox 1135 2411 1313 2470; x_wconf 90' lang='lat' dir='ltr'>aliquae</span> <span class='ocrx_word' id='word_1_348' title='bbox 1349 2411 1527 2455; x_wconf 90' lang='lat' dir='ltr'>formae</span> <span class='ocrx_word' id='word_1_349' title='bbox 1554 2425 1747 2470; x_wconf 89' lang='lat' dir='ltr'>quarum</span> <span class='ocrx_word' id='word_1_350' title='bbox 1785 2411 2074 2470; x_wconf 90' lang='lat' dir='ltr'>operationes</span> 
     </span>
     <span class='ocr_line' id='line_1_34' title="bbox 34 2472 2077 2538; baseline -0.002 -11"><span class='ocrx_word' id='word_1_351' title='bbox 34 2472 86 2537; x_wconf 47' lang='lat' dir='ltr'>lg„</span> <span class='ocrx_word' id='word_1_352' title='bbox 108 2478 408 2530; x_wconf 54' lang='lat' dir='ltr'>emadantur</span> <span class='ocrx_word' id='word_1_353' title='bbox 434 2479 491 2523; x_wconf 92' lang='lat' dir='ltr'>ad</span> <span class='ocrx_word' id='word_1_354' title='bbox 518 2478 669 2538; x_wconf 91' lang='lat' dir='ltr'>aliqua</span> <span class='ocrx_word' id='word_1_355' title='bbox 696 2489 884 2538; x_wconf 90' lang='lat' dir='ltr'>operata</span> <span class='ocrx_word' id='word_1_356' title='bbox 910 2493 1026 2538; x_wconf 91' lang='lat' dir='ltr'>quae</span> <span class='ocrx_word' id='word_1_357' title='bbox 1053 2479 1279 2524; x_wconf 87' lang='lat' dir='ltr'>excedunt</span> <span class='ocrx_word' id='word_1_358' title='bbox 1298 2480 1513 2523; x_wconf 87' lang='lat' dir='ltr'>virtutem</span> <span class='ocrx_word' id='word_1_359' title='bbox 1536 2478 1807 2538; x_wconf 88' lang='lat' dir='ltr'>qualitatum</span> <span class='ocrx_word' id='word_1_360' title='bbox 1830 2479 2077 2538; x_wconf 88' lang='lat' dir='ltr'>praedicta-</span> 
     </span>
     <span class='ocr_line' id='line_1_35' title="bbox 108 2545 2079 2606; baseline -0.002 -12.208"><span class='ocrx_word' id='word_1_361' title='bbox 108 2555 227 2600; x_wconf 72' lang='lat' dir='ltr'>rum,</span> <span class='ocrx_word' id='word_1_362' title='bbox 250 2546 459 2605; x_wconf 83' lang='lat' dir='ltr'>quamvis</span> <span class='ocrx_word' id='word_1_363' title='bbox 485 2545 725 2605; x_wconf 87' lang='lat' dir='ltr'>qualitates</span> <span class='ocrx_word' id='word_1_364' title='bbox 754 2546 1012 2605; x_wconf 81' lang='lat' dir='ltr'>praedictae</span> <span class='ocrx_word' id='word_1_365' title='bbox 1041 2547 1288 2606; x_wconf 85' lang='lat' dir='ltr'>organicae</span> <span class='ocrx_word' id='word_1_366' title='bbox 1322 2546 1378 2590; x_wconf 90' lang='lat' dir='ltr'>ad</span> <span class='ocrx_word' id='word_1_367' title='bbox 1411 2546 1576 2590; x_wconf 91' lang='lat' dir='ltr'>harum</span> <span class='ocrx_word' id='word_1_368' title='bbox 1609 2546 1898 2604; x_wconf 89' lang='lat' dir='ltr'>operationes</span> <span class='ocrx_word' id='word_1_369' title='bbox 1931 2545 2079 2590; x_wconf 91' lang='lat' dir='ltr'>deser-</span> 
     </span>
     <span class='ocr_line' id='line_1_36' title="bbox 15 2612 2078 2674; baseline -0.004 -10"><span class='ocrx_word' id='word_1_370' title='bbox 15 2615 78 2674; x_wconf 53' lang='lat'>{5-</span> <span class='ocrx_word' id='word_1_371' title='bbox 108 2612 256 2669; x_wconf 47' lang='lat' dir='ltr'>diam</span> <span class='ocrx_word' id='word_1_372' title='bbox 278 2613 396 2658; x_wconf 86' lang='lat' dir='ltr'>sicut</span> <span class='ocrx_word' id='word_1_373' title='bbox 421 2623 527 2658; x_wconf 86' lang='lat' dir='ltr'>sunt</span> <span class='ocrx_word' id='word_1_374' title='bbox 552 2613 733 2657; x_wconf 88' lang='lat' dir='ltr'>animae</span> <span class='ocrx_word' id='word_1_375' title='bbox 759 2612 1034 2672; x_wconf 82' lang='lat' dir='ltr'>plantarum,</span> <span class='ocrx_word' id='word_1_376' title='bbox 1061 2627 1177 2672; x_wconf 92' lang='lat' dir='ltr'>quae</span> <span class='ocrx_word' id='word_1_377' title='bbox 1205 2613 1345 2658; x_wconf 90' lang='lat' dir='ltr'>etiam</span> <span class='ocrx_word' id='word_1_378' title='bbox 1372 2613 1681 2657; x_wconf 90' lang='lat' dir='ltr'>assimilantur</span> <span class='ocrx_word' id='word_1_379' title='bbox 1702 2627 1796 2658; x_wconf 87' lang='lat' dir='ltr'>non</span> <span class='ocrx_word' id='word_1_380' title='bbox 1819 2612 1971 2657; x_wconf 91' lang='lat' dir='ltr'>solum</span> <span class='ocrx_word' id='word_1_381' title='bbox 1993 2613 2078 2657; x_wconf 93' lang='lat' dir='ltr'>vir-</span> 
     </span>
     <span class='ocr_line' id='line_1_37' title="bbox 12 2679 2076 2739; baseline -0.001 -13"><span class='ocrx_word' id='word_1_382' title='bbox 12 2691 14 2695; x_wconf 80' lang='grc'>’</span> <span class='ocrx_word' id='word_1_383' title='bbox 109 2679 276 2727; x_wconf 73' lang='lat' dir='ltr'>tutibus</span> <span class='ocrx_word' id='word_1_384' title='bbox 302 2693 550 2739; x_wconf 89' lang='lat' dir='ltr'>corporum</span> <span class='ocrx_word' id='word_1_385' title='bbox 567 2679 838 2725; x_wconf 87' lang='lat' dir='ltr'>coelestium</span> <span class='ocrx_word' id='word_1_386' title='bbox 864 2682 910 2725; x_wconf 87' lang='lat' dir='ltr'>in</span> <span class='ocrx_word' id='word_1_387' title='bbox 939 2681 1203 2725; x_wconf 91' lang='lat' dir='ltr'>excedendo</span> <span class='ocrx_word' id='word_1_388' title='bbox 1221 2679 1460 2739; x_wconf 87' lang='lat' dir='ltr'>qualitates</span> <span class='ocrx_word' id='word_1_389' title='bbox 1489 2681 1660 2724; x_wconf 87' lang='lat' dir='ltr'>activas</span> <span class='ocrx_word' id='word_1_390' title='bbox 1688 2690 1732 2724; x_wconf 94' lang='lat' dir='ltr'>et</span> <span class='ocrx_word' id='word_1_391' title='bbox 1757 2680 1974 2739; x_wconf 79' lang='lat' dir='ltr'>passiva3‚</span> <span class='ocrx_word' id='word_1_392' title='bbox 1996 2679 2076 2724; x_wconf 92' lang='lat' dir='ltr'>sed</span> 
     </span>
     <span class='ocr_line' id='line_1_38' title="bbox 12 2746 2078 2809; baseline -0.002 -15"><span class='ocrx_word' id='word_1_393' title='bbox 12 2754 13 2758; x_wconf 77' lang='grc'>’</span> <span class='ocrx_word' id='word_1_394' title='bbox 38 2771 79 2809; x_wconf 49' lang='lat'>3.</span> <span class='ocrx_word' id='word_1_395' title='bbox 111 2746 250 2794; x_wconf 65' lang='lat' dir='ltr'>efiatn</span> <span class='ocrx_word' id='word_1_396' title='bbox 270 2746 382 2806; x_wconf 87' lang='lat' dir='ltr'>ipsis</span> <span class='ocrx_word' id='word_1_397' title='bbox 398 2747 652 2792; x_wconf 88' lang='lat' dir='ltr'>motoribus</span> <span class='ocrx_word' id='word_1_398' title='bbox 673 2760 923 2806; x_wconf 89' lang='lat' dir='ltr'>corporum</span> <span class='ocrx_word' id='word_1_399' title='bbox 942 2746 1228 2801; x_wconf 90' lang='lat' dir='ltr'>coelestium,</span> <span class='ocrx_word' id='word_1_400' title='bbox 1251 2748 1296 2791; x_wconf 91' lang='lat' dir='ltr'>in</span> <span class='ocrx_word' id='word_1_401' title='bbox 1318 2757 1540 2806; x_wconf 90' lang='lat' dir='ltr'>quantum</span> <span class='ocrx_word' id='word_1_402' title='bbox 1563 2757 1665 2791; x_wconf 88' lang='lat' dir='ltr'>sunt</span> <span class='ocrx_word' id='word_1_403' title='bbox 1688 2746 1908 2806; x_wconf 90' lang='lat' dir='ltr'>principia</span> <span class='ocrx_word' id='word_1_404' title='bbox 1925 2757 2078 2791; x_wconf 92' lang='lat' dir='ltr'>motus</span> 
     </span>
     <span class='ocr_line' id='line_1_39' title="bbox 110 2813 2078 2874; baseline -0.001 -14.071"><span class='ocrx_word' id='word_1_405' title='bbox 38 2811 243 2877; x_wconf 35' lang='lat' dir='ltr'>{nebus</span> <span class='ocrx_word' id='word_1_406' title='bbox 266 2814 521 2859; x_wconf 89' lang='lat' dir='ltr'>viventibus</span> <span class='ocrx_word' id='word_1_407' title='bbox 547 2827 663 2874; x_wconf 91' lang='lat' dir='ltr'>quae</span> <span class='ocrx_word' id='word_1_408' title='bbox 696 2824 887 2859; x_wconf 88' lang='lat' dir='ltr'>movent</span> <span class='ocrx_word' id='word_1_409' title='bbox 918 2814 1104 2873; x_wconf 90' lang='lat' dir='ltr'>seipsas.</span> <span class='ocrx_word' id='word_1_410' title='bbox 1141 2814 1287 2872; x_wconf 89' lang='lat' dir='ltr'>Super</span> <span class='ocrx_word' id='word_1_411' title='bbox 1318 2814 1401 2859; x_wconf 86' lang='lat' dir='ltr'>has</span> <span class='ocrx_word' id='word_1_412' title='bbox 1434 2813 1606 2859; x_wconf 91' lang='lat' dir='ltr'>formas</span> <span class='ocrx_word' id='word_1_413' title='bbox 1639 2814 1930 2858; x_wconf 90' lang='lat' dir='ltr'>inveniuntur</span> <span class='ocrx_word' id='word_1_414' title='bbox 1963 2813 2078 2858; x_wconf 91' lang='lat' dir='ltr'>aliae</span> 
     </span>
     <span class='ocr_line' id='line_1_40' title="bbox 0 2875 2077 2942; baseline -0.001 -16"><span class='ocrx_word' id='word_1_415' title='bbox 0 2875 2 2942; x_wconf 19' lang='grc' dir='ltr'>ᾗ</span> <span class='ocrx_word' id='word_1_416' title='bbox 110 2878 286 2927; x_wconf 80' lang='lat' dir='ltr'>formae</span> <span class='ocrx_word' id='word_1_417' title='bbox 323 2881 494 2926; x_wconf 83' lang='lat' dir='ltr'>similes</span> <span class='ocrx_word' id='word_1_418' title='bbox 526 2881 835 2940; x_wconf 90' lang='lat' dir='ltr'>superioribus</span> <span class='ocrx_word' id='word_1_419' title='bbox 874 2880 1149 2935; x_wconf 82' lang='lat' dir='ltr'>substantiis,</span> <span class='ocrx_word' id='word_1_420' title='bbox 1173 2896 1267 2926; x_wconf 89' lang='lat' dir='ltr'>non</span> <span class='ocrx_word' id='word_1_421' title='bbox 1294 2880 1445 2926; x_wconf 89' lang='lat' dir='ltr'>solum</span> <span class='ocrx_word' id='word_1_422' title='bbox 1479 2883 1523 2925; x_wconf 90' lang='lat' dir='ltr'>in</span> <span class='ocrx_word' id='word_1_423' title='bbox 1557 2882 1802 2935; x_wconf 89' lang='lat' dir='ltr'>movendo,</span> <span class='ocrx_word' id='word_1_424' title='bbox 1833 2881 1910 2926; x_wconf 92' lang='lat' dir='ltr'>sed</span> <span class='ocrx_word' id='word_1_425' title='bbox 1938 2881 2077 2926; x_wconf 90' lang='lat' dir='ltr'>etiam</span> 
     </span>
     <span class='ocr_line' id='line_1_41' title="bbox 19 2945 2076 3008; baseline -0 -14"><span class='ocrx_word' id='word_1_426' title='bbox 19 2981 22 2985; x_wconf 76' lang='lat'><strong>·</strong></span> <span class='ocrx_word' id='word_1_427' title='bbox 113 2945 366 3007; x_wconf 82' lang='lat' dir='ltr'>aliqualiter</span> <span class='ocrx_word' id='word_1_428' title='bbox 389 2948 437 2993; x_wconf 93' lang='lat' dir='ltr'>in</span> <span class='ocrx_word' id='word_1_429' title='bbox 463 2948 814 3008; x_wconf 84' lang='lat' dir='ltr'>cognoscendo3</span> <span class='ocrx_word' id='word_1_430' title='bbox 842 2957 887 2992; x_wconf 92' lang='lat' dir='ltr'>et</span> <span class='ocrx_word' id='word_1_431' title='bbox 911 2949 976 2993; x_wconf 91' lang='lat' dir='ltr'>sic</span> <span class='ocrx_word' id='word_1_432' title='bbox 1004 2958 1108 2993; x_wconf 90' lang='lat' dir='ltr'>sunt</span> <span class='ocrx_word' id='word_1_433' title='bbox 1133 2957 1342 3007; x_wconf 91' lang='lat' dir='ltr'>potentes</span> <span class='ocrx_word' id='word_1_434' title='bbox 1369 2949 1415 2992; x_wconf 91' lang='lat' dir='ltr'>in</span> <span class='ocrx_word' id='word_1_435' title='bbox 1442 2949 1731 3008; x_wconf 91' lang='lat' dir='ltr'>operationes</span> <span class='ocrx_word' id='word_1_436' title='bbox 1765 2949 1820 2992; x_wconf 91' lang='lat' dir='ltr'>ad</span> <span class='ocrx_word' id='word_1_437' title='bbox 1853 2962 1964 3007; x_wconf 92' lang='lat' dir='ltr'>quas</span> <span class='ocrx_word' id='word_1_438' title='bbox 1990 2962 2076 2993; x_wconf 91' lang='lat' dir='ltr'>nec</span> 
     </span>
     <span class='ocr_line' id='line_1_42' title="bbox 0 3015 2076 3075; baseline 0 -16"><span class='ocrx_word' id='word_1_439' title='bbox 0 3054 2 3065; x_wconf 18' lang='grc' dir='ltr'><em>ξ</em></span> <span class='ocrx_word' id='word_1_440' title='bbox 113 3015 355 3075; x_wconf 85' lang='lat' dir='ltr'>organicae</span> <span class='ocrx_word' id='word_1_441' title='bbox 380 3015 619 3075; x_wconf 90' lang='lat' dir='ltr'>qualitates</span> <span class='ocrx_word' id='word_1_442' title='bbox 647 3016 906 3075; x_wconf 88' lang='lat' dir='ltr'>praedictae</span> <span class='ocrx_word' id='word_1_443' title='bbox 932 3015 1204 3071; x_wconf 89' lang='lat' dir='ltr'>deserviunt,</span> <span class='ocrx_word' id='word_1_444' title='bbox 1224 3029 1367 3074; x_wconf 90' lang='lat' dir='ltr'>quum</span> <span class='ocrx_word' id='word_1_445' title='bbox 1389 3016 1679 3074; x_wconf 87' lang='lat' dir='ltr'>operationes</span> <span class='ocrx_word' id='word_1_446' title='bbox 1696 3015 1962 3074; x_wconf 83' lang='lat' dir='ltr'>hujusmodi</span> <span class='ocrx_word' id='word_1_447' title='bbox 1981 3029 2076 3059; x_wconf 91' lang='lat' dir='ltr'>non</span> 
     </span>
     <span class='ocr_line' id='line_1_43' title="bbox 58 3080 2076 3142; baseline -0 -15.028"><span class='ocrx_word' id='word_1_448' title='bbox 58 3119 69 3125; x_wconf 92' lang='grc'>.</span> <span class='ocrx_word' id='word_1_449' title='bbox 113 3080 428 3142; x_wconf 66' lang='lat' dir='ltr'>compleantur</span> <span class='ocrx_word' id='word_1_450' title='bbox 462 3082 550 3127; x_wconf 91' lang='lat' dir='ltr'>nisi</span> <span class='ocrx_word' id='word_1_451' title='bbox 585 3082 815 3128; x_wconf 90' lang='lat' dir='ltr'>mediante</span> <span class='ocrx_word' id='word_1_452' title='bbox 848 3097 1025 3141; x_wconf 91' lang='lat' dir='ltr'>organo</span> <span class='ocrx_word' id='word_1_453' title='bbox 1059 3081 1303 3142; x_wconf 89' lang='lat' dir='ltr'>corporali,</span> <span class='ocrx_word' id='word_1_454' title='bbox 1338 3082 1455 3127; x_wconf 92' lang='lat' dir='ltr'>sicut</span> <span class='ocrx_word' id='word_1_455' title='bbox 1487 3092 1592 3127; x_wconf 92' lang='lat' dir='ltr'>sunt</span> <span class='ocrx_word' id='word_1_456' title='bbox 1628 3083 1808 3126; x_wconf 91' lang='lat' dir='ltr'>animae</span> <span class='ocrx_word' id='word_1_457' title='bbox 1840 3082 2076 3126; x_wconf 88' lang='lat' dir='ltr'>brutorum</span> 
     </span>
     <span class='ocr_line' id='line_1_44' title="bbox 0 3147 2057 3210; baseline -0.003 -12"><span class='ocrx_word' id='word_1_458' title='bbox 0 3148 5 3177; x_wconf 23' lang='grc' dir='ltr'>’ἦ</span> <span class='ocrx_word' id='word_1_459' title='bbox 38 3150 79 3210; x_wconf 53' lang='grc' dir='ltr'>,ἶ</span> <span class='ocrx_word' id='word_1_460' title='bbox 113 3147 403 3203; x_wconf 64' lang='lat' dir='ltr'>animalium3</span> <span class='ocrx_word' id='word_1_461' title='bbox 430 3149 595 3194; x_wconf 87' lang='lat' dir='ltr'>sentire</span> <span class='ocrx_word' id='word_1_462' title='bbox 623 3149 745 3195; x_wconf 89' lang='lat' dir='ltr'>enirn</span> <span class='ocrx_word' id='word_1_463' title='bbox 774 3159 819 3195; x_wconf 92' lang='lat' dir='ltr'>et</span> <span class='ocrx_word' id='word_1_464' title='bbox 842 3149 1086 3208; x_wconf 88' lang='lat' dir='ltr'>imaginari</span> <span class='ocrx_word' id='word_1_465' title='bbox 1111 3164 1205 3194; x_wconf 92' lang='lat' dir='ltr'>non</span> <span class='ocrx_word' id='word_1_466' title='bbox 1234 3148 1521 3209; x_wconf 89' lang='lat' dir='ltr'>complentur</span> <span class='ocrx_word' id='word_1_467' title='bbox 1545 3148 1855 3193; x_wconf 88' lang='lat' dir='ltr'>calefaciendo</span> <span class='ocrx_word' id='word_1_468' title='bbox 1883 3159 1928 3193; x_wconf 94' lang='lat' dir='ltr'>et</span> <span class='ocrx_word' id='word_1_469' title='bbox 1952 3147 2057 3192; x_wconf 88' lang='lat' dir='ltr'>infri</span> 
     </span>
     <span class='ocr_line' id='line_1_45' title="bbox 115 3214 2077 3276; baseline -0 -16.034"><span class='ocrx_word' id='word_1_470' title='bbox 115 3214 327 3274; x_wconf 79' lang='lat' dir='ltr'>gidando,</span> <span class='ocrx_word' id='word_1_471' title='bbox 352 3215 461 3261; x_wconf 87' lang='lat' dir='ltr'>licet</span> <span class='ocrx_word' id='word_1_472' title='bbox 484 3216 599 3261; x_wconf 89' lang='lat' dir='ltr'>haec</span> <span class='ocrx_word' id='word_1_473' title='bbox 626 3216 714 3261; x_wconf 88' lang='lat' dir='ltr'>sint</span> <span class='ocrx_word' id='word_1_474' title='bbox 740 3217 997 3261; x_wconf 88' lang='lat' dir='ltr'>necessaria</span> <span class='ocrx_word' id='word_1_475' title='bbox 1024 3217 1079 3260; x_wconf 92' lang='lat' dir='ltr'>ad</span> <span class='ocrx_word' id='word_1_476' title='bbox 1107 3216 1307 3261; x_wconf 88' lang='lat' dir='ltr'>debitam</span> <span class='ocrx_word' id='word_1_477' title='bbox 1340 3217 1502 3276; x_wconf 87' lang='lat' dir='ltr'>organi</span> <span class='ocrx_word' id='word_1_478' title='bbox 1534 3216 1895 3275; x_wconf 87' lang='lat' dir='ltr'>dispositionem.</span> <span class='ocrx_word' id='word_1_479' title='bbox 1931 3216 2077 3274; x_wconf 91' lang='lat' dir='ltr'>Super</span> 
     </span>
     <span class='ocr_line' id='line_1_46' title="bbox 113 3283 2129 3342; baseline -0.001 -13.085"><span class='ocrx_word' id='word_1_480' title='bbox 113 3294 275 3328; x_wconf 80' lang='lat' dir='ltr'>omnes</span> <span class='ocrx_word' id='word_1_481' title='bbox 312 3293 465 3329; x_wconf 90' lang='lat' dir='ltr'>autem</span> <span class='ocrx_word' id='word_1_482' title='bbox 499 3283 583 3328; x_wconf 87' lang='lat' dir='ltr'>has</span> <span class='ocrx_word' id='word_1_483' title='bbox 616 3283 790 3329; x_wconf 88' lang='lat' dir='ltr'>formas</span> <span class='ocrx_word' id='word_1_484' title='bbox 822 3284 1052 3329; x_wconf 89' lang='lat' dir='ltr'>invenitur</span> <span class='ocrx_word' id='word_1_485' title='bbox 1083 3283 1234 3328; x_wconf 91' lang='lat' dir='ltr'>forma</span> <span class='ocrx_word' id='word_1_486' title='bbox 1269 3283 1430 3328; x_wconf 87' lang='lat' dir='ltr'>similis</span> <span class='ocrx_word' id='word_1_487' title='bbox 1467 3283 1772 3342; x_wconf 90' lang='lat' dir='ltr'>superioribus</span> <span class='ocrx_word' id='word_1_488' title='bbox 1799 3283 2075 3337; x_wconf 88' lang='lat' dir='ltr'>substantiis,</span> <span class='ocrx_word' id='word_1_489' title='bbox 2124 3289 2129 3294; x_wconf 85' lang='grc'><em>“</em></span> 
     </span>
     <span class='ocr_line' id='line_1_47' title="bbox 114 3348 2075 3410; baseline 0 -15"><span class='ocrx_word' id='word_1_490' title='bbox 114 3348 251 3397; x_wconf 71' lang='lat' dir='ltr'>etiam</span> <span class='ocrx_word' id='word_1_491' title='bbox 275 3359 498 3409; x_wconf 86' lang='lat' dir='ltr'>quantum</span> <span class='ocrx_word' id='word_1_492' title='bbox 525 3350 580 3395; x_wconf 92' lang='lat' dir='ltr'>ad</span> <span class='ocrx_word' id='word_1_493' title='bbox 607 3363 751 3409; x_wconf 90' lang='lat' dir='ltr'>genus</span> <span class='ocrx_word' id='word_1_494' title='bbox 777 3351 1068 3410; x_wconf 90' lang='lat' dir='ltr'>cognitionis,</span> <span class='ocrx_word' id='word_1_495' title='bbox 1093 3351 1215 3410; x_wconf 94' lang='lat' dir='ltr'>quod</span> <span class='ocrx_word' id='word_1_496' title='bbox 1242 3361 1309 3394; x_wconf 92' lang='lat' dir='ltr'>est</span> <span class='ocrx_word' id='word_1_497' title='bbox 1334 3350 1613 3408; x_wconf 83' lang='lat' dir='ltr'>intelligere3</span> <span class='ocrx_word' id='word_1_498' title='bbox 1646 3359 1689 3394; x_wconf 92' lang='lat' dir='ltr'>et</span> <span class='ocrx_word' id='word_1_499' title='bbox 1721 3349 1785 3394; x_wconf 91' lang='lat' dir='ltr'>sic</span> <span class='ocrx_word' id='word_1_500' title='bbox 1820 3360 1887 3394; x_wconf 91' lang='lat' dir='ltr'>est</span> <span class='ocrx_word' id='word_1_501' title='bbox 1912 3360 2075 3408; x_wconf 90' lang='lat' dir='ltr'>potens</span> 
     </span>
     <span class='ocr_line' id='line_1_48' title="bbox 113 3413 2075 3481; baseline 0 -20.957"><span class='ocrx_word' id='word_1_502' title='bbox 113 3413 500 3481; x_wconf 72' lang='lat' dir='ltr'>inoperationem</span> <span class='ocrx_word' id='word_1_503' title='bbox 533 3431 649 3476; x_wconf 79' lang='lat' dir='ltr'>quae</span> <span class='ocrx_word' id='word_1_504' title='bbox 681 3417 937 3476; x_wconf 89' lang='lat' dir='ltr'>completur</span> <span class='ocrx_word' id='word_1_505' title='bbox 969 3418 1139 3477; x_wconf 90' lang='lat' dir='ltr'>absque</span> <span class='ocrx_word' id='word_1_506' title='bbox 1173 3431 1348 3475; x_wconf 87' lang='lat' dir='ltr'>organo</span> <span class='ocrx_word' id='word_1_507' title='bbox 1382 3416 1611 3474; x_wconf 89' lang='lat' dir='ltr'>corporali</span> <span class='ocrx_word' id='word_1_508' title='bbox 1637 3417 1853 3471; x_wconf 89' lang='lat' dir='ltr'>omnino;</span> <span class='ocrx_word' id='word_1_509' title='bbox 1885 3427 1928 3462; x_wconf 89' lang='lat' dir='ltr'>et</span> <span class='ocrx_word' id='word_1_510' title='bbox 1958 3417 2075 3461; x_wconf 90' lang='lat' dir='ltr'>haec</span> 
     </span>
     <span class='ocr_line' id='line_1_49' title="bbox 28 3482 2071 3543; baseline 0.001 -18"><span class='ocrx_word' id='word_1_511' title='bbox 28 3482 65 3535; x_wconf 57' lang='lat' dir='ltr'>&#39;fri</span> <span class='ocrx_word' id='word_1_512' title='bbox 113 3490 183 3531; x_wconf 63' lang='lat' dir='ltr'>eat</span> <span class='ocrx_word' id='word_1_513' title='bbox 205 3482 358 3529; x_wconf 84' lang='lat' dir='ltr'>anima</span> <span class='ocrx_word' id='word_1_514' title='bbox 381 3482 682 3538; x_wconf 82' lang='lat' dir='ltr'>intellectiva3</span> <span class='ocrx_word' id='word_1_515' title='bbox 707 3498 817 3529; x_wconf 87' lang='lat' dir='ltr'>nam</span> <span class='ocrx_word' id='word_1_516' title='bbox 842 3484 1096 3543; x_wconf 89' lang='lat' dir='ltr'>intelligere</span> <span class='ocrx_word' id='word_1_517' title='bbox 1123 3498 1217 3528; x_wconf 90' lang='lat' dir='ltr'>non</span> <span class='ocrx_word' id='word_1_518' title='bbox 1244 3483 1294 3528; x_wconf 92' lang='lat' dir='ltr'>fit</span> <span class='ocrx_word' id='word_1_519' title='bbox 1318 3497 1397 3542; x_wconf 91' lang='lat' dir='ltr'>per</span> <span class='ocrx_word' id='word_1_520' title='bbox 1413 3497 1640 3542; x_wconf 88' lang='lat' dir='ltr'>organum</span> <span class='ocrx_word' id='word_1_521' title='bbox 1658 3482 1912 3542; x_wconf 88' lang='lat' dir='ltr'>corporale.</span> <span class='ocrx_word' id='word_1_522' title='bbox 1936 3484 2071 3528; x_wconf 91' lang='lat' dir='ltr'>Unde</span> 
     </span>
     <span class='ocr_line' id='line_1_50' title="bbox 31 3549 2072 3610; baseline 0 -17"><span class='ocrx_word' id='word_1_523' title='bbox 31 3583 80 3603; x_wconf 59' lang='grc'><strong><em>,</em></strong></span> <span class='ocrx_word' id='word_1_524' title='bbox 115 3557 297 3607; x_wconf 82' lang='lat' dir='ltr'>oportet</span> <span class='ocrx_word' id='word_1_525' title='bbox 319 3550 442 3609; x_wconf 89' lang='lat' dir='ltr'>quod</span> <span class='ocrx_word' id='word_1_526' title='bbox 463 3549 509 3594; x_wconf 90' lang='lat' dir='ltr'>id</span> <span class='ocrx_word' id='word_1_527' title='bbox 534 3549 806 3610; x_wconf 88' lang='lat' dir='ltr'>principium</span> <span class='ocrx_word' id='word_1_528' title='bbox 828 3564 920 3610; x_wconf 92' lang='lat' dir='ltr'>quo</span> <span class='ocrx_word' id='word_1_529' title='bbox 946 3551 1092 3596; x_wconf 89' lang='lat' dir='ltr'>homo</span> <span class='ocrx_word' id='word_1_530' title='bbox 1118 3549 1344 3609; x_wconf 89' lang='lat' dir='ltr'>intelligit,</span> <span class='ocrx_word' id='word_1_531' title='bbox 1367 3550 1490 3609; x_wconf 92' lang='lat' dir='ltr'>quod</span> <span class='ocrx_word' id='word_1_532' title='bbox 1517 3560 1584 3595; x_wconf 89' lang='lat' dir='ltr'>est</span> <span class='ocrx_word' id='word_1_533' title='bbox 1606 3550 1759 3594; x_wconf 89' lang='lat' dir='ltr'>anima</span> <span class='ocrx_word' id='word_1_534' title='bbox 1780 3549 2072 3605; x_wconf 85' lang='lat' dir='ltr'>intellectiva,</span> 
     </span>
    </p>
   </div>
   <div class='ocr_carea' id='block_1_3' title="bbox 0 0 82 3451">
    <p class='ocr_par' dir='ltr' id='par_1_3' title="bbox 0 0 82 3451">
     <span class='ocr_line' id='line_1_51' title="bbox 0 0 82 3451; baseline 0 0"><span class='ocrx_word' id='word_1_535' title='bbox 0 0 82 3451; x_wconf 95' lang='lat' dir='ltr'> </span> 
     </span>
    </p>
   </div>
   <div class='ocr_carea' id='block_1_4' title="bbox 39 3615 2071 3678">
    <p class='ocr_par' dir='ltr' id='par_1_4' title="bbox 39 3607 2071 3678">
     <span class='ocr_line' id='line_1_52' title="bbox 39 3615 2071 3678; baseline 0 -17"><span class='ocrx_word' id='word_1_536' title='bbox 39 3618 73 3666; x_wconf 68' lang='grc' dir='ltr'>,ἶ</span> <span class='ocrx_word' id='word_1_537' title='bbox 115 3624 169 3669; x_wconf 76' lang='lat' dir='ltr'>et·</span> <span class='ocrx_word' id='word_1_538' title='bbox 183 3615 361 3678; x_wconf 72' lang='lat' dir='ltr'>excedit</span> <span class='ocrx_word' id='word_1_539' title='bbox 385 3616 601 3662; x_wconf 88' lang='lat' dir='ltr'>materiae</span> <span class='ocrx_word' id='word_1_540' title='bbox 627 3616 941 3663; x_wconf 87' lang='lat' dir='ltr'>conditionem</span> <span class='ocrx_word' id='word_1_541' title='bbox 968 3617 1231 3677; x_wconf 88' lang='lat' dir='ltr'>corporalis,</span> <span class='ocrx_word' id='word_1_542' title='bbox 1258 3630 1352 3663; x_wconf 93' lang='lat' dir='ltr'>non</span> <span class='ocrx_word' id='word_1_543' title='bbox 1378 3617 1436 3662; x_wconf 89' lang='lat' dir='ltr'>sit</span> <span class='ocrx_word' id='word_1_544' title='bbox 1460 3616 1659 3663; x_wconf 88' lang='lat' dir='ltr'>totaliter</span> <span class='ocrx_word' id='word_1_545' title='bbox 1684 3617 2071 3677; x_wconf 87' lang='lat' dir='ltr'>comprehensum</span> 
     </span>
    </p>
   </div>
   <div class='ocr_carea' id='block_1_5' title="bbox 32 3729 109 3769">
    <p class='ocr_par' dir='ltr' id='par_1_5' title="bbox 32 3729 109 3769">
     <span class='ocr_line' id='line_1_53' title="bbox 32 3729 109 3769; baseline -0.078 0"><span class='ocrx_word' id='word_1_546' title='bbox 32 3729 66 3769; x_wconf 46' lang='grc' dir='ltr'>’ἓξ-ί</span> <span class='ocrx_word' id='word_1_547' title='bbox 105 3759 109 3763; x_wconf 78' lang='lat'><em>.</em></span> 
     </span>
    </p>
   </div>
  </div>
 </body>
</html>
