2294 3854
267 201 374 268 674
936 212 1201 251 Ltssssnlv.
1244 211 1554 250 CAP.1.XX1.

257 316 467 375 pluribus,
490 316 556 359 ita
581 321 627 358 ut
651 328 670 358 e
693 315 907 358 contrario
929 315 1062 371 magis
1082 313 1250 366 donetis,
1273 319 1312 357 et
1331 313 1621 365 consolemini,
1652 323 1696 358 et
1721 314 1838 360 infra
1858 315 1985 374 (VII.
1991 316 2071 378 9)
2084 315 2234 370 dicit:

266 382 454 434 Gaudeo,
481 396 563 424 non
589 383 690 438 quia
722 382 873 425 contri
869 381 957 424 tati
982 381 1130 433 estis,s
1114 379 1180 423 sed
1210 380 1311 436 quia
1342 380 1575 424 contristati
1606 382 1695 425 ostis
1726 380 1780 425 ad
1803 383 2144 441 ροεηίἰιιιίἰαπις
2159 363 2235 428 ‹li-'³'
2282 377 2294 382 '⁶

264 449 378 492 citur
413 448 550 491 etiam
587 448 778 506 (Jerem.
812 445 1007 501 111.1):
1054 445 1117 488 Tu
1145 450 1296 489 autem
1327 445 1539 501 fornicata
1572 461 1610 490 es
1640 461 1734 491 cum
1769 449 2027 494 amatoribus
2050 444 2231 503 muniti&
2293 471 2294 474 ¹

263 521 397 559 tamen
428 521 634 558 revertere
659 513 712 556 ad
737 527 815 564 me,
849 512 951 556 dicit
975 512 1217 569 Dominus3
1245 521 1289 554 et
1314 509 1511 568 (Thren.
1537 511 1616 556 IV.
1644 525 1695 556 21
1704 513 1763 570 .).
1792 514 1996 561 Converte
2020 529 2113 572 nos,
2130 514 2229 562 Do*

261 583 386 635 mine,
420 580 473 624 ad
505 587 555 632 te,
588 585 623 622 et
656 583 973 632 convertemum
1006 579 1165 621 innova
1197 577 1280 621 dies
1308 583 1481 631 nostros,
1513 579 1620 623 sicut
1651 594 1678 623 a
1704 581 1934 640 principio.
1963 572 2035 628 'Ex
2058 575 2220 647 Qhus
2286 591 2289 593 ’

261 647 471 690 omnibus
499 655 681 703 apparet
704 644 840 702 quod,
867 644 904 687 si
930 643 1087 688 fideles
1114 654 1217 702 post
1243 643 1438 702 gratiam
1464 643 1581 704 lapsi
1604 645 1785 700 fuerint,
1810 646 1976 691 iterum
2001 656 2127 706 pauet
2155 648 2220 693 eis

261 713 427 756 reditus
456 712 509 754 ad
538 711 746 754 salutem.
1297 736 1321 746 »e

348 779 435 821 Per
461 778 549 820 hoc
579 786 732 820 autem
760 775 1011 819 excluditur
1037 789 1162 820 error
1191 775 1559 821 Novatianorum
1592 778 1726 835 (teste
1753 778 1859 824 Eus.
1885 779 1943 824 H.
1967 778 2016 823 E.
2044 793 2084 825 c.
2113 781 2220 839 33.)‚

261 845 335 902 qui
361 843 651 901 peccantibus
676 852 779 899 post
803 842 1082 900 baptismum
1107 842 1441 901 indulgentiam
1469 843 1768 902 denegabant.
1794 845 2034 894 Ponebant
2065 855 2218 891 autem

259 911 328 955 sui
354 910 517 954 erroris
544 909 838 952 occasionem
865 922 918 951 ex
946 922 1002 953 eo
1030 909 1153 967 quod
1180 906 1342 953 dicitur
1367 908 1527 967 (Hebr.
1550 908 1630 955 VI.
1648 923 1688 965 4.
1715 921 1759 955 et
1783 909 1872 969 6.):
1895 903 2149 972 Impossibile
2165 920 2221 958 est

258 992 321 1021 eos
347 979 417 1034 qui
441 977 560 1020 semel
581 982 675 1019 sunt
698 975 942 1028 illuminati,
970 981 1007 1019 et
1030 981 1300 1033 gustaverunt
1324 975 1479 1020 donum
1502 977 1677 1031 coeleste,
1701 983 1740 1023 et
1751 979 1980 1037 participes
1994 978 2104 1038 facti
2125 985 2221 1024 sunt

262 1045 442 1102 Spiritus
472 1043 631 1094 Sancti,
658 1047 930 1099 gustaverunt
960 1042 1231 1086 nihilominus
1264 1043 1417 1087 bonum
1447 1044 1533 1088 Dei
1563 1046 1756 1099 verbum,
1789 1046 2041 1104 virtutesque
2064 1046 2219 1093 saeculi

259 1111 442 1162 venturi,
467 1116 505 1153 et
519 1109 710 1168 prolapsi
730 1115 836 1161 sunt,
866 1123 1009 1152 rursus
1034 1111 1236 1153 renovari
1261 1109 1315 1153 ad
1331 1111 1645 1168 poenitentiam.
1669 1110 1760 1156 Sed
1782 1125 1840 1156 ex
1858 1124 1949 1171 quo
1971 1122 2107 1161 sensu
2124 1109 2218 1157 hoc

261 1175 512 1235 Apostolus
541 1175 701 1218 dixerit
728 1185 913 1232 apparet
929 1189 984 1218 ex
1001 1175 1092 1218 hoc
1110 1175 1233 1233 quod
1259 1175 1464 1219 subditur
1486 1174 1611 1233 (ibid.
1634 1175 1722 1233 6.:)
1749 1179 1933 1230 Rursum
1947 1176 2222 1243 crucifigmtes
2292 1190 2294 1234 j

257 1244 517 1301 sibimetipsis
534 1242 694 1286 Filium
712 1242 810 1294 Dei,
835 1248 873 1286 et
894 1243 1068 1286 ostentui
1100 1242 1300 1287 habentes.
1326 1242 1390 1286 Ea
1415 1242 1551 1301 igitur
1577 1245 1768 1298 ratione,
1785 1258 1877 1303 qua
1891 1242 2093 1304 prolapsi
2117 1254 2221 1292 sunt

257 1320 360 1368 post
385 1310 578 1368 gratiam
605 1317 883 1367 perceptam,
909 1309 1121 1352 renovari
1146 1323 1299 1352 rursus
1326 1309 1380 1353 ad
1407 1309 1735 1367 poenitentiam
1761 1324 1869 1355 ιιοιι
1881 1320 2087 1371 possunt,
2103 1325 2220 1375 qma

256 1376 397 1420 Filius
429 1376 517 1420 Dei
547 1389 699 1418 rursus
733 1374 1065 1433 crucifigendus
1096 1389 1191 1423 non
1224 1385 1304 1419 est.
1337 1374 1604 1434 Denegatur
1627 1377 1764 1435 igitur
1793 1376 1890 1430 illa
1902 1377 2143 1436 renovatio
2171 1377 2218 1422 in
2278 1379 2294 1436 f

257 1443 587 1502 poenitentiam
615 1457 695 1500 per
721 1456 858 1503 quam
890 1442 1035 1486 homo
1068 1441 1205 1486 simul
1238 1442 1513 1501 crucifigitur
1545 1443 1748 1497 Christo,
1779 1444 1923 1503 quod
1934 1433 2131 1503 quidem
2152 1454 2220 1489 est

255 1524 336 1568 per
359 1510 662 1568 baptismum3
686 1508 848 1552 dicitur
871 1509 994 1553 enim
1022 1510 1180 1567 (Rom.
1207 1509 1285 1553 VI.
1311 1509 1395 1567 3.):
1427 1511 1690 1576 Quicumque
1708 1512 1844 1569 igitur
1861 1513 2248 1574 baptizatiqsumus‘
2268 1518 2277 1522 ”

255 1579 300 1620 in
326 1577 490 1621 Christo
519 1577 629 1632 Iesu,
663 1578 708 1619 in
740 1582 869 1619 morte
901 1577 1028 1634 ipsius
1060 1577 1261 1634 baptizati
1286 1592 1437 1621 sumus.
1468 1576 1596 1620 Sicut
1619 1577 1756 1635 igitur
1783 1577 1994 1623 Christus
2024 1591 2121 1627 non
2144 1587 2221 1641 „est

254 1643 420 1686 iterum
448 1642 794 1700 crucifigendus,
821 1642 882 1685 ita
910 1642 986 1700 qui
1008 1653 1167 1700 peccat
1188 1652 1292 1701 post
1316 1643 1594 1700 baptismum
1615 1657 1711 1687 non
1732 1653 1804 1688 est
1817 1657 1974 1701 ,rursus
1993 1644 2220 1709 baptizan-

256 1709 362 1764 dus;
390 1719 538 1768 potest
554 1719 710 1753 tamen
727 1723 880 1752 rursus
898 1709 1103 1753 converti
1126 1709 1181 1753 ad
1205 1711 1398 1767 gratiam
1421 1724 1499 1768 per
1521 1711 1875 1768 poenitentiam3
1898 1710 2220 1771 undeetApo‘-
2290 1718 2294 1762 ,ἰ

258 1775 401 1820 stolus
426 1790 520 1820 non
544 1776 666 1829 dixit,
694 1775 817 1834 quod
844 1775 1125 1833 impossibile
1151 1776 1209 1820 sit
1235 1790 1314 1821 eos
1342 1776 1418 1835 qui
1441 1776 1585 1820 semel
1615 1776 1732 1836 lapsi
1763 1786 1884 1832 sunt,
1906 1791 2060 1826 rursus
2078 1782 2218 1830 ‘tevo-
2288 1790 2294 1795 ⁴

257 1843 363 1895 cari,
389 1842 463 1886 vel
491 1842 694 1886 converti
720 1842 776 1885 ad
803 1842 1146 1901 poenitentiam,
1179 1842 1257 1886 sed
1284 1843 1407 1901 quod
1438 1842 1722 1901 impossibile
1752 1844 1810 1889 sit
1839 1843 2069 1905 renovati,
2091 1843 2216 1904 quod

252 1909 480 1968 baptismo
506 1910 744 1953 attribuere
768 1908 898 1965 solet,
926 1918 975 1952 ut
1000 1919 1123 1967 patet
1145 1907 1260 1968 (Tit.
1288 1910 1476 1967 111..5.):
1503 1909 1735 1954 Secundum
1750 1910 2217 1972 miscricordimsuam

253 1977 388 2021 salvos
421 1991 494 2020 nos
515 1977 634 2035 fecit,
663 1984 744 2035 per
775 1976 996 2020 lavacrum
1028 1977 1347 2043 regenerationis
1377 1983 1414 2020 et
1444 1978 1728 2035 renovationis
1756 1972 1936 2037 Spiritus
1968 1977 2127 2038 Sancti.
2155 2016 2157 2018 .
2209 2019 2211 2021 .

972 2132 1229 2188 CAPUT
1269 2128 1501 2188 LXXII.

493 2268 566 2304 DE
597 2266 978 2306 NECESSITATE
1012 2267 1423 2306 POENITENTIAE
1455 2267 1526 2304 ET
1559 2264 1809 2306 PARTIUM
1833 2265 1993 2321 BJUS.

340 2377 406 2420 Ex
431 2376 522 2420 hoc
549 2377 685 2434 igitur
718 2386 904 2436 apparet
926 2379 1062 2435 quod,
1089 2379 1127 2421 si
1150 2377 1312 2435 aliquis
1338 2386 1441 2436 post
1466 2377 1744 2435 baptismum
1765 2366 1938 2437 peccet,
1959 2352 2226 2437 remeditxm

253 2443 320 2487 sui
346 2443 523 2501 peccati
554 2457 633 2501 per
664 2443 940 2501 baptismum
967 2444 1135 2488 habere
1168 2458 1262 2488 non
1294 2454 1468 2503 potest3
1501 2455 1560 2498 et,
1593 2445 1699 2504 quia
1730 2445 2012 2493 abundantia
2037 2445 2227 2500 divinae

253 2509 592 2553 misericordiae
620 2520 663 2554 et
686 2510 888 2554 efficacia
915 2512 1086 2569 gratiae
1114 2511 1287 2556 Christi
1311 2512 1401 2555 hoc
1427 2525 1523 2555 non
1548 2512 1715 2570 patitur
1740 2521 1790 2557 ut
1815 2512 1985 2571 absque
2009 2513 2216 2570 remedio
2282 2528 2294 2584 3

2278 2587 2294 2649 :zi

254 2577 517 2630 dimittatur,
553 2577 809 2621 institutum
844 2588 912 2622 est
949 2578 1069 2621 aliud
1106 2577 1436 2622 sacramentale
1477 2579 1733 2623 remedium
1769 2592 1861 2638 quo
1892 2587 2084 2638 peccata
2117 2593 2217 2639 pur-

253 2652 438 2701 gentur;
465 2653 511 2687 et
535 2643 626 2687 hoc
654 2655 722 2688 est
747 2645 1055 2702 poenitentiae
1082 2655 1437 2698 sacramentum,
1469 2644 1592 2703 quod
1617 2651 1691 2690 est
1724 2645 1948 2704 quaedam
1970 2643 2099 2698 velut
2127 2645 2251 2705 spi.-
2277 2658 2294 2723 ᾗ

251 2711 423 2754 ritualis
456 2711 648 2755 sanatio.
683 2711 811 2754 Sicut
844 2711 968 2755 enim
1000 2711 1078 2770 qui
1109 2712 1250 2756 vitam
1283 2711 1540 2755 naturalem
1572 2726 1651 2770 per
1684 2713 2041 2770 generationem
2063 2712 2228 2772 adepta

252 2787 369 2831 sunt,
405 2777 442 2821 si
478 2776 677 2853 aliquem
719 2778 933 2822 morbum
968 2780 1199 2822 incurrant
1233 2780 1309 2837 qui
1345 2779 1401 2822 sit
1434 2780 1689 2822 contrarius
1719 2777 1991 2837 perfectioni
2020 2778 2160 2834 vitate.
2181 2793 2216 2825 a
2274 2792 2292 2827 j*

254 2844 416 2887 morbo
450 2844 596 2888 curari
622 2854 826 2902 possunt,
853 2858 947 2889 non
974 2844 1160 2903 quidem
1187 2845 1250 2888 sic
1278 2854 1328 2889 ut
1351 2845 1513 2889 iterato
1540 2854 1801 2900 nascantur,
1823 2845 1905 2890 sed
1927 2844 2130 2905 quadam
2156 2844 2216 2893 al-
2266 2879 2276 2893 2

251 2906 474 2955 teratione
507 2921 746 2957 sanantur:
772 2912 834 2955 ita
860 2911 1126 2970 baptismus,
1153 2911 1229 2970 qui
1254 2921 1324 2956 est
1355 2911 1597 2970 spiritualis
1629 2912 1937 2970 regeneratio,
1962 2926 2060 2963 non
2086 2913 2216 2959 reite·
2273 2912 2289 2967 3?

252 2986 374 3022 ratur
401 2987 560 3021 contra
585 2986 774 3036 peccata
799 2987 902 3037 post
927 2978 1207 3036 baptismum
1233 2978 1497 3032 commissa,
1523 2979 1602 3022 sed
1634 2977 1935 3037 poenitentia.
1955 2979 2087 3080 quasi
2108 2992 2267 3045 qm

253 3044 360 3087 dam
386 3043 606 3101 spirituali
633 3043 916 3098 alteratione,
943 3054 1172 3089 sanantur.

344 3110 742 3155 Considerandum
775 3121 841 3155 est
873 3121 1041 3165 autem,
1069 3111 1192 3170 quod
1225 3110 1476 3170 corporalis
1510 3112 1689 3156 sanatio
1720 3073 1995 3172 quandoque
2025 3111 2269 3173 quidem

254 3177 307 3221 ab
333 3177 579 3221 intrinseco
606 3176 806 3221 totaliter
832 3187 913 3231 est,
939 3178 1058 3222 sicut
1084 3179 1267 3254 quando
1295 3177 1457 3237 aliquis
1483 3178 1583 3223 sola
1607 3178 1771 3223 virtute
1795 3187 1984 3234 natutae
2017 3187 2264 3251 curamgg'*
2262 3181 2288 3229 ξ

253 3243 526 3319 quandoque
554 3254 706 3287 autem
730 3244 783 3288 ab
810 3244 1057 3288 intrinseco
1086 3253 1128 3288 et
1156 3244 1409 3289 extrinseco
1436 3244 1588 3298 simul,
1614 3254 1663 3289 ut
1686 3254 1796 3304 puta
1810 3245 2007 3307 quando
2024 3243 2251 3302 naturae

253 3310 458 3368 operatio
502 3312 681 3368 juvatur
721 3311 932 3355 exteriori
975 3311 1199 3355 beneficio
1237 3311 1506 3356 medicinae.
1549 3311 1695 3363 Quod
1727 3321 1886 3362 amem
1914 3312 2140 3359 totaliter
2136 3311 2265 3372 thr
2260 3321 2262 3325 '

255 3377 507 3420 extrinseco
536 3387 715 3421 curetur
740 3391 832 3421 non
856 3377 1101 3436 contingit;
1128 3378 1266 3422 habet
1282 3379 1405 3423 enim
1423 3378 1608 3422 adhuc
1597 3393 1643 3422 m
1670 3379 1820 3439 seipso
1841 3377 2063 3439 principia
2077 3378 2260 3439 vm

253 3458 306 3486 ex
333 3443 493 3502 quibus
520 3446 687 3487 sanitas
713 3444 758 3487 in
785 3444 884 3503 ipso
913 3454 1137 3489 causatur
1164 3445 1218 3489 In
1244 3444 1465 3504 spirituali
1489 3458 1600 3489 vero
1628 3445 1863 3491 curatione
1886 3446 2096 3493 accidere
2112 3455 2250 3517 'W
2245 3442 2262 3511 {1

253 3519 403 3567 potest
428 3510 549 3568 quod
575 3510 774 3555 totaliter
807 3511 860 3555 ab
887 3512 1133 3557 intrinseco
1159 3511 1249 3556 fiat.
1275 3507 1523 3559 Ostensum
1548 3523 1615 3557 est
1636 3512 1760 3556 enim
1781 3512 1829 3559 in
1848 3511 2070 3572 temofficffi
2081 3505 2250 3580 ιω

256 3576 375 3638 quod
405 3590 429 3622 a
456 3576 588 3640 culpa
614 3577 759 3625 homo
787 3578 966 3623 liberari
995 3592 1088 3624 non
1115 3589 1264 3640 potest
1288 3578 1373 3626 nisi
1400 3578 1569 3626 auxilio
1601 3579 1787 3640 gratiae
1820 3578 2060 3637 Simnhtex
2054 3578 2281 3644 cuam}
