2332 3854
823 231 977 270 Lmen
1015 230 1052 270 1.
1093 230 1213 270 CAP.
1255 229 1383 269 Lxx,
2007 216 2077 293 ⁴85

23 336 59 371 ἰ·1
122 332 351 392 «ῃώνετεὴ
384 332 474 377 hoc
502 341 654 378 autem
681 334 903 392 cognosci
928 347 1023 379 non
1049 343 1199 394 potest
1222 333 1311 378 nisi
1337 342 1676 392 cognoscantur
1707 343 1752 378 et
1781 333 2011 379 nobiliora
2038 345 2082 380 et

129 397 307 453 viliora,
333 401 378 444 in
404 412 600 458 quorum
622 399 847 444 distantiis
874 409 918 445 et
942 401 1280 446 habitudinibus
1307 401 1422 446 ordo
1448 400 1646 444 universi
1679 401 1898 445 consistit.
1931 401 2082 446 Relin-

46 468 61 490 Τ
127 464 279 530 quitur
297 467 435 525 igitur
455 466 578 525 quod
599 466 727 511 Deus
753 469 993 526 cognoscit
1019 482 1112 512 non
1135 467 1287 513 solum
1303 466 1488 523 nobilia,
1506 466 1584 512 sed
1603 467 1740 511 etiam
1759 481 1813 512 ea
1835 481 1950 527 quae
1972 467 2080 512 vilia

126 541 353 591 putantur.

209 598 403 644 Adhuc:
429 599 577 644 vilitas
609 600 902 659 cognitorum
934 601 981 645 in
1013 611 1372 659 cognoscentem
1398 614 1492 646 non
1525 600 1748 646 redundat
1779 615 1859 660 per
1886 616 1960 656 se;
1987 602 2076 646 hoc

118 655 196 710 ἐει
221 666 344 710 enim
370 666 426 711 de
450 669 626 712 ratione
653 667 944 726 cognitionis,
972 678 1019 711 ut
1046 682 1334 726 cognoscens
1363 669 1595 713 contineat
1620 668 1794 727 species
1821 668 1994 727 cogniti
2018 683 2082 712 se-

124 732 325 777 cundum
341 733 533 778 modurn
551 748 699 780 suum.
717 735 803 778 Per
813 735 1022 778 accidens
1042 745 1195 779 autem
1212 746 1362 794 potest
1378 735 1630 780 redundare
1647 736 1694 780 in
1717 746 2079 795 cognoscentem

42 813 45 816 ⁴
122 797 271 844 vilitas
288 801 595 859 cognitorum,
611 800 686 845 vel
702 814 758 845 eo
772 800 894 860 quod
912 801 1022 844 dum
1038 800 1144 845 vilia
1156 802 1429 857 considerat,
1453 817 1478 846 a
1489 802 1788 847 nobilioribus
1807 802 2081 846 abstrahitur

125 865 396 924 cogitandis,
422 867 495 911 vel
522 881 578 912 eo
604 868 727 927 quod
754 881 808 912 ex
835 868 1201 913 consideratione
1233 869 1394 913 vilium
1425 869 1471 912 in
1507 868 1681 928 aliquas
1704 868 1940 914 ‘indebitas
1979 868 2083 914 affe-

125 932 300 977 ctiones
325 932 592 979 inclinatur:
619 934 741 994 quod
769 935 953 994 quidem
979 935 1025 979 in
1051 935 1154 979 Deo
1179 949 1276 980 esse
1299 950 1392 979 non
1420 946 1583 994 potest,
1611 946 1660 980 ut
1682 950 1736 980 ex
1762 936 1892 981 dictis
1920 937 1982 994 (c.
2013 937 2080 995 38.

43 1010 50 1020 ”
125 1008 172 1052 et
198 1000 288 1059 39.)
312 1010 450 1059 patet.
467 1001 574 1046 Non
591 1001 729 1060 igitur
751 1003 939 1060 derogat
961 1002 1140 1046 divinae
1162 1002 1388 1046 nobilitati
1405 1002 1566 1046 vilium
1588 1017 1739 1047 rerum
1759 1004 1981 1063 cognitio,
2003 1003 2082 1048 sed

124 1065 272 1124 magis
297 1067 491 1126 pertinet
523 1068 578 1112 ad
610 1068 811 1112 divinam
845 1068 1189 1128 perfectionem,
1227 1069 1482 1114 secundum
1515 1071 1637 1128 quod
1669 1070 1826 1114 omnia
1858 1071 1904 1114 in
1935 1070 2082 1128 seipsa

79 1159 85 1166 -
121 1129 273 1186 habet,
299 1142 349 1177 ut
373 1147 507 1192 supra
531 1135 591 1192 (c.
623 1149 689 1194 31.
718 1145 761 1179 et
788 1135 878 1193 54.)
905 1146 1141 1180 ostensum
1168 1145 1247 1180 est.

171 1259 174 1261 Δ
209 1199 399 1246 Adhuc:
425 1203 564 1247 virtus
591 1202 742 1261 aliqua
766 1217 862 1247 non
886 1203 1110 1262 judicatur
1126 1217 1278 1262 parva,
1305 1217 1422 1262 quae
1440 1203 1494 1247 ‘in
1511 1217 1650 1262 parva
1676 1213 1840 1263 potest,
1862 1203 1941 1248 sed
1959 1216 2076 1262 quae

31 1260 49 1315 js
123 1263 181 1312 ad
204 1280 344 1326 parva
370 1267 718 1325 determinatur;
744 1284 851 1314 nam
883 1270 1024 1315 virtus
1058 1284 1173 1329 quae
1205 1269 1252 1313 in
1288 1285 1458 1329 magna
1491 1280 1655 1330 potest,
1688 1272 1827 1316 etiam
1853 1281 2004 1331 potest
2035 1271 2080 1314 in

11 1320 46 1396 *j
121 1344 276 1394 parva.
302 1334 523 1394 Cognitio
551 1350 661 1395 ergo
693 1349 810 1396 quae
835 1336 974 1381 simul
998 1347 1148 1397 potest
1173 1337 1219 1380 in
1244 1337 1415 1381 nobilia
1433 1347 1477 1382 et
1497 1337 1619 1391 vilia,
1639 1351 1733 1382 non
1753 1349 1820 1382 est
1835 1338 2081 1396 judicanda

120 1399 238 1455 vilis,
262 1401 343 1446 sed
367 1401 447 1447 illa
472 1418 588 1462 quae
614 1404 662 1448 in
698 1403 805 1447 vilia
841 1414 1017 1448 tantum
1053 1413 1218 1464 potest,
1245 1405 1361 1448 sicut
1386 1404 1432 1448 in
1457 1405 1590 1449 nobis
1628 1405 1816 1460 accidit3
1842 1419 1952 1449 nam
1986 1404 2075 1448 alia

12 1466 16 1476 ²
121 1468 486 1515 consideratione
504 1470 848 1515 consideramus
879 1471 1031 1514 divina
1054 1481 1097 1515 et
1122 1471 1340 1525 humana,
1359 1481 1404 1515 et
1425 1472 1514 1515 alia
1530 1471 1719 1516 scientia
1746 1482 1812 1516 est
1832 1472 2078 1531 utriusque,

121 1533 242 1580 unde
267 1539 611 1596 comparatione
642 1537 880 1582 nobilioris
911 1537 1099 1582 inferior
1130 1537 1264 1582 vilior
1295 1547 1539 1596 reputatur.
1573 1538 1625 1582 In
1658 1539 1762 1582 Deo
1796 1548 1951 1583 autem
1981 1552 2076 1582 non

38 1634 50 1646 .
122 1611 192 1646 est
214 1601 296 1658 sic,
320 1617 430 1648 nam
457 1605 615 1649 eadem
644 1604 831 1649 scientia
861 1614 906 1649 et
932 1604 1298 1649 consideratione
1331 1604 1533 1663 seipsum
1565 1615 1610 1649 et
1636 1605 1792 1650 omnia
1819 1605 1907 1649 alia
1934 1605 2079 1650 consi-

122 1667 273 1724 derat;
298 1684 393 1715 non
417 1671 555 1730 igitur
581 1673 677 1730 ejus
704 1671 892 1716 scientia
926 1671 1077 1731 aliqua
1101 1670 1251 1716 vilitas
1284 1671 1553 1716 adscribitur
1579 1686 1631 1716 ex
1658 1671 1765 1726 hoe,
1793 1671 1917 1731 quod
1943 1685 2078 1731 quae-

36 1742 58 1766 -’
121 1747 320 1796 cumque
343 1737 453 1782 vilia
479 1739 733 1798 cognoscit.

210 1803 329 1849 Huic
356 1814 508 1850 autem
536 1815 761 1851 consonat
787 1806 909 1866 quod
942 1806 1105 1850 dicitur
1141 1805 1269 1864 (Sap.
1296 1806 1396 1850 VII.
1424 1817 1495 1861 24.
1534 1815 1578 1850 et
1614 1806 1706 1863 25.)
1741 1805 1796 1850 de
1823 1804 1976 1849 divina
2009 1818 2078 1849 sa-

121 1869 304 1930 pientia,
330 1872 454 1932 quod
478 1875 649 1933 attingit
672 1875 822 1933 ubique
847 1880 1026 1934 propter
1055 1889 1174 1919 suam
1214 1873 1484 1928 munditiam,
1510 1879 1547 1918 et
1581 1873 1688 1917 nihil
1719 1874 1985 1932 inquinatum
2017 1874 2079 1917 in-

117 1939 255 1984 currit
272 1940 318 1983 in
348 1939 480 1985 illam.

209 2005 343 2051 Patet
366 2017 520 2052 autem
547 2022 600 2053 ex
626 2008 882 2068 praedictis,
914 2008 1038 2068 quod
1071 2009 1188 2053 ratio
1225 2022 1341 2067 quae
1376 2008 1424 2051 in
1462 2008 1724 2067 oppositum
1763 2007 2075 2066 objiciebatur,

122 2081 334 2118 ostensae
358 2075 538 2120 veritati
562 2090 656 2120 non
682 2084 918 2134 repugnat.
935 2074 1162 2121 Nobilitas
1180 2076 1304 2120 enim
1322 2075 1538 2119 scientiae
1563 2074 1807 2119 attenditur
1822 2075 2076 2119 secundum

121 2152 175 2184 ea
201 2140 257 2184 ad
284 2155 400 2200 quae
426 2142 732 2202 principaliter
757 2143 946 2187 scientia
974 2143 1220 2196 ordinatur,
1248 2152 1293 2186 et
1316 2156 1410 2186 non
1429 2141 1484 2185 ad
1508 2142 1663 2185 omnia
1686 2155 2003 2200 quaecumque
2023 2142 2071 2185 in

0 2841 9 2959 W·-
0 2683 7 2836 namma-W-

0 3207 5 3229 ἰ.
0 3052 7 3190 νμψ-ῃς-μ
0 2961 7 3028 Ἴψῳ..

46 2232 74 2259 ῳ
120 2206 309 2252 scientia
350 2208 543 2264 cadunt;
582 2209 663 2254 sub
700 2209 986 2254 nobilissima
1022 2210 1146 2254 enim
1178 2209 1472 2253 scientiarum
1511 2208 1630 2267 apud
1666 2222 1751 2252 nos
1775 2209 1943 2252 cadunt
1977 2222 2072 2252 non

39 2292 57 2323 ς
122 2271 274 2319 solum
299 2288 514 2335 suprema
537 2276 585 2321 in
611 2277 804 2330 entibus,
830 2276 910 2320 sed
938 2276 1077 2320 etiam
1103 2276 1286 2330 infima3
1313 2290 1422 2320 nam
1450 2275 1742 2334 philosophia
1760 2276 1908 2334 prima
1935 2275 2080 2320 consi-

120 2340 407 2402 derationem
428 2357 559 2388 suam
586 2344 786 2388 extendit
811 2358 837 2388 a
862 2345 1011 2403 primo
1039 2353 1143 2388 ente
1168 2357 1311 2402 usque
1339 2344 1502 2387 adens
1533 2343 1580 2386 in
1612 2343 1830 2402 potentia,
1857 2343 1981 2401 quod
2008 2353 2075 2387 est

121 2405 334 2465 ultimum
358 2409 406 2453 in
433 2410 624 2456 entibus.
653 2411 729 2455 Sic
757 2420 910 2455 autem
936 2410 1016 2454 sub
1044 2410 1197 2454 divina
1229 2410 1417 2455 scientia
1444 2409 1895 2468 comprehenduntur
1919 2409 2078 2453 infima

61 2504 65 2515 .=
110 2473 313 2530 entium,
333 2477 462 2535 quasi
488 2491 594 2521 cum
619 2476 858 2537 principali
885 2477 1073 2536 cognito
1100 2476 1236 2521 simul
1268 2487 1399 2530 nota;
1433 2477 1585 2520 divina
1623 2477 1747 2521 enim
1779 2477 1974 2521 essentia
2010 2486 2079 2520 est

118 2540 370 2602 principale
396 2557 422 2587 a
446 2543 550 2589 Deo
579 2547 829 2604 cognitum,
854 2544 902 2588 in
928 2558 1019 2604 quo
1053 2545 1211 2588 omnia
1247 2553 1601 2603 cognoscuntur,
1638 2554 1687 2588 ut
1722 2557 1858 2602 supra
1886 2543 1945 2601 (c.
1978 2544 2072 2602 49.)

49 2634 53 2640 ‹
122 2617 355 2654 ostensum
383 2620 464 2655 est.

209 2676 343 2723 Patet
366 2678 505 2722 etiam
531 2679 654 2738 quod
674 2679 791 2724 haec
812 2679 977 2724 veritas
1003 2693 1097 2723 non
1123 2688 1346 2738 repugnat
1366 2677 1496 2722 dictis
1518 2676 1790 2736 Philosophi
1815 2677 1862 2720 in
1889 2676 2073 2720 decimo

46 2743 66 2788 Γ,
120 2744 324 2803 secundo
348 2744 550 2804 Metaph.
579 2746 630 2803 (t.
658 2760 696 2790 c.
728 2745 844 2805 31.);
869 2761 977 2790 nam
1009 2746 1071 2789 ibi
1095 2745 1287 2790 intendit
1320 2744 1558 2789 ostendere
1591 2744 1713 2803 quod
1747 2743 1922 2787 divinus
1949 2742 2078 2788 intel·

42 2803 75 2873 ‚J
107 2809 265 2868 ‘lectus
296 2826 391 2857 non
424 2813 664 2872 cognoscit
695 2813 818 2858 aliud
853 2828 879 2858 a
916 2827 979 2868 se,
1019 2814 1142 2872 quod
1173 2814 1230 2857 sit
1269 2813 1341 2857 sui
1377 2811 1633 2856 intellectus
1670 2809 1903 2869 perfectio,
1945 2810 2074 2868 quasi

121 2879 369 2940 principale
405 2881 666 2939 cognitum3
710 2890 755 2925 et
794 2881 1048 2925 secundum
1087 2881 1211 2924 hunc
1243 2879 1435 2924 modum
1467 2879 1576 2923 dicit
1616 2878 1738 2937 quod
1769 2877 1877 2921 vilia
1910 2876 2073 2922 melius

120 2944 387 3006 ignorantur
428 2962 566 3007 quam
597 2958 949 3007 cognoscantur,
982 2947 1164 3007 quando
1201 2947 1375 2991 scilicet
1401 2957 1468 2991 est
1494 2945 1582 2990 alia
1608 2945 1811 3004 cognitio
1843 2943 2003 2989 vilium
2030 2955 2075 2990 et

63 3008 77 3037 ’ῗ
120 3011 359 3069 nobilium,
386 3024 430 3060 et
459 3014 620 3060 vilium
646 3014 953 3060 consideratio
982 3014 1398 3059 considerationem
1423 3013 1648 3058 nobilium
1673 3012 1878 3071 impedit.

852 3163 1106 3219 CAPUT
1142 3162 1343 3218 LXXI.

643 3284 801 3331 QUOD
842 3285 984 3323 DEUS
1026 3284 1348 3324 COGNOSCIT
1388 3282 1555 3322 MALA.

717 3373 772 3430 (I.
790 3378 907 3432 part.
934 3378 1084 3432 quaest.
1117 3372 1237 3416 XIV.
1265 3378 1345 3416 art.
1373 3373 1474 3429 10.).

212 3474 345 3520 Nunc
367 3484 507 3520 restat
531 3475 770 3520 ostendere
796 3477 918 3536 quod
944 3477 1070 3520 Deus
1094 3484 1347 3535 cognoscat
1371 3474 1510 3518 etiam
1531 3472 1667 3518 mala.
1695 3473 1826 3518 Bono
1850 3473 1973 3518 enim
1998 3487 2071 3518 co-

121 3541 266 3602 gnito,
282 3541 459 3587 malum
484 3542 746 3601 oppositum
762 3543 1067 3602 cognoscitur.
1103 3542 1192 3586 Sed
1211 3542 1336 3585 Deus
1355 3540 1595 3599 cognoscit
1611 3540 1767 3585 omnia
1784 3540 2073 3599 particularia

124 3607 261 3664 bona,
284 3603 446 3668 quibus
472 3606 595 3653 mala
621 3619 937 3668 opponuntur;
965 3607 1207 3669 cognoscit
1231 3608 1369 3665 igitur
1399 3607 1525 3652 Deus
1552 3605 1690 3652 mala.
