2332 3854
761 260 918 300 mm
954 259 1038 299 nt.
1073 261 1193 300 ew.
1234 260 1389 301 κωκυ.
1935 261 2050 318 427

817 478 1072 539 CAPUT
1118 479 1328 536 XCIH.

481 616 567 655 ΠΕ
608 613 822 667 εΑΤο,
863 615 936 655 AN
990 616 1128 667 SIT,
1169 616 1254 655 ET
1295 616 1475 661 QUID
1517 615 1658 654 εῖτ.

674 718 727 775 (Ι.
755 723 870 778 part.
904 724 1056 777 quaest.
1094 717 1249 763 CXVI.
1282 724 1363 763 art.
1394 719 1467 774 1.).

149 868 152 869 ⁷
179 828 247 873 Ex
269 828 339 874 his
365 838 518 873 autem
544 842 660 888 quae
676 829 924 888 praemissa
945 839 1063 883 sunt,
1085 839 1270 889 apparet
1291 830 1430 874 etiam
1451 829 1558 889 quid
1581 830 1640 874 sit
1659 829 1715 875 de
1732 829 1839 875 fato
1852 829 2049 875 sentien—

0 894 16 916 “'
92 894 219 941 dum.
234 894 452 940 videntes
469 895 592 939 enirn
608 896 822 940 homines
838 895 1039 940 multain
1056 896 1147 941 hoc
1164 896 1338 940 mundo
1364 910 1445 955 per
1470 896 1682 941 accidens
1705 897 1985 956 contingere,
2011 895 2054 941 sis

93 975 259 1006 causae
289 960 580 1021 particulares
613 962 968 1016 considerentur,
991 973 1240 1026 posue-runt
1265 962 1450 1021 quidam
1473 963 1594 1021 quod
1620 977 1705 1008 nec
1733 963 1870 1008 etiam
1899 963 1953 1007 ab
1972 962 2053 1007 ali-

0 1008 7 1045 3
37 1053 43 1060 ·
93 1028 262 1088 quibus.
293 1027 599 1087 superioribus
636 1028 784 1072 causis
825 1029 1111 1083 ordinentur-3
1150 1039 1195 1073 et
1229 1029 1300 1073 his
1339 1028 1574 1073 videbatur
1614 1028 1759 1074 fatum
1797 1028 1913 1073 nihil
1949 1041 2048 1074 esse

93 1095 305 1140 omnino.
328 1093 531 1146 Quidam
548 1109 660 1139 vero
686 1109 740 1139 ea
764 1095 811 1138 in
838 1095 1012 1154 aliquas
1038 1094 1222 1140 altiores
1249 1109 1410 1140 causas
1431 1094 1647 1140 reducere
1672 1106 1776 1141 sunt
1804 1096 1968 1149 conati,
1995 1108 2049 1139 ex

93 1161 255 1221 quibus
274 1174 381 1205 cum
407 1161 605 1220 quadam
621 1161 920 1220 dispositione
946 1161 1152 1206 ordinate
1178 1162 1452 1220 procedant;
1475 1172 1518 1206 et
1543 1162 1593 1205 hi
1618 1161 1764 1206 fatum
1784 1171 2048 1222 posuerunt,

93 1227 225 1287 quasi
253 1241 310 1272 ea
338 1241 456 1287 quae
486 1227 696 1272 videntur
723 1243 751 1271 a
776 1241 883 1272 casu
917 1228 1182 1287 contingere
1223 1228 1312 1273 sint
1337 1229 1391 1272 ab
1425 1227 1575 1288 aliqua
1608 1242 1746 1273 causa
1771 1227 1920 1283 effata,
1952 1227 2049 1272 sive

92 1293 371 1354 praelocuta,
391 1304 437 1338 et
459 1294 778 1352 praeordinata
803 1304 852 1338 ut
877 1305 1039 1339 essent.

182 1360 360 1406 Hor-um
393 1374 504 1419 ergo
531 1361 716 1419 quidam
744 1361 902 1405 omnia
945 1375 1061 1420 quae
1092 1361 1168 1406 hic
1201 1362 1414 1406 accidunt
1446 1375 1472 1406 a
1503 1375 1611 1406 casu
1645 1362 1956 1421 contingentia
1986 1375 2052 1406 re·

10 1434 15 1478 ζ
92 1427 260 1472 ducere
275 1428 429 1472 conati
454 1436 572 1481 sunt,
598 1428 715 1472 sicut
738 1428 787 1472 in
813 1442 988 1482 causas,
1012 1428 1060 1471 in
1087 1428 1302 1472 coelestia
1319 1442 1528 1488 corpora,
1548 1429 1687 1474 etiam
1705 1428 1955 1473 electiones
1969 1429 2050 1472 hu-

93 1501 256 1539 manas
280 1494 327 1538 vi
350 1494 589 1554 positionis
620 1494 834 1548 siderum,
857 1495 931 1538 cui
962 1495 1120 1539 omnia
1151 1509 1257 1539 cum
1284 1495 1482 1554 quadam
1507 1497 1775 1540 necessitate
1801 1495 1938 1540 subdi·
1956 1509 2046 1555 po-

10 1598 15 1608 2
92 1561 276 1615 nebant,
309 1559 454 1606 fatum
491 1560 785 1620 appellantes,
818 1575 934 1620 quae
968 1562 1154 1620 quidem
1185 1562 1352 1620 positio
1385 1561 1680 1620 impossibilis
1713 1572 1794 1616 est,
1830 1571 1875 1607 et
1906 1576 1932 1606 a
1963 1561 2053 1606 fide

4 1624 19 1640 ²
93 1627 257 1681 aliena,
276 1637 326 1672 ut
346 1641 401 1672 ex
421 1628 727 1685 superioribus
753 1629 814 1686 (c.
837 1640 908 1685 71.
936 1637 982 1672 et
1006 1628 1121 1687 seq.)
1147 1638 1283 1687 patet.
1314 1627 1519 1680 Quidam
1542 1642 1654 1672 vero
1681 1631 1728 1673 in
1750 1629 2048 1687 dispositione

15 1691 22 1694 ”
94 1693 275 1739 divinae
305 1694 617 1752 providentiae
650 1694 809 1739 omnia
839 1694 1055 1739 reducere
1079 1694 1324 1739 voluerunt
1350 1709 1665 1754 quaecumque
1691 1695 1738 1739 in
1770 1695 1842 1740 his
1872 1694 2053 1739 inferio·

91 1760 215 1806 ribus
240 1774 349 1806 casu
372 1761 637 1820 contingere
661 1761 896 1806 videntur:
922 1761 1042 1805 unde
1068 1761 1224 1806 omnia
1248 1760 1342 1805 fato
1368 1761 1442 1820 agi
1467 1761 1688 1816 dixerunt,
1715 1761 2051 1806 ordinationem

93 1842 211 1888 quae
234 1838 305 1873 est
327 1829 386 1873 im
399 1828 534 1873 rebus
552 1842 607 1872 ex
621 1828 773 1872 divina
788 1828 1073 1887 providentia
1088 1828 1233 1873 fatum
1249 1831 1563 1883 nominante53
1591 1828 1710 1873 unde
1728 1829 1914 1873 Boetius
1940 1828 2050 1874 dicit

93 1894 229 1954 quod·
245 1893 395 1940 fatum
419 1904 488 1940 est
515 1894 758 1940 inhaerens
790 1896 922 1939 rebus
956 1895 1199 1940 mobilibus
1226 1895 1479 1955 dispositio,
1501 1910 1581 1955 per
1603 1910 1741 1955 quam
1764 1895 2048 1955 providentia

13 1971 19 2017 ζ
97 1962 190 2007 suis
210 1976 418 2021 quaeque
442 1962 585 2007 nectit
606 1962 853 2006 ordinibus.
878 1962 931 2006 In
958 1977 1047 2021 qua
1072 1961 1154 2006 fati
1179 1962 1483 2022 descriptione
1503 1963 1741 2022 dispositio
1767 1977 1849 2021 pro
1877 1962 2053 2007 ordina-

3 2031 18 2052 ²
96 2028 226 2074 tione
238 2029 436 2088 ponitur.
462 2028 516 2073 In
541 2028 674 2073 rebus
690 2039 844 2073 autem
875 2029 1118 2074 inhaerens
1134 2029 1317 2088 ponitur
1342 2039 1392 2074 ut
1417 2029 1718 2088 distinguatur
1733 2028 1878 2073 fatum
1905 2044 1931 2073 a
1953 2043 2054 2087 pro-

10 2136 24 2154 ,7
93 2095 307 2140 videntia.
333 2095 455 2139 Nam
478 2095 577 2154 ipsa
604 2095 830 2140 ordinatio
857 2096 1111 2141 secundum
1143 2096 1265 2155 quod
1291 2096 1337 2140 in
1370 2106 1522 2141 mente
1555 2097 1708 2141 divina
1734 2107 1814 2151 est,
1840 2098 2051 2142 nondum

92 2162 232 2207 rebus.
256 2162 492 2221 impressa,
518 2162 802 2221 providentia
827 2172 918 2216 est;
951 2162 1203 2207 secundum
1234 2177 1345 2208 vero
1379 2163 1501 2222 quod
1533 2164 1627 2221 jam
1654 2174 1723 2208 est
1747 2163 1971 2223 explicata
2002 2163 2050 2207 in

6 2222 22 2274 ᾖ
91 2228 240 2283 rebus,
264 2228 410 2277 fatum
434 2229 711 2273 nominatur.
737 2229 982 2274 Mobilibus
1011 2240 1165 2274 autem
1191 2230 1314 2284 dicit,
1345 2241 1395 2275 ut
1420 2231 1629 2276 ostendat
1660 2232 1782 2290 quod
1809 2231 1924 2276 ordo
1954 2244 2053 2290 pro-

8 2303 31 2343 i
90 2294 318 2342 videmiae
343 2296 477 2340 rebus
503 2296 865 2355 contingentiam
891 2306 936 2340 et
961 2296 1265 2341 mobilitatem
1297 2311 1391 2341 non
1419 2297 1575 2352 aufert,
1604 2308 1653 2342 ut
1678 2298 1863 2356 quidam
1889 2312 2051 2357 posue·

90 2374 209 2408 runt.
237 2361 502 2407 Secundum
532 2363 651 2406 hanc
685 2376 796 2421 ergo
819 2363 1152 2421 acceptionem,
1177 2377 1346 2423 negare
1372 2363 1517 2408 fatum
1543 2375 1611 2409 est
1635 2365 1971 2424 providentiam
1993 2366 2053 2409 di-

16 2431 31 2481 ἶ
92 2431 457 2489 vinam-negare.
485 2430 577 2474 Sed
603 2432 707 2489 quia
735 2444 840 2474 cum
873 2429 1128 2474 infidelibus
1154 2445 1240 2475 nec
1266 2433 1457 2475 nomina
1489 2432 1708 2476 debemus
1734 2432 1904 2476 habere
1931 2445 2054 2476 com-

93 2496 266 2557 munia,
290 2510 349 2541 ne
376 2511 430 2541 ex
457 2497 689 2541 consortio
715 2497 958 2541 nominum
994 2497 1139 2556 possit
1174 2497 1294 2542 sumi
1330 2498 1494 2543 erroris
1521 2499 1722 2552 occasio,
1754 2500 1943 2542 nomine
1967 2497 2047 2542 fati

16 2574 33 2622 J
93 2577 189 2608 non
215 2557 285 2608 est
308 2577 334 2607 a
364 2563 571 2608 fidelibus
607 2564 842 2618 utendum,
874 2578 933 2608 ne
964 2564 1202 2608 videamur
1231 2563 1320 2608 illis
1353 2565 1583 2618 assentire,
1602 2565 1679 2624 qui
1716 2564 1837 2609 male
1870 2565 1926 2609 de
1957 2564 2050 2610 fato

16 2629 39 2695 ᾗ
92 2640 343 2687 senserunt,
369 2630 528 2675 omnia
557 2631 816 2675 necessitati
841 2631 1042 2675 siderum
1069 2630 1371 2688 subjicientes.
1405 2632 1540 2675 Unde
1566 2632 1849 2690 Augustinus
1876 2632 1984 2676 dicit
2003 2632 2050 2676 in

23 2738 32 2745 ,
93 2697 253 2756 quinto
277 2697 350 2741 De
375 2698 496 2741 civit.
523 2697 613 2741 Dei
643 2698 705 2756 (c.
737 2697 820 2753 1.):
849 2713 873 2738 «
903 2698 953 2741 Si
978 2698 1078 2756 quis
1103 2697 1332 2751 virtutem,
1358 2697 1433 2742 vel
1454 2708 1728 2757 potestatem
1753 2698 1844 2742 Dei
1868 2697 1948 2742 fati
1972 2712 2051 2742 no·

26 2751 30 2773 ³
93 2764 219 2808 mine
255 2762 467 2822 appellat,
499 2766 772 2808 sententiam
798 2773 965 2818 teneat,
1006 2763 1211 2822 linguam
1239 2765 1494 2823 corrigat».
1528 2765 1582 2809 Et
1611 2765 1861 2823 Gregorius
1889 2779 2050 2809 secun-

93 2830 443 2875 dumeumdem
475 2830 759 2874 intellectum
792 2830 902 2874 dicit
933 2830 1127 2887 (Homil.
1154 2831 1211 2874 X.
1244 2831 1290 2874 in
1323 2831 1495 2891 Evang.
1519 2831 1790 2891 Epiphan.):
1821 2847 1845 2872 «
1865 2831 1998 2876 Absit
2023 2846 2048 2876 a

94 2896 296 2942 fidelium
322 2897 549 2942 mentibus
581 2907 630 2941 ut
654 2895 799 2941 fatum
833 2896 1018 2956 aliquod
1044 2911 1143 2941 esse
1171 2897 1323 2942 dicant
1339 2915 1380 2943 ».

819 3049 1073 3105 CAPUT
1116 3034 1320 3107 XCIV.

468 3185 541 3223 DE
582 3184 959 3226 CERTITUDINE
998 3185 1225 3225 DIVINAE
1257 3185 1680 3227 PROVIDENTIAE.

32 3340 41 3357 ἢ,
182 3292 439 3339 Difficultas
466 3305 619 3339 autem
645 3294 871 3354 quaedam
897 3308 951 3339 ex
973 3295 1232 3354 praemissis
1260 3294 1502 3340 suboritur.
1531 3295 1578 3339 Si
1606 3293 1730 3339 enim
1753 3293 1911 3338 omnia
1935 3307 2053 3353 quae

34 3357 57 3410 J
97 3360 174 3406 hic
205 3360 391 3406 inferius
431 3369 638 3419 aguntur,
680 3361 819 3405 etiam
860 3361 1186 3420 contingentia,
1218 3362 1530 3420 providentiae
1571 3361 1750 3406 divinae
1787 3361 2052 3414 subduntur,

31 3443 43 3468 f
97 3438 293 3505 oportet,
319 3437 368 3472 ut
397 3428 588 3483 videtur,
612 3427 687 3473 vel
715 3427 1050 3487 providentiam
1076 3442 1169 3472 non
1203 3442 1302 3473 esse
1336 3438 1521 3483 certam,
1546 3428 1621 3472 vel
1638 3429 1795 3472 omnia
1822 3442 1877 3472 ex
1901 3441 2055 3472 neces·

0 3470 1 3475 ¹
97 3494 229 3540 sitate
253 3495 533 3553 contingere.
562 3494 776 3540 Ostendit
792 3494 916 3539 enim
933 3494 1275 3553 Philosophus
1264 3509 1311 3565 ¹.ss
1337 3505 1473 3539 sexto
1482 3494 1683 3554 Metaph.
1709 3497 1761 3553 (t.
1786 3508 1825 3539 c.
1843 3494 1905 3552 7.)
1928 3494 2052 3554 quod

49 3576 53 3610 2
98 3560 138 3606 si
157 3574 346 3606 omnem
372 3560 586 3606 effectum
611 3561 826 3620 ponimus
842 3561 1010 3606 habere
1038 3561 1238 3620 aliquam
1263 3575 1447 3606 causam
1472 3575 1552 3619 per
1577 3575 1641 3639 se,
1664 3571 1709 3606 et
1729 3562 1907 3615 iterum,
1929 3561 2052 3620 quod

0 3636 2 3650 ¹
33 3675 54 3697 L
99 3627 305 3688 qualibet
328 3642 471 3674 causa
497 3642 579 3688 per
603 3642 655 3674 se
685 3629 847 3689 posita,
871 3628 1179 3675 necessarium
1204 3628 1263 3673 sit
1287 3626 1501 3674 effectum
1526 3628 1651 3688 poni,
1683 3637 1899 3687 sequetur
1929 3628 2052 3687 quod
