2332 3854
0 2772 27 3401 ..siffiwvewzmssmwmww
0 2733 7 2744 ³
0 2714 6 2720 ¹·
0 2689 10 2699 '⁴

837 306 844 313 .
880 272 1033 320 Lmen
1074 281 1145 320 xv.
1187 281 1308 320 CAP.
1349 280 1420 318 vx.
1990 269 2126 333 ”549

181 383 317 428 habet
327 379 722 428 immortalitatem
739 392 783 427 et
800 381 951 428 lucem
972 383 1146 428 habitat
1170 381 1546 427 inaccessibilem.
1571 379 1704 425 Solus
1726 393 1835 439 ergo
1854 379 1986 424 Pater
2002 380 2129 423 Deus

180 455 314 496 verus
346 452 433 505 est3
462 458 558 494 non
582 461 693 508 ergo
717 446 870 494 Filius.

268 516 532 563 Praeterea:
553 511 781 562 Dominus
805 517 913 562 dicit
933 517 1115 576 (Joann.
1142 518 1265 562 XIV.
1294 517 1410 579 28.):
1437 518 1565 578 Pater
1581 518 1722 574 masor
1745 529 1810 576 me
1836 521 1891 559 est
1901 529 1917 566 ;
1942 518 1986 557 et
2003 513 2134 578 Apo·

179 583 325 628 stolus
349 585 460 628 dicit
494 582 658 629 Filium
691 583 811 628 Patri
850 598 948 628 esse
980 584 1234 643 subjectum
1269 584 1322 642 (I.
1358 583 1466 629 Cor.
1488 582 1587 628 XV.
1622 582 1736 639 28.):
1776 580 1919 643 Quum
1952 581 2132 638 subjecta

172 646 342 708 fuerint
362 651 428 695 illi
453 652 610 703 omnia,
643 656 739 695 tunc
765 657 803 695 et
828 652 908 710 ipse
934 651 1067 695 Filius
1097 653 1297 707 subjectus
1322 652 1402 694 erit
1427 651 1477 703 ei,
1505 649 1678 693 scilicet
1704 647 1841 709 Patri,
1867 649 1939 708 qui
1957 647 2134 704 subjecit

178 716 260 761 sibi
276 719 432 761 omnia.
457 717 505 761 Si
533 726 683 761 autem
711 727 827 761 esset
853 731 940 760 una
969 728 1126 761 natura
1154 718 1298 761 Patris
1323 728 1366 761 et
1391 715 1505 769 Filii,
1529 724 1646 760 esset
1672 715 1808 759 etiarn
1843 727 1933 757 una
1960 711 2133 771 magni-

179 782 291 827 tudo
316 795 362 828 et
392 798 482 827 una
514 785 745 843 majestas;
784 796 877 827 non
911 784 1033 827 enim
1065 783 1203 827 Filius
1231 793 1349 827 esset
1381 783 1531 826 minor
1567 782 1700 826 Patre
1725 794 1810 825 nec
1842 779 1965 825 Patri
1991 778 2135 836 subje-

103 897 108 901 ,
181 851 292 894 etus.
309 846 596 909 Relinquitur
618 864 727 909 ergo
750 864 805 895 ex
823 850 1063 909 Scripturis
1091 850 1211 909 quod
1230 849 1368 894 Filius
1390 862 1485 893 non
1502 849 1560 893 sit
1585 848 1790 907 ejusdem
1815 855 2004 891 naturae
2025 852 2133 890 'cum

179 914 329 969 Patre,
359 925 411 960 ut
437 914 691 960 credebant.
1879 967 1885 972 ‚

268 981 460 1026 Adhuc:
485 992 643 1026 natura
666 983 809 1027 Patris
834 997 928 1027 non
955 984 1118 1041 patitur
1151 982 1460 1037 indigentiam.
1488 981 1538 1025 In
1565 980 1680 1025 Filio
1704 987 1856 1023 autem
1880 968 2132 1037 indigentia

180 1047 425 1102 invenitur:
460 1050 712 1093 ostenditur
733 1050 854 1093 enim
883 1064 934 1094 ex
956 1050 1196 1107 Scripturis
1215 1050 1335 1108 quod
1356 1062 1381 1092 a
1398 1049 1530 1092 Patre
1550 1048 1731 1105 recipit:
1760 1046 1960 1104 recipere
1980 1048 2134 1108 autem

182 1112 430 1172 indigentis
454 1125 545 1169 est3
568 1116 730 1159 dicitur
747 1116 867 1160 enim
891 1116 1075 1174 (Matth.
1103 1115 1180 1159 XI.
1210 1115 1323 1173 27.):
1355 1116 1509 1160 Omnia
1535 1114 1639 1158 mihi
1661 1113 1819 1158 tradita
1843 1117 1939 1158 sunt
1959 1125 1985 1155 a
2011 1110 2138 1175 Patre

181 1191 299 1233 ment
326 1182 371 1225 et
397 1177 580 1239 (Joann.
608 1178 688 1228 111.
716 1183 826 1240 35.):
851 1183 975 1227 Pater
1006 1182 1140 1240 diligit
1162 1183 1336 1236 Filium,
1371 1188 1406 1226 et
1428 1183 1570 1225 omnia
1596 1180 1705 1225 dedit
1722 1181 1765 1224 in
1790 1184 1920 1223 manu
1942 1181 2042 1238 ejus.
2056 1176 2134 1222 Vi·

182 1244 313 1292 fletur
334 1244 472 1307 igitur
504 1247 642 1292 Pilius
663 1262 758 1292 non
791 1263 888 1293 esse
916 1249 1117 1306 ejusdem
1146 1258 1332 1293 naturae
1360 1259 1465 1292 cum
1498 1247 1646 1291 Patre.
1723 1301 1726 1303 ,

269 1312 503 1373 Amplius:
536 1315 691 1364 doceri
714 1325 757 1359 et
784 1315 987 1373 adjuvari
1019 1314 1262 1373 indigentis
1290 1324 1368 1359 est.
1396 1313 1534 1359 Filius
1554 1320 1704 1357 autern
1729 1326 1754 1356 a
1786 1308 1920 1356 Patre
1946 1310 2136 1355 doce't‘ur

181 1380 442 1438 etjuvatur3
459 1381 620 1425 dicitur
636 1383 757 1425 enim
784 1379 965 1440 (Joann.
992 1381 1048 1425 V.
1071 1380 1184 1440 19.):
1213 1380 1310 1425 Non
1329 1386 1459 1440 potest
1473 1380 1612 1424 Filius
1637 1394 1662 1423 a
1678 1379 1867 1438 sefacere
1891 1377 2136 1436 quidqua‘m,

181 1446 266 1491 nisi
290 1445 399 1505 quod
418 1442 572 1492 viderit
597 1443 765 1492 Patrem
781 1449 1007 1508 facientem
1019 1463 1035 1500 ;
1065 1458 1110 1491 et
1134 1447 1216 1493 ita:
1240 1448 1365 1492 Pater
1391 1446 1525 1505 diligit
1545 1446 1723 1506 Filium,
1749 1451 1788 1491 et
1808 1446 1950 1509 omnia
1975 1443 2137 1488 'demon-

180 1518 285 1557 strat
304 1515 342 1557 ei
361 1527 464 1572 quae
479 1515 562 1574 ipse
572 1515 686 1572 facit
696 1530 713 1567 ,·
742 1524 786 1559 et
809 1513 949 1558 Filius
967 1512 1075 1557 dicit
1096 1513 1324 1572 discipulis
1348 1513 1530 1571 (Joann.
1556 1511 1656 1556 XV.
1690 1511 1802 1570 15.):
1828 1511 1987 1557 Omnia
2019 1524 2139 1568 quae-

186 1593 358 1638 cumque
389 1579 537 1624 audivi
562 1595 588 1623 a
619 1581 745 1626 Patre
770 1596 872 1634 meo,
907 1587 1006 1625 nota
1028 1581 1117 1639 feci
1147 1582 1275 1624 vobis.
1298 1580 1406 1624 Non
1432 1579 1569 1638 igitur
1600 1579 1777 1623 videtur
1803 1584 1901 1623 esse
1927 1576 2134 1637 ejusdem

183 1655 370 1690 naturae
401 1645 539 1691 Filius
566 1661 671 1690 cum
702 1647 848 1691 Patre.

273 1711 537 1756 Praeterea:
571 1723 858 1772 praeceptum
892 1712 1106 1771 recipere,
1137 1711 1339 1765 obedire,
1373 1726 1518 1764 orare,
1546 1721 1590 1755 et
1621 1712 1737 1754 mitti
1774 1709 1999 1754 inferioris
2032 1723 2131 1754 esse

180 1777 370 1829 videtur.
399 1778 525 1822 Haec
544 1791 696 1823 autem
723 1781 778 1824 de
804 1779 919 1824 Filio
946 1780 1178 1837 leguntur3
1205 1779 1313 1823 dicit
1343 1779 1466 1823 enim
1503 1778 1642 1839 Filius
1674 1778 1854 1836 (Joann.
1872 1778 1994 1821 XIV.
2020 1778 2135 1836 31.):

185 1842 303 1888 Sicut
317 1844 562 1889 mandatum
579 1846 687 1889 dedit
703 1845 806 1889 mihi
823 1846 962 1899 Pater,
978 1847 1034 1889 sic
1042 1846 1160 1904 facio
1170 1856 1186 1897 5
1206 1856 1250 1889 et
1267 1845 1483 1903 (Philipp.
1502 1840 1555 1889 11.
1577 1845 1659 1901 8.):
1693 1846 1847 1889 Factus
1878 1851 1932 1889 est
1953 1844 2136 1889 obediens

183 1910 305 1954 Patri
337 1925 461 1970 usque
501 1911 555 1955 ad
585 1919 758 1957 mortem
770 1928 787 1964 ,·
822 1923 866 1956 et
896 1913 1078 1970 (Joann.
1111 1912 1233 1956 XIV.
1267 1910 1376 1969 16‚):
1408 1913 1497 1970 Ego
1530 1913 1685 1971 rogabo
1719 1912 1904 1966 Patrem,
1937 1917 1973 1956 et
2004 1911 2137 1956 alium

182 1967 450 2022 Paracletum
475 1973 590 2023 dabit
614 1980 757 2031 vobis;
786 1988 830 2023 et
850 1978 1024 2038 (Galat.
1048 1977 1124 2022 IV.
1152 1979 1216 2035 4.)
1244 1978 1352 2022 dicit
1378 1977 1650 2037 Apostolus:
1682 1979 1767 2029 Ubi
1789 1979 1905 2023 venit
1921 1977 2138 2038 plenitudo

183 2045 394 2103 temporis,
426 2046 539 2102 misit
572 2044 686 2089 Deus
711 2045 872 2090 Filium
894 2061 1026 2090 suum.
1045 2043 1124 2089 Est
1141 2059 1251 2103 ergo
1269 2043 1409 2088 Filius
1427 2045 1578 2088 minor
1599 2045 1731 2089 Patre
1746 2055 1803 2104 *et
1829 2045 1871 2088 ei
1896 2042 2140 2105 Subjectus.

268 2106 409 2154 Item:
442 2106 580 2155 Filius
607 2111 878 2157 clarificatur
896 2126 919 2155 a
946 2111 1094 2165 Patre,
1121 2112 1352 2171 sicutipse
1379 2111 1487 2154 dicit
1513 2111 1693 2170 (Joann.
1720 2110 1821 2156 XII.
1849 2110 1965 2168 28.):
1990 2110 2135 2167 Pater,

182 2171 372 2235 clarifica
397 2190 547 2223 nomen
570 2184 685 2222 tuum
698 2194 714 2231 ;
750 2188 795 2223 et
819 2178 1042 2237 sequitur:
1080 2179 1198 2222 Venit
1221 2193 1305 2222 vox
1337 2177 1382 2222 de
1404 2178 1539 2222 coelo:
1573 2178 1629 2222 Et
1655 2178 1906 2237 clarificavI,
1926 2178 2135 2236 etiterum

181 2242 435 2302 clarificabo.
454 2237 704 2304 Apostolus
731 2246 868 2290 etiam
886 2245 993 2289 dicit
1011 2245 1169 2303 (Rom.
1200 2243 1321 2302 VIII.
1349 2258 1365 2288 1
1381 2245 1435 2302 1.)
1465 2244 1588 2303 quod
1609 2243 1734 2288 Deus
1757 2244 1973 2288 suscitavit
1996 2243 2136 2300 Iesum

185 2304 397 2355 Christum
428 2323 455 2354 a
485 2313 696 2364 mortuis;
721 2322 766 2356 et
787 2311 945 2356 Petrus
970 2312 1078 2356 dicit
1104 2311 1228 2369 (Act.
1255 2310 1310 2354 II.
1343 2310 1432 2370 33.)
1460 2311 1582 2370 quod
1609 2316 1676 2356 est
1711 2310 1879 2356 dextera
1910 2308 1996 2356 Dei
2025 2302 2136 2355 exsal-

181 2379 300 2420 tatus.
334 2370 399 2419 Ex
430 2376 590 2436 quibus
622 2377 798 2422 videtur
824 2376 946 2437 quod
972 2378 1029 2422 sit
1053 2377 1186 2422 Patre
1214 2375 1413 2423 inferior.

262 2439 525 2488 Ptaeterea:
562 2443 609 2487 in
643 2453 803 2488 natura
829 2443 974 2488 Patris
1006 2443 1158 2488 nullus
1191 2442 1392 2501 defectus
1421 2450 1715 2502 esseppotest.
1746 2444 1800 2488 In
1832 2442 1947 2488 Filio
1980 2441 2134 2488 autem

179 2506 408 2553 invenitur
432 2507 632 2554 defectus
658 2512 917 2572 potestatis3
944 2511 1106 2555 dicitur
1128 2512 1250 2554 enirn
1277 2510 1458 2568 (Matth.
1486 2507 1586 2554 XX.
1606 2510 1722 2569 23.):
1759 2509 1902 2555 Sedere
1928 2500 1982 2554 ad
2001 2509 2139 2555 dexte-

180 2582 276 2619 ram
300 2588 434 2619 meam
453 2575 520 2620 vel
539 2577 752 2622 sinistram
777 2592 861 2621 non
877 2583 933 2622 est
957 2586 1093 2622 meum
1120 2577 1218 2622 dare
1242 2578 1374 2630 vobis,
1401 2576 1468 2622 sed
1492 2579 1639 2636 quibus
1650 2583 1857 2637 paratum
1883 2583 1939 2622 est
1961 2591 1994 2636 a,
2011 2577 2137 2621 Patre

181 2643 299 2693 meo:
327 2637 527 2686 defectus
555 2640 691 2687 etiam
725 2643 962 2698 scientiae3
995 2643 1103 2687 dicit
1135 2644 1258 2687 enim
1282 2643 1379 2702 ipse
1408 2643 1589 2700 (Matth.
1620 2642 1790 2688 XXIV.
1822 2641 1939 2701 360⁴:
1973 2642 2041 2687 De
2071 2642 2137 2686 die

183 2712 318 2751 autem
343 2702 419 2751 illa
443 2714 483 2752 et
507 2707 610 2752 hora
627 2721 744 2753 nemo
769 2711 860 2764 scit,
882 2724 1008 2767 neque
1030 2709 1166 2767 angeli
1187 2711 1232 2752 in
1258 2710 1382 2762 coelo,
1407 2725 1532 2768 neque
1557 2710 1598 2753 F
1602 2710 1710 2762 ilius,
1739 2711 1819 2753 nisi
1844 2708 1970 2754 Pater
1976 2724 1993 2761 ,·
2015 2709 2141 2752 inve-

183 2774 303 2817 nitur
335 2774 471 2817 etiam
495 2775 539 2817 in
567 2788 623 2819 eo
651 2773 852 2820 defectus
880 2776 1058 2835 quietae
1087 2774 1352 2828 affectionis,
1386 2790 1525 2835 quum
1552 2776 1598 2818 in
1626 2790 1682 2819 eo
1711 2775 1941 2834 Scriptura
1969 2780 2140 2818 asserat

182 2838 408 2885 tristitiam
443 2839 595 2893 fuisse,
631 2850 675 2884 et
705 2841 834 2894 iram,
854 2851 898 2885 et
924 2841 1033 2885 alias
1070 2842 1333 2899 hujusmodi
1365 2842 1612 2900 passiones.
1654 2841 1760 2886 Non
1792 2842 1929 2900 igitur
1959 2841 2137 2886 ‘videtur

184 2904 323 2964 Filius
350 2920 449 2950 esse
476 2906 678 2964 ejusdem
705 2917 892 2951 naturae
920 2922 1022 2951 cum
1048 2908 1196 2952 Patre.

274 2969 462 3017 Adhuc:
498 2987 704 3032 expresse
737 2975 782 3017 in
821 2973 1061 3033 Scripturis
1096 2974 1320 3018 invenitur
1355 2975 1475 3032 quod
1508 2973 1646 3018 Filius
1687 2974 1775 3019 Dei
1815 2974 1873 3018 sit
1904 2985 2139 3030 creatura;

186 3038 349 3083 dicitur
365 3039 485 3082 enim
517 3039 677 3097 (Eccli.
701 3040 866 3084 XXIV.
900 3042 1007 3098 12.):
1036 3042 1163 3086 Dixit
1181 3041 1284 3084 mihi
1305 3048 1467 3085 creator
1492 3043 1677 3085 omnium
1690 3056 1706 3093 ‚·
1734 3047 1771 3086 et
1795 3042 1868 3099 qui
1892 3043 2054 3086 creavit
2068 3049 2138 3100 <me

182 3103 387 3164 requievit
404 3108 447 3149 in
466 3106 730 3150 tabernaculo
756 3121 842 3151 meo
854 3122 870 3159 ;
901 3107 1149 3151 etiterum:
1178 3109 1244 3152 Ab
1259 3109 1398 3162 initio,
1425 3114 1464 3152 et
1481 3114 1574 3153 ante
1590 3107 1752 3152 saecula
1770 3114 1910 3153 creata
1925 3117 2030 3153 sum.
2057 3106 2138 3152 Est

184 3171 321 3231 igitur
351 3171 489 3216 Filius
522 3183 754 3228 creatura„

274 3236 535 3282 Praeterea:
554 3236 692 3283 Filius
712 3240 925 3284 creaturis
953 3250 1330 3295 connumeratum
1350 3240 1512 3284 dicitur
1530 3241 1652 3284 enim
1679 3238 1839 3300 (Eccli.
1877 3240 2044 3285 XXIV.
2074 3242 2134 3299 5.)

186 3315 241 3347 ex
271 3317 464 3363 persona
499 3305 780 3365 Sapientiae:
809 3306 897 3364 Ego
920 3322 968 3350 ex
994 3321 1062 3351 ore
1096 3308 1301 3351 Altissimi
1330 3307 1505 3367 prodivi
1536 3309 1817 3367 primogenita
1854 3315 1943 3353 ante
1974 3323 2135 3352 omnem

185 3375 422 3415 creaturam
432 3386 449 3423 ,·
474 3381 518 3415 et
549 3370 799 3431 Apostolus
821 3372 1027 3432 (Coloss.
1055 3373 1089 3417 1.
1129 3374 1215 3430 15.)
1239 3374 1343 3418 dicit
1371 3374 1425 3418 de
1458 3373 1573 3418 Filio
1607 3375 1728 3434 quod
1756 3385 1823 3419 est
1834 3376 2137 3435 primogenitus

184 3436 415 3483 creaturae.
451 3437 642 3483 Videtur
680 3450 790 3498 ergo
823 3440 945 3499 quod
978 3437 1117 3484 Filius
1153 3440 1360 3485 ordinem
1395 3454 1500 3485 cum
1534 3440 1748 3485 creaturis
1787 3441 1969 3496 habeat,
2007 3440 2137 3500 quasi

184 3504 383 3563 primum
410 3501 526 3548 inter
551 3517 628 3549 eas
660 3505 868 3550 obtinens
901 3507 1106 3564 gradum.

215 3621 216 3624 Ἴ
274 3567 506 3629 Amplius:
538 3552 676 3616 fillius
702 3571 809 3616 dicit
830 3570 1011 3630 (joann.
1035 3572 1180 3617 XVII.
1206 3573 1311 3631 22.),
1333 3586 1415 3633 pro
1443 3572 1673 3633 discipulis
1695 3574 1750 3619 ad
1774 3573 1956 3620 Patrem
1974 3587 2134 3619 orans:

186 3635 284 3694 Ego·
306 3636 535 3682 claritatem
561 3650 687 3696 quam
712 3637 855 3683 dedisti
878 3639 998 3695 mihi,
1021 3637 1112 3684 dedi
1133 3641 1200 3694 eis,
1223 3646 1270 3685 ut
1289 3642 1371 3686 sint
1392 3656 1537 3696 unum,
1560 3642 1663 3687 sicut
1684 3643 1719 3687 et
1739 3657 1811 3687 nos
1833 3657 1960 3687 unum
1981 3657 2134 3687 sumus.
