2332 3854
831 196 985 236 LmER
1024 196 1102 234 111.
1145 195 1265 235 cAP.
1307 195 1438 235 exn.
2006 186 2107 255 461

158 316 254 357 cor,
280 312 324 347 et
349 309 532 361 propter
553 307 702 344 totum
730 298 922 354 animal3
951 308 996 343 et
1020 297 1228 343 similiter
1252 311 1348 343 non
1374 307 1443 343 est
1473 298 1754 343 contrarium
1782 299 1894 344 alias
1925 310 2110 345 naturas

158 383 257 415 esse
282 377 464 429 propter
483 364 812 412 intellectuales
829 375 874 410 et
899 374 1082 425 propter
1098 365 1427 425 perfectionem
1444 365 1664 409 universi:
1701 366 1737 409 si
1764 367 1886 410 enim
1905 367 2115 413 deessent

157 449 211 480 ea
247 449 362 495 quae
394 433 580 494 requirit
622 431 899 477 substantiae
936 431 1256 476 intellectualis
1292 431 1526 490 perfectio,
1562 445 1656 476 non
1693 442 1812 477 esset
1848 433 2111 478 universum

159 501 456 561 completum.

243 568 463 612 Similiter
488 566 626 612 etiam
652 565 891 626 praedictis
923 578 1016 608 non
1051 565 1205 609 obviat
1237 565 1358 624 quod
1391 565 1624 610 individua
1655 575 1760 610 sunt
1789 576 1974 626 propter
2006 582 2113 627 pro-

154 635 274 695 prias
306 634 496 692 species.
522 633 610 677 Per
634 633 725 677 hoc
752 631 874 676 enim
909 631 1031 690 quod
1064 631 1119 674 ad
1152 646 1255 675 suas
1278 633 1454 691 species
1481 633 1759 687 ordinantur,
1786 634 1994 678 ordinem
2028 635 2109 678 ha-

153 701 259 745 bent
291 700 478 745 ulterius
518 700 574 744 ad
605 697 960 744 intellectualem
993 707 1218 742 naturam.
1251 698 1358 741 Non
1386 699 1508 742 enim
1541 699 1710 758 aliquid
1743 700 2106 759 corruptibilium

154 767 387 812 ordinatur
398 760 454 810 ad
472 766 712 810 hominem
731 775 913 824 propter
930 778 1072 807 unum
1090 764 1374 808 individuum
1392 765 1593 810 hominis
1611 776 1802 820 tantum,
1824 767 1902 811 sed
1924 778 2109 827 propter

151 843 295 878 totam
323 833 572 877 humanam
599 832 812 891 speciem.
842 830 952 875 Toti
980 841 1132 876 autem
1159 831 1388 875 humanae
1421 833 1589 890 speciei
1614 846 1708 876 non
1741 843 1890 891 potest
1923 834 2108 893 aliquod

153 898 515 959 corruptibilium
542 898 783 952 deservire,
810 897 895 941 nisi
933 897 1186 941 secundum
1211 911 1344 940 suam
1377 899 1576 956 speciem
1612 909 1773 942 totam.
1802 899 1932 944 Ordo
1971 901 2107 959 igitur

152 980 244 1026 quo
261 965 568 1025 corruptibilia
586 965 851 1009 ordinantur
877 965 933 1008 ad
959 964 1199 1008 hominem
1225 964 1412 1023 requirit
1444 965 1566 1024 quod
1588 966 1820 1010 individua
1842 967 2108 1012 ordinentur

154 1033 210 1078 ad
236 1033 452 1093 speciem.

239 1100 328 1145 Per
351 1101 442 1144 hoc
469 1109 622 1143 autem
655 1098 778 1157 quod
811 1098 1004 1142 dicimus
1031 1097 1303 1141 substantias
1335 1096 1664 1142 intellectuales
1697 1109 1880 1157 propter
1910 1113 1960 1144 se
1993 1114 2019 1144 a
2045 1100 2106 1144 di·

150 1165 256 1210 vina
281 1165 564 1226 providentia
587 1165 799 1218 ordinari,
821 1179 916 1208 non
933 1163 1230 1223 intelligimus
1248 1165 1370 1223 quod
1392 1165 1516 1222 ipsae
1539 1164 1726 1210 ulterius
1743 1180 1837 1209 non
1858 1166 2109 1211 referantur

153 1233 200 1276 in
226 1233 393 1286 Deum,
420 1242 464 1276 et
496 1232 551 1275 ad
588 1231 917 1291 perfectionem
958 1231 1169 1275 universi.
1209 1231 1284 1274 Sic
1317 1232 1454 1290 igitur
1485 1242 1669 1290 propter
1705 1247 1753 1276 se
1789 1234 2023 1292 procurari
2048 1234 2110 1277 di-

154 1310 329 1353 cuntur,
357 1310 401 1344 et
426 1298 514 1343 alia
540 1309 723 1357 propter
748 1298 886 1357 ipsas,
911 1299 1015 1356 quia
1041 1298 1162 1341 bona
1194 1311 1310 1356 quae
1337 1308 1520 1357 propter
1547 1298 1747 1342 divinam
1773 1300 2107 1357 providentiam

151 1366 412 1419 sortiuntur,
428 1379 521 1409 non
535 1366 598 1409 eis
616 1375 721 1409 sunt
738 1365 841 1409 data
859 1375 1043 1423 propter
1061 1364 1243 1408 alterius
1261 1364 1501 1409 utilitatem
1517 1380 1527 1418 ;
1555 1379 1669 1423 quae
1686 1379 1797 1410 vero
1815 1365 1915 1411 aliis
1931 1366 2107 1422 dantur,

149 1433 196 1476 in
223 1446 378 1476 earum
406 1446 540 1476 usum
566 1446 619 1476 ex
646 1432 798 1475 divina
825 1432 1111 1475 ordinatione
1139 1431 1318 1476 cedunt.

251 1499 370 1543 Hinc
402 1509 470 1543 est
502 1499 623 1557 quod
661 1498 823 1542 dicitur
864 1498 1021 1556 (Deut.
1049 1498 1127 1542 IV.
1159 1497 1271 1557 19.):
1310 1499 1373 1542 Ne
1397 1498 1536 1543 videas
1565 1499 1705 1554 solem,
1733 1506 1772 1545 et
1803 1500 1960 1558 lunam,
1987 1507 2026 1546 et
2050 1515 2109 1545 ce-

150 1571 239 1610 tera
266 1571 395 1619 astra,
417 1572 456 1609 et
483 1580 624 1610 errore
649 1565 836 1623 deceptus
860 1564 1005 1608 adores
1041 1578 1088 1607 ea
1129 1579 1231 1622 quae
1264 1566 1425 1609 creavit
1450 1566 1661 1610 Dominus
1687 1567 1801 1610 Deus
1833 1573 1925 1611 tuus
1950 1569 1994 1610 in
2025 1569 2101 1611 mi-

151 1633 368 1677 nisterium
385 1634 541 1676 cunctis
553 1633 741 1690 gentibus
757 1645 861 1690 quae
881 1633 952 1675 sub
980 1631 1088 1675 coelo
1105 1638 1227 1683 sunt‚·
1262 1641 1306 1674 et
1333 1630 1473 1688 (Psal.
1490 1631 1613 1675 VIII.
1643 1632 1707 1689 8.)
1733 1634 1918 1677 dicitur:
1946 1635 2105 1680 Omnia
2147 1645 2152 1650 ’

146 1700 356 1757 subjecisti
385 1699 456 1742 sub
485 1698 655 1757 pedibus
685 1700 787 1756 ejus,
815 1712 910 1741 oves
934 1704 973 1741 et
1005 1699 1124 1741 boves
1155 1699 1384 1751 universas,
1419 1700 1587 1757 insuper
1617 1705 1653 1742 et
1677 1707 1833 1758 pecora
1865 1702 2034 1759 campi,·
2062 1710 2107 1745 et

149 1765 276 1823 (Sap.
303 1765 403 1810 XII.
441 1764 531 1821 18.)
558 1764 746 1807 dicitur:
788 1764 851 1808 Tu
877 1770 1015 1808 autem
1041 1763 1282 1809 dominator
1302 1766 1475 1822 virtutis
1496 1779 1589 1809 cum
1612 1767 1911 1824 tranquillitate
1923 1767 2104 1825 judicas,

147 1837 187 1877 et
210 1846 304 1876 cum
334 1845 490 1890 magna
514 1833 748 1875 reverentia
779 1830 957 1890 disponis
981 1845 1066 1874 nos.

235 1898 323 1943 Per
342 1898 433 1942 hoc
461 1908 614 1942 autem
637 1897 889 1942 excluditur
910 1911 1036 1941 error
1056 1898 1325 1956 ponentium
1350 1897 1530 1941 homini
1553 1913 1652 1943 esse
1679 1910 1919 1957 peccatum
1946 1900 1984 1944 si
2011 1900 2102 1944 ani-

145 1964 286 2009 malia
309 1964 439 2009 bruta
467 1964 659 2008 occidat.
700 1964 766 2008 Ex
798 1964 950 2007 divina
982 1964 1105 2007 enim
1137 1964 1421 2023 providentia
1442 1965 1653 2014 ⁴naturali
1691 1966 1850 2011 ordine
1890 1967 1937 2010 in
1969 1981 2104 2012 usum

145 2031 346 2076 hominis
369 2031 648 2085 ordinantur,
674 2030 794 2075 unde
821 2031 991 2089 absque
1017 2031 1180 2089 injuria
1203 2030 1268 2074 eis
1300 2030 1437 2074 utitur
1462 2031 1606 2076 homo
1631 2031 1705 2076 vel
1732 2033 2002 2088 occidendo,
2028 2034 2103 2078 vel

146 2097 349 2156 quolibet
375 2097 466 2142 alio
492 2098 659 2152 modo;
685 2107 870 2157 propter
896 2098 1019 2156 quod
1051 2107 1095 2142 et
1123 2097 1354 2142 Dominus
1387 2098 1496 2143 dixit
1523 2099 1579 2142 ad
1604 2099 1707 2143 Noe
1741 2099 1882 2159 (Gen.
1909 2101 1987 2145 IX.
2018 2101 2104 2161 3.):

148 2165 265 2211 Sicut
289 2166 401 2211 olera
425 2167 608 2210 virentia
635 2164 726 2209 dedi
750 2166 868 2209 vobis
894 2180 1056 2209 omnem
1088 2178 1270 2214 carnem.

234 2231 285 2277 Si
309 2246 398 2292 qua
429 2245 538 2276 vero
565 2232 612 2275 in
644 2245 774 2275 sacra
808 2231 1039 2289 Scriptura
1070 2231 1358 2275 inveniantur
1394 2232 1678 2289 prohibentia
1713 2232 1882 2292 aliquid
1916 2234 2104 2279 crudeli-

147 2299 250 2344 tatis
276 2298 324 2342 in
357 2297 572 2342 animalia
596 2298 726 2341 bruta
762 2298 1005 2351 committi,
1039 2299 1156 2342 sicut
1194 2298 1248 2342 de
1283 2312 1365 2341 ave
1400 2313 1506 2342 cum
1538 2299 1673 2358 pullis
1705 2314 1799 2343 non
1832 2301 2103 2356 occidendo,

144 2366 234 2410 hoc
260 2365 309 2409 fit
333 2364 407 2409 vel
434 2365 489 2408 ad
516 2365 850 2408 removendum
878 2365 1079 2408 hominis
1108 2366 1313 2408 animum
1342 2379 1367 2408 a
1395 2365 1658 2409 crudelitate
1681 2367 1727 2410 in
1746 2367 1958 2412 homines
1981 2382 2102 2412 exer-

144 2431 302 2485 cenda,
327 2445 386 2476 ne
413 2430 573 2490 aliquis
602 2431 858 2475 exercendo
892 2431 1093 2475 crudelia
1121 2431 1240 2474 circa
1272 2432 1418 2486 bruta,
1451 2446 1504 2475 ex
1545 2432 1636 2476 hoc
1678 2434 1896 2491 procedat
1932 2435 1987 2478 ad
2024 2436 2105 2480 ho-

144 2498 317 2552 mines;
348 2497 423 2542 vel
449 2498 554 2557 quia
579 2497 625 2541 in
647 2497 901 2556 temporale
933 2497 1154 2541 damnum
1187 2498 1390 2542 hominis
1428 2499 1638 2557 provenit
1674 2500 1945 2545 animalibus
1976 2501 2102 2546 illata

143 2563 302 2619 laesio,
328 2564 423 2609 sive
441 2564 686 2618 inferentis,
703 2564 798 2608 sive
816 2563 1023 2617 alterius3
1046 2564 1119 2607 vel
1141 2574 1325 2623 propter
1344 2565 1542 2623 aliquam
1566 2566 1964 2625 significationem,
1987 2569 2104 2614 sicut

118 2629 396 2692 'Apostolus
422 2630 478 2690 (Ι.
506 2630 615 2675 Cor.
638 2630 740 2688 IX.)
767 2630 951 2690 exponit
973 2630 1084 2675 illud
1106 2630 1162 2675 de
1188 2645 1283 2674 non
1310 2630 1497 2690 ligando
1525 2646 1604 2676 ore
1631 2633 1762 2677 bovis
1787 2634 2048 2679 triturantis.

870 2784 1125 2840 CAPUT
1169 2785 1375 2861 CXIII.

147 2911 306 2959 QUOD
347 2911 676 2952 RATIONALIS
723 2912 1011 2951 CREATURA
1050 2913 1338 2953 DIRIGITUR
1376 2913 1411 2951 Α
1450 2913 1564 2952 DEO
1605 2915 1679 2952 AD
1722 2916 1859 2954 SUOS
1899 2916 2098 2969 ACTUS,

401 2986 519 3025 NON
573 2985 759 3024 SOLUM
812 2987 1112 3026 SECUNDUM
1172 2987 1421 3027 ORDINEM
1474 2988 1549 3027 AD
1598 2990 1846 3042 SPECIEM,

471 3060 571 3098 SED
606 3060 907 3099 SECUNDUM
940 3061 1099 3108 QUOD
1131 3061 1418 3101 CONGRUIT
1451 3062 1769 3103 INDIVIDUO.

233 3166 298 3211 Ex
319 3166 410 3211 hoc
438 3176 591 3211 autem
618 3177 801 3227 apparet
833 3168 956 3227 quod
989 3167 1088 3213 sola
1114 3169 1347 3213 rationalis
1376 3180 1582 3215 creatura
1609 3170 1815 3230 dirigitur
1848 3186 1873 3215 a
1905 3173 2008 3217 Deo
2043 3174 2098 3216 ad

143 3247 250 3279 suos
269 3243 409 3287 actus,
434 3247 529 3278 non
554 3232 705 3278 solum
730 3235 982 3279 secundum
999 3236 1349 3295 congruentiam
1375 3238 1558 3295 speciei,
1576 3238 1655 3282 sed
1682 3249 1820 3283 etiam
1847 3239 2098 3284 secundum

144 3300 491 3359 congruentiam
517 3299 747 3344 individui.

234 3367 402 3413 Omnis
429 3367 550 3411 enim
575 3380 646 3411 res
671 3377 856 3425 propter
879 3381 1011 3412 suam
1039 3369 1354 3426 operationem
1387 3384 1487 3414 esse
1512 3370 1710 3424 videtur;
1741 3372 1947 3430 operatio
1974 3374 2097 3418 enim

144 3444 214 3479 est
244 3434 404 3478 ultima
435 3432 653 3493 perfectio
687 3433 765 3479 rei.
800 3433 876 3478 Sic
908 3435 1045 3494 igitur
1076 3435 1436 3495 unumquodque
1469 3451 1494 3480 a
1532 3437 1635 3481 Deo
1669 3438 1724 3482 ad
1767 3452 1901 3482 suurn
1943 3449 2096 3484 actum

145 3500 391 3555 ordinatur,
431 3499 682 3544 secundum
723 3500 845 3559 quod
877 3500 1055 3546 divinae
1095 3503 1408 3561 providentiae
1450 3502 1634 3548 substat.
1680 3505 1902 3550 Creatura
1942 3516 2095 3551 autem

144 3567 376 3613 rationalis
408 3567 587 3613 divinae
619 3567 930 3628 providentiae
961 3569 1134 3614 substat
1163 3570 1280 3615 sicut
1305 3570 1558 3616 secundum
1579 3585 1627 3616 se
1650 3572 1900 3632 gubernata
1932 3583 1977 3618 et
1996 3588 2096 3635 pro-
