2332 3854
836 283 991 323 LIBER
1029 283 1086 323 11.
1128 283 1251 323 cAP.
1293 282 1426 322 xcu.
1978 283 2082 339 273

137 387 407 435 substantias
433 395 676 446 separatas,
702 399 840 444 quam
866 385 954 430 sint
974 385 1148 445 species
1170 383 1475 430 materialium
1497 397 1664 429 rerum.
1684 383 1793 428 Non
1817 394 1966 430 autem
1993 398 2092 443 pro-

31 487 50 512 4
134 465 234 516 pter
256 456 347 499 hoc
366 453 558 498 dicimus
575 452 695 512 quod
713 452 986 497 substantiae
1013 461 1246 512 separatae
1274 452 1362 497 sint
1387 451 1560 512 species
1576 451 1770 495 istorum
1793 451 2091 506 sensibilium,

62 550 64 553 v
135 522 251 568 sicut
270 520 497 565 Platonici
512 528 760 564 senserunt.
790 518 949 571 Quum
975 519 1099 563 enim
1121 534 1214 564 non
1239 529 1428 579 possent
1453 516 1508 563 ad
1534 517 1870 577 praedictarum
1892 518 2094 563 substan-

134 589 299 634 riarum
324 587 534 632 notitiam
566 586 801 646 pervenire
834 586 917 630 nisi
951 599 1006 629 ex
1039 585 1337 642 sensibilibus,
1380 594 1630 646 posuerunt
1670 583 1772 629 illas
1819 584 2092 643 substantias

135 668 235 701 esse
265 654 470 712 ejusdem
493 652 660 713 speciei
692 666 797 696 cum
823 652 932 707 istis,
959 652 1034 696 vel
1062 653 1208 711 magis
1244 654 1420 712 species
1456 652 1666 707 istarum;
1694 653 1810 696 sicut
1851 652 1889 696 si
1931 651 2093 711 aliquis

134 722 230 768 rion
253 722 425 766 videret
449 720 610 775 solem,
637 730 682 765 et
710 718 883 773 lunam,
907 728 951 763 et
977 718 1063 763 alia
1087 731 1219 775 astra,
1246 730 1290 764 et
1317 720 1490 764 audiret
1522 733 1619 764 esse
1646 718 1871 779 quaedam
1898 733 2094 778 corpora

134 787 506 847 incorruptibilia,
537 787 796 831 nominaret
827 799 881 829 ea
907 786 1167 830 nominibus
1193 787 1385 830 istorum
1418 785 1794 844 corruptibilium,
1828 786 2099 832 existimans

137 869 190 901 ea
216 868 314 900 esse
341 854 543 913 ejusdem
570 853 737 913 speciei
771 867 875 896 cum
903 852 1020 906 istis;
1045 854 1166 911 quod
1194 868 1287 898 non
1311 864 1428 898 esset
1450 854 1676 913 possibile.
1702 853 1919 899 Similiter
1941 863 2094 898 autem

135 920 416 982 impossibile
449 930 516 965 est
541 920 810 964 substantias
835 919 1161 964 immaterIales
1195 934 1292 965 esse
1327 921 1531 979 eJusdem
1558 921 1726 979 speciei
1753 935 1856 965 cum
1889 920 2096 966 materia·

135 988 266 1043 libus,
290 986 365 1032 vel
395 987 569 1047 species
594 987 810 1046 ipsarum,
842 1000 983 1045 quum
1016 987 1208 1031 materia
1234 986 1290 1031 sit
1322 987 1376 1031 de
1403 989 1577 1031 ratione
1610 988 1779 1046 speciei
1804 988 1972 1032 horum
1999 1001 2096 1032 sen-

67 1113 74 1120 ·
135 1054 349 1110 sibilium,
373 1054 482 1099 licet
505 1067 598 1098 non
624 1053 738 1097 haec
773 1054 978 1100 materia.
1016 1068 1131 1112 quae
1170 1063 1238 1098 est
1273 1054 1508 1112 proprium
1539 1054 1813 1114 principium
1850 1053 2095 1109 individui3

129 1121 253 1167 ‘sieut
276 1121 332 1165 de
356 1121 532 1165 ratione
559 1119 727 1178 speciei
752 1119 952 1164 hominis
980 1130 1084 1164 sunt
1110 1134 1268 1164 carnes
1300 1130 1344 1164 et
1370 1134 1488 1175 ossa,
1515 1134 1609 1165 non
1636 1131 1789 1165 autem
1821 1122 1908 1166 hae
1936 1134 2095 1166 carnes

137 1198 182 1234 et
204 1188 320 1233 haec
346 1201 465 1242 ossa,
487 1201 602 1246 quae
624 1197 728 1231 sunt
748 1188 967 1246 principia
996 1187 1196 1231 Socratis
1219 1198 1263 1232 et
1285 1187 1502 1232 Platonis.
1527 1188 1603 1232 Sic
1625 1188 1764 1248 igitur
1784 1203 1879 1233 non
1901 1189 2096 1234 dicimus

135 1254 406 1302 substantias
431 1265 658 1314 separatas
685 1269 784 1299 esse
809 1255 982 1313 species
1007 1254 1199 1299 istorum
1228 1255 1524 1310 sensibilium,
1550 1255 1629 1300 sed
1663 1269 1760 1300 esse
1789 1255 1899 1300 alias
1922 1256 2095 1316 species

135 1321 384 1368 nobiliores
408 1322 518 1376 istis,
545 1331 714 1381 quanto
738 1336 899 1381 purum
923 1331 990 1366 est
1009 1321 1205 1367 nobilius
1231 1322 1479 1383 permixto;
1507 1332 1551 1366 et
1571 1331 1679 1367 tunc
1702 1322 1802 1367 illas
1824 1322 2096 1368 substantias

136 1404 236 1436 esse
260 1389 412 1448 plures
444 1399 624 1448 oportet
653 1388 747 1433 istis
775 1389 1009 1447 speciebus
1041 1402 1192 1435 rerum
1225 1388 1544 1433 materialium.

162 1459 165 1461 ’
225 1456 416 1502 Adhuc:
449 1456 597 1515 magis
624 1465 691 1500 est
724 1455 892 1514 aliquid
918 1454 1263 1515 multiplicabile
1289 1456 1542 1499 secundum
1583 1470 1716 1500 suum
1759 1470 1858 1502 esse
1889 1455 2099 1516 intelligi-

133 1523 224 1569 bile
255 1537 395 1584 quam
420 1522 671 1567 secundum
699 1536 832 1567 suum
859 1536 956 1566 esse
982 1521 1242 1576 materia1e3
1270 1521 1413 1566 multa
1455 1523 1578 1567 enim
1611 1523 1844 1568 intellectu
1887 1523 2097 1583 capimus

29 1589 54 1654 ,ᾗ
135 1604 252 1653 quae
283 1590 330 1634 in
355 1590 547 1634 materia
580 1603 678 1634 esse
704 1603 798 1633 non
825 1598 1033 1648 possunt3
1062 1603 1116 1632 ex
1142 1603 1233 1648 quo
1261 1589 1484 1648 contingit
1510 1590 1633 1649 quod
1667 1589 1850 1635 cuilibet
1875 1600 2026 1635 rectae
2049 1589 2098 1635 li-

47 1667 68 1715 ,ᾗ
134 1671 250 1703 neae
273 1656 426 1702 finitae
451 1666 601 1715 potest
632 1656 956 1700 mathematice
981 1655 1078 1699 fieri
1105 1655 1290 1711 additio,
1316 1670 1409 1700 non
1438 1667 1592 1701 autem
1623 1657 1911 1712 naturaliter3
1938 1657 2096 1703 raritas

135 1725 274 1771 etiam
295 1738 556 1783 corporum,
574 1722 792 1768 velocitas
812 1733 1036 1776 motuum,
1055 1733 1097 1767 et
1114 1722 1347 1767 diversitas
1365 1723 1613 1783 figurarum
1630 1723 1677 1767 in
1695 1723 1922 1768 infinitum
1940 1724 2098 1783 augeri

39 1794 42 1796 ’
136 1791 534 1852 comprehenditur
558 1790 811 1835 secundum
836 1789 1134 1844 intellectum,
1161 1791 1369 1849 quamvis
1392 1793 1449 1835 sit
1470 1791 1750 1849 impossibile
1775 1791 1823 1835 in
1848 1801 2010 1836 natura
2032 1791 2096 1836 sic

136 1871 247 1905 esse.
275 1857 564 1903 Substantiae
591 1866 743 1902 autem
769 1867 1002 1916 separatae
1029 1867 1132 1901 sunt
1158 1857 1205 1901 in
1238 1871 1335 1901 esse
1371 1857 1645 1917 intelligibili
1681 1857 1934 1902 secundum
1965 1873 2097 1903 suam

45 1963 46 1966 ,
134 1935 359 1970 naturam.
384 1925 536 1984 Major
560 1924 695 1983 igitur
723 1923 1032 1982 multiplicitas
1054 1924 1099 1967 in
1127 1924 1190 1968 eis
1211 1935 1284 1973 est
1309 1924 1536 1984 possibilis
1563 1939 1702 1984 quam
1726 1925 1773 1969 in
1799 1926 1932 1970 rebus
1959 1935 2098 1969 mate-

134 1991 319 2038 rialibus
343 1991 595 2037 secundum
620 1990 945 2050 proprietatem
971 1986 1020 2034 et'
1045 1991 1271 2034 rationem
1297 2002 1534 2050 pensatam
1569 1991 1746 2050 generis
1773 1994 2018 2051 utriusque.
2042 1991 2096 2035 In

47 2051 63 2091 ’ἶ
136 2058 365 2119 perpetuis
390 2068 543 2103 autem
569 2071 663 2101 non
696 2056 844 2102 differt
876 2071 973 2101 esse
1002 2066 1045 2101 et
1072 2071 1218 2116 posse.
1252 2057 1441 2102 Excedit
1466 2058 1602 2117 igitur
1626 2058 1871 2103 multitudo
1894 2059 2096 2103 substan-

137 2128 303 2172 tiarum
336 2136 647 2185 separatarum
678 2124 1018 2169 multitudinem
1045 2124 1349 2169 material'mm
1377 2140 1636 2184 corporum.

227 2192 311 2238 His
335 2203 488 2237 autem
515 2201 748 2236 attestatur
766 2206 894 2235 sacra
912 2191 1166 2250 Scriptura3
1187 2192 1350 2236 dicitur
1377 2193 1499 2236 enim
1517 2194 1656 2252 (Dan.
1683 2192 1783 2236 VII.
1816 2193 1930 2250 10.):
1954 2193 2098 2237 Millia

43 2296 54 2318 a
129 2257 317 2305 *millium
341 2260 633 2304 ministrabant
657 2260 708 2313 ei,
732 2265 771 2304 et
791 2258 916 2304 decies
938 2265 1106 2304 centena
1131 2258 1266 2304 millia
1288 2260 1532 2304 adsistebant
1548 2262 1598 2305 ei.
1616 2260 1672 2304 Et
1686 2260 1935 2319 Dionysius
1958 2260 2096 2304 etiam

134 2326 280 2387 (XIII.
306 2341 403 2385 cap.
427 2325 628 2372 Coelest.
653 2325 790 2383 hier.)
813 2326 933 2380 dicit,
957 2326 1079 2385 quod
1101 2341 1318 2371 numerus
1339 2326 1523 2371 illarum
1545 2327 1894 2374 substantiarum
1919 2327 2097 2372 excedit

54 2404 75 2438 ft:-
137 2407 325 2439 omnem
351 2392 636 2438 materialem
667 2392 1018 2437 multitudinem.

58 2453 99 2514 ῗν
224 2461 313 2506 Per
342 2459 435 2505 hoc
468 2469 620 2504 autem
661 2459 912 2504 excluditur
937 2473 1062 2504 error
1088 2460 1335 2505 dicentium
1366 2460 1638 2505 substantias
1680 2470 1908 2520 separatas
1940 2474 2098 2504 secun-

61 2534 93 2583 55?
137 2526 247 2573 dum
276 2541 519 2572 numerum
554 2537 764 2572 motuum
805 2526 1089 2583 coelestium,
1130 2538 1207 2572 aut
1247 2529 1499 2572 secundum
1540 2543 1785 2573 numerum
1826 2529 2095 2587 spherarum

26 2582 95 2654 ιζ
138 2592 404 2645 coelestium
441 2606 555 2648 esse,
580 2603 624 2638 et
651 2608 776 2639 error
810 2594 958 2638 Rabbi
981 2595 1155 2653 Moysis
1182 2595 1302 2653 (Lib.
1335 2595 1389 2638 ΙΙ.
1427 2610 1465 2640 c.
1498 2594 1578 2653 7.),
1605 2595 1683 2654 qui
1709 2595 1819 2639 dixit
1851 2609 2095 2639 numerum

56 2675 100 2722 ,ἐς
138 2660 423 2721 angelorum,
449 2661 527 2721 qui
556 2661 604 2705 in
638 2661 871 2720 Scriptura
901 2661 1098 2720 ponitur,
1125 2675 1219 2705 non
1257 2676 1354 2706 esse
1390 2677 1635 2706 numerum
1662 2671 1974 2721 separatarum
2000 2661 2099 2706 sub-

6 2743 26 2772 1
62 2719 420 2790 ’”ξῖψεῑο,ειῐί3τιιω,
444 2727 524 2773 sed
549 2728 766 2773 virtutum
798 2728 846 2772 in
875 2728 972 2773 istis
997 2727 1301 2782 inferioribus,
1328 2729 1445 2773 sicut
1477 2729 1514 2773 si
1539 2729 1606 2773 vis
1634 2728 2002 2788 concupiscibilis
2036 2728 2100 2773 di·

11 2806 14 2812 ’
55 2790 117 2847 ’ῗῖ-
139 2804 266 2851 catur
289 2795 468 2856 spiritus
501 2795 914 2854 concupiscentiae,
942 2804 986 2839 et
1012 2796 1074 2839 sic
1110 2794 1164 2839 de
1198 2795 1310 2839 aliis.

826 3050 832 3056 -
863 3015 1116 3072 CAPUT
1158 3016 1366 3072 XCIII.

142 3157 303 3206 QUOD
337 3157 712 3198 SUBSTANTIAE
745 3158 1056 3197 SEPARATAE
1086 3159 1203 3198 NON
1237 3158 1378 3197 SUNT
1411 3158 1637 3195 MULTAE
1670 3158 1834 3197 UNIUS
1869 3158 2094 3197 SPECIEI.

460 3267 517 3324 (1.
538 3273 656 3326 part.
689 3273 838 3326 quaest.
866 3267 917 3313 L.
950 3275 1032 3313 art„
1058 3282 1101 3325 4.
1128 3274 1166 3313 et
1191 3268 1248 3312 ΙΙ.
1276 3269 1385 3312 Sent.
1413 3268 1503 3313 dist.
1526 3282 1560 3326 3.
1585 3274 1667 3312 art.
1694 3267 1774 3326 4.).

76 3430 78 3434 ,
230 3384 296 3429 Ex
321 3384 391 3429 his
418 3393 585 3440 autem,
602 3398 717 3444 quae
734 3385 789 3429 de
805 3384 899 3430 istis
916 3386 1174 3430 substantiis
1191 3386 1440 3445 praemissa
1466 3395 1583 3439 sunt,
1610 3385 1787 3429 ostendi
1803 3395 1953 3445 potest
1972 3387 2096 3446 quod

74 3457 106 3515 {71⁷5
139 3463 235 3496 non
259 3460 365 3496 sunt
388 3450 539 3511 plures
570 3451 843 3497 substantiae
874 3464 1108 3512 separatae
1141 3453 1273 3496 unius
1299 3452 1480 3511 speciei.

110 3526 118 3541 ’
186 3525 205 3579 ξ’
235 3517 484 3565 Ostensum
517 3528 584 3563 est
609 3519 731 3563 enim
764 3533 897 3579 supra
919 3521 980 3578 (c.
1010 3520 1099 3576 51.)
1123 3520 1244 3579 quod
1271 3519 1546 3564 substantiae
1572 3528 1807 3579 separatae
1829 3530 1934 3564 sunt
1959 3534 2095 3580 quae-

147 3582 548 3645 dam'q‘uidditates
578 3585 882 3630 subsistentes.
910 3585 1093 3646 Species
1127 3596 1278 3630 autem
1317 3586 1382 3631 rei
1414 3597 1481 3631 est
1513 3599 1651 3645 quam
1683 3586 1832 3645 signat
1872 3585 2096 3642 diffinitio,

87 3695 90 3697 Α
149 3654 266 3710 quae
281 3661 349 3697 est
363 3651 543 3711 signum
562 3652 817 3711 quidditatis
835 3652 923 3708 rei;
950 3653 1067 3698 unde
1089 3652 1358 3712 quidditates
1376 3652 1667 3698 subsistentes
1683 3662 1788 3698 sunt
1809 3653 1982 3713 species
1999 3655 2080 3699 sub

285 3750 324 3789 S.
348 3751 502 3789 'raom
528 3753 661 3802 Summa
684 3760 795 3790 contra
820 3750 976 3791 Gentiles.
1280 3768 1281 3771 ¹
1927 3758 1964 3791 18
