2332 3854
255 195 365 250 414
888 189 1044 229 LIBER
1083 189 1162 227 111.
1210 187 1575 228 cAprxxxxJ.

254 295 408 349 fertur,
434 304 542 353 puta
573 292 695 353 quod
721 291 902 337 odimus
934 303 1073 336 omne
1100 290 1330 334 latronum
1356 303 1515 349 genus,
1540 290 1590 335 ut
1619 290 1931 350 Philosophus
1952 291 2060 336 dicit
2080 291 2217 338 inse-

256 361 407 406 cundo
433 361 565 404 Rhet.
598 361 658 418 (c.
685 360 763 416 4.).
791 359 1013 403 Nostrum
1038 357 1174 414 igitur
1198 354 1316 400 velle
1353 369 1448 400 non
1481 367 1691 402 causatur
1723 372 1749 402 a
1782 355 1975 416 corpore
2013 357 2214 404 coelesti.

343 429 606 472 Praeterea:
635 440 688 470 ea
714 439 829 485 quae
855 434 959 469 sunt
982 423 1037 467 ad
1059 423 1214 476 finem,
1236 425 1640 482 proportionantur
1663 423 1758 468 fini.
1780 424 2040 469 Electiones
2061 435 2217 470 antem

255 496 485 540 humanae
513 494 779 537 ordinantur
813 491 868 534 ad
894 490 1174 543 felicitatem,
1201 490 1317 533 sicut
1342 489 1398 534 ad
1425 489 1638 534 ultimum
1663 490 1820 535 finem.
1857 491 1994 545 Quae
2029 491 2215 550 quidem

255 576 350 606 non
376 561 580 605 consistit
611 560 657 603 in
685 557 906 616 aliquibus
933 555 1244 615 corporalibus
1275 556 1422 610 bonis,
1455 557 1536 602 sed
1567 557 1615 600 in
1646 557 1737 601 hoc
1770 558 1893 616 quod
1921 557 2081 603 anima·
2100 572 2215 602 ¹con—

254 631 466 688 jungatur
491 641 570 685 per
590 625 872 669 intellectum
898 624 1032 667 rebus
1058 622 1236 677 divinis,
1261 632 1311 668 ut
1335 637 1469 681 supra
1502 625 1562 681 (c.
1589 637 1659 682 25.
1687 637 1753 683 37.
1777 634 1822 668 et
1843 624 1958 684 seq.)
1980 635 2215 671 ostensum

256 706 336 749 est,
372 705 466 739 tam
499 693 749 737 secundum
782 690 1056 734 sententiam
1082 689 1203 745 fidei,
1243 703 1382 749 quam
1413 690 1666 735 secundum
1690 690 2084 753 philosophorum
2110 693 2216 751 ¹opi·

255 763 430 806 niones.
445 761 654 817 Corpora
669 758 805 817 igitur
822 756 1038 801 coelestia
1055 770 1149 801 non
1167 766 1358 816 possunt
1374 771 1472 802 esse
1490 771 1628 802 causa
1643 757 1923 803 electionum
1937 768 2212 804 nostrarum.

345 829 462 871 Hinc
490 836 557 871 est
573 825 695 884 quod
718 825 881 868 dicitur
907 824 1053 881 (Hier.
1076 823 1132 867 X.
1160 835 1203 868 2.
1229 832 1274 868 et
1303 825 1386 882 3.):
1415 825 1455 869 A
1477 825 1604 882 signis
1624 825 1726 869 coeli
1746 825 1871 870 nolite
1891 832 2085 881 metuere,
2108 839 2214 885 quae

254 901 387 954 gentes
413 896 570 946 timent,
604 894 702 951 quia
729 892 827 949 leges
852 891 1111 950 populorum
1144 904 1280 935 vanae
1303 897 1411 935 sunt.
1878 924 1879 927 ,

345 962 432 1004 Per
456 961 546 1004 hoc
575 968 727 1003 autem
761 957 1012 1001 excluditur
1044 957 1212 1015 positio
1240 957 1519 1011 Stoicorum,
1543 957 1621 1016 qui
1645 958 1878 1017 ponebant
1901 972 2065 1004 omnes
2084 968 2212 1003 actus

255 1038 450 1081 nostros,
478 1035 520 1070 et
561 1026 699 1070 etiam
741 1024 991 1068 electiones
1022 1033 1201 1068 nostras
1233 1024 1483 1068 secundum
1527 1038 1721 1084 corpora
1761 1024 1979 1070 coelestia
2017 1025 2211 1085 disponi.

259 1095 392 1147 Quae
419 1093 556 1137 etiarn
588 1091 750 1136 dicitur
780 1090 916 1135 fuisse
949 1090 1115 1149 positio
1143 1090 1457 1149 antiquissima
1482 1090 1836 1135 Pharisaeorum
1860 1091 1981 1150 apud
2000 1090 2212 1150 Judaeos.

255 1159 622 1206 Priscillianistae
649 1158 788 1203 etiam
813 1158 949 1215 hujus
975 1158 1140 1201 erroris
1167 1156 1232 1201 rei
1257 1156 1453 1212 fuerunt,
1479 1167 1528 1201 ut
1554 1157 1718 1202 dicitur
1741 1158 1790 1202 in
1819 1157 1937 1203 libro
1961 1158 2035 1203 De
2059 1158 2215 1203 haere-

256 1230 377 1274 sibus
404 1228 619 1285 (August.
648 1240 685 1270 c.
714 1225 823 1284 70.).
857 1225 984 1268 Haec
1011 1224 1150 1268 etiam
1175 1223 1258 1268 fuit
1291 1224 1448 1283 opinio
1481 1225 1774 1284 antiquorum
1805 1224 2216 1285 naturalium3xqui

255 1297 486 1355 ponebant
511 1307 696 1338 sensum
728 1302 772 1336 et
803 1290 1086 1335 intellectum
1112 1305 1207 1334 non
1234 1289 1426 1335 differre.
1455 1290 1590 1335 Unde
1615 1290 1920 1350 Empedocles
1946 1291 2069 1347 dixit,
2081 1291 2215 1351 :quod

254 1362 466 1408 voluntas
493 1370 683 1419 augetur
707 1359 754 1403 in
775 1358 1053 1411 hominibus,
1079 1359 1196 1402 sicut
1226 1357 1273 1400 in
1300 1356 1398 1401 aliis
1426 1357 1711 1412 animalibus,
1737 1358 1795 1403 ad
1819 1371 2049 1418 praesens,
2068 1357 2134 1402 id
2146 1368 2216 1403 est

256 1430 507 1475 secundum
538 1440 752 1485 praesens
778 1433 1083 1479 momentum,
1110 1437 1164 1468 ex
1195 1433 1326 1468 motu
1353 1423 1473 1468 coeli
1500 1435 1716 1470 causante
1741 1424 1936 1484 teinpus,
1961 1434 2011 1470 ut
2035 1424 2216 1471 Aristo-

254 1496 367 1542 teles
393 1494 640 1539 introducit
669 1494 716 1536 in
743 1491 945 1537 secundo
977 1492 1048 1535 De
1083 1491 1236 1535 anima
1262 1492 1314 1550 (t.
1342 1505 1381 1534 c.
1419 1491 1523 1549 50..)
1974 1526 1978 1530 .
2093 1511 2095 1513 >
2142 1528 2144 1530 ,

346 1563 595 1607 Sciendum
615 1571 771 1605 tamen
798 1569 880 1613 est,
907 1558 1030 1634 quod
1052 1557 1160 1602 licet
1186 1571 1380 1617 corpora
1407 1558 1625 1602 coelestia
1648 1572 1744 1602 non
1769 1559 1860 1604 sint
1883 1558 2071 1604 directe
2068 1572 2215 1606 causa

256 1630 532 1677 electionum
574 1637 849 1680 nostrarum,
875 1625 1005 1685 quasi
1029 1625 1199 1669 directe
1225 1625 1272 1668 in
1297 1623 1557 1669 voluntates
1587 1636 1767 1670 nostras
1795 1625 2130 1688 imprimentia,
2153 1625 2219 1670 in-

256 1698 424 1742 directe
445 1705 600 1740 tamen
617 1709 670 1738 ex
688 1694 758 1738 his
776 1692 926 1752 aliqua
945 1691 1129 1736 occasio
1156 1692 1322 1736 nostris
1350 1692 1646 1737 electionibus
1673 1702 1940 1751 praestatur,
1962 1693 2216 1738 secundum

257 1764 380 1824 quod
404 1763 575 1807 habent
598 1760 951 1820 impressionem
978 1772 1110 1817 super
1137 1771 1346 1817 corpora,
1380 1768 1425 1803 et
1463 1759 1554 1804 hoc
1594 1759 1848 1818 dupliciter.
1890 1759 1999 1805 Uno
2031 1759 2216 1819 quidem

256 1830 414 1884 modo,
439 1829 692 1874 secundum
719 1827 841 1902 quod
873 1825 1198 1884 impressiones
1225 1839 1472 1884 corporum
1499 1825 1767 1870 coelestium
1791 1826 1841 1870 -in
1872 1828 2095 1872 exteriora
2120 1840 2218 1871 cor-

256 1912 367 1957 pora
394 1906 496 1940 sunt
522 1896 654 1939 nobis
680 1894 865 1939 occasio
893 1893 1084 1951 alicujus
1111 1892 1361 1946 electionis,
1395 1893 1511 1936 sicut
1544 1907 1649 1936 cum
1678 1907 1758 1952 per
1779 1906 1972 1952 corpora
1999 1892 2217 1939 coelestia

258 1964 510 2022 disponitur
537 1967 611 2006 aer
643 1962 699 2005 ad
725 1960 865 2018 frigus
891 1960 1138 2012 intensum,
1165 1958 1376 2036 eligimus
1409 1959 1608 2003 calefieri
1649 1960 1704 2003 ad
1745 1962 1916 2018 ignem,
1951 1960 2026 2004 vel
2065 1959 2217 2038 aliqua

257 2030 525 2107 hujusmodi
548 2030 698 2074 facere
725 2041 841 2087 quae
869 2036 1127 2084 congruunt
1157 2026 1367 2085 tempori.
1395 2027 1522 2070 Alio
1529 2026 1669 2070 modo
1706 2027 1958 2071 secundum
1984 2025 2110 2086 quod
2137 2028 2219 2072 im·

257 2100 459 2159 primunt
482 2098 529 2141 in
562 2110 756 2155 corpora
781 2103 951 2148 nostra,
989 2094 1045 2137 ad
1081 2107 1278 2152 quorum
1318 2093 1687 2138 immutationem
1727 2094 1969 2152 insurgunt
1997 2093 2045 2141 in
2078 2092 2215 2139 nobis

259 2166 399 2225 aliqui
424 2173 576 2209 motus
601 2163 883 2238 passionum,
909 2160 983 2205 vel
1009 2175 1088 2220 per
1114 2174 1275 2204 eorum
1301 2161 1653 2219 impressionem
1682 2158 1921 2204 efficimur
1935 2159 2121 2206 habiles
2160 2161 2216 2206 ad

257 2234 431 2292 aliquas
457 2233 706 2291 passiones,
729 2225 846 2273 sicut
872 2227 1092 2272 cholerici
1118 2236 1222 2272 sunt
1243 2227 1375 2286 proni
1401 2228 1457 2271 ad
1484 2229 1620 2281 iram3
1645 2227 1720 2271 vel
1745 2226 1998 2283 secundum
2018 2227 2142 2294 quod
2164 2241 2218 2272 ex

258 2314 419 2345 eorum
445 2297 745 2356 impressione
772 2304 983 2339 causatur
1006 2295 1054 2337 in
1088 2294 1220 2338 nobis
1254 2293 1405 2352 aliqua
1440 2293 1677 2352 dispositio
1714 2292 1967 2352 corporalis
2001 2307 2119 2354 quae
2149 2304 2218 2339 est

261 2365 446 2415 occasio
474 2364 664 2422 alicujus
689 2362 940 2415 electionis,
967 2360 1083 2404 sicut
1106 2374 1212 2403 cum
1237 2360 1369 2404 nobis
1395 2359 1727 2404 infirmantibus
1763 2359 1975 2418 eligimus
2009 2360 2216 2421 accipere

258 2431 547 2476 medicinam.
560 2429 792 2474 Interdum
811 2428 949 2472 etiam
968 2442 1020 2470 ex
1039 2426 1303 2485 corporibus
1322 2426 1593 2470 coelestibus
1615 2436 1740 2470 actus
1756 2426 1949 2470 humani
1960 2436 2216 2481 causantur,

255 2500 301 2543 in
329 2508 549 2558 quantum
570 2511 623 2541 ex
643 2495 990 2554 indispositione
1014 2495 1218 2553 corporis
1246 2493 1385 2552 aliqui
1411 2503 1616 2538 amentes
1643 2492 1899 2538 efficiuntur
1923 2506 2008 2539 usu
2029 2493 2218 2539 rationis

256 2565 429 2625 privati,
462 2565 508 2608 in
540 2564 700 2623 quibus
728 2562 910 2621 proprie
943 2561 1109 2605 electio
1135 2574 1230 2604 non
1256 2570 1336 2614 est,
1369 2561 1448 2605 sed
1476 2570 1719 2605 moventur
1746 2559 1901 2620 aliquo
1926 2560 2123 2606 naturali
2153 2561 2219 2607 in-

257 2634 436 2685 stinctu,
468 2632 584 2675 sicut
617 2640 662 2675 et
684 2630 828 2673 bruta.

345 2697 637 2742 Manifestum
665 2706 818 2740 autem
845 2705 926 2750 est,
953 2705 998 2740 et
1025 2694 1336 2754 experimento
1365 2694 1617 2754 cognitum,
1645 2693 1768 2753 quod
1793 2693 1908 2739 tales
1934 2694 2218 2748 occasiones,

257 2766 350 2810 sive
378 2765 466 2809 sint
491 2764 752 2818 exteriores,
779 2763 873 2807 sive
896 2763 986 2807 sint
1010 2762 1264 2815 interiores,
1286 2775 1381 2805 non
1404 2771 1509 2806 sunt
1530 2774 1667 2805 causa
1688 2761 1946 2806 necessaria
1965 2757 2218 2816 electionis,

257 2847 363 2877 cum
388 2833 531 2876 homo
558 2845 638 2890 per
661 2831 888 2874 rationem
914 2829 1148 2889 possit'eis
1171 2829 1379 2873 resistere
1407 2828 1480 2872 vel
1506 2827 1716 2883 obedire;
1740 2827 1821 2872 sed
1841 2825 1995 2888 plures
2016 2837 2123 2873 sunt
2141 2829 2219 2888 qui

255 2900 449 2959 impetus
481 2897 708 2942 naturales
734 2907 995 2956 sequuntur,
1027 2896 1267 2955 pauciores
1310 2905 1477 2949 autem,
1519 2894 1695 2939 scilicet
1734 2893 1823 2939 soli
1852 2895 2097 2955 sapientes,
2140 2894 2219 2954 qui

257 2966 523 3016 occasiones
551 2964 671 3008 male
706 2964 871 3022 agendi
897 2973 941 3007 et
965 2962 1192 3007 naturales
1220 2961 1416 3021 impetus
1438 2976 1531 3006 non
1558 2972 1820 3021 sequuntur.
1846 2962 1904 3006 Et
1924 2972 2108 3022 propter
2126 2958 2235 3006 hoc'

257 3033 364 3077 dicit
395 3032 690 3077 Ptolomaeus
722 3032 769 3074 in
797 3030 1076 3089 Centilogio,
1103 3030 1224 3089 quod
1249 3029 1402 3073 anima
1423 3029 1600 3087 sapiens
1628 3029 1812 3088 adjuvat
1832 3041 1950 3088 opus
1964 3027 2219 3083 stellarum,

257 3109 301 3144 et
325 3099 447 3158 quod
479 3113 572 3142 non
599 3107 749 3156 potest
781 3097 1040 3154 astrologus
1068 3097 1173 3141 dare
1199 3096 1368 3155 judicia
1400 3096 1651 3140 secundum
1683 3095 1852 3150 stellas,
1882 3095 1970 3141 nisi
1994 3095 2090 3141 vim
2126 3095 2219 3141 ani-

257 3180 360 3210 mae
387 3177 430 3210 et
457 3165 828 3224 complexionem
861 3163 1119 3208 naturalem
1145 3164 1260 3208 bene
1290 3163 1572 3222 cognoverit,
1599 3173 1644 3207 et
1675 3163 1798 3222 quod
1833 3162 2094 3222 ‘astrologus
2123 3176 2219 3209 non

257 3233 389 3277 debet
414 3233 563 3276 dicere
597 3246 695 3275 rem
721 3230 991 3290 specialiter,
1019 3230 1098 3274 sed
1132 3230 1459 3284 universaliter,
1494 3230 1598 3288 quia
1625 3229 1800 3274 scilicet
1834 3229 2077 3289 impressio
2097 3229 2220 3277 ‘stel-

254 3299 399 3343 larum
433 3300 478 3342 in
506 3298 708 3356 pluribus
741 3299 926 3342 sortitur
959 3296 1189 3351 effectum,
1222 3297 1300 3356 qui
1330 3311 1424 3340 non
1450 3297 1664 3341 resistunt
1689 3296 1978 3341 inclinationi
2002 3309 2119 3375 quae
2147 3303 2220 3341 eet
2247 3318 2262 3334 ·

257 3381 309 3409 ex
342 3380 550 3425 corpore,
576 3379 671 3410 non
705 3374 860 3410 autem
887 3378 1069 3423 semper
1094 3364 1140 3408 in
1172 3364 1263 3409 hoc
1289 3363 1398 3408 vel
1387 3378 1434 3407 m
1466 3363 1563 3418 illo,
1600 3363 1678 3423 qui
1713 3363 1841 3409 forte
1871 3376 1952 3425 per
1981 3363 2219 3410 rationem

258 3433 453 3477 naturali
479 3431 766 3477 inclinationi
792 3431 971 3478 resistit.
