2294 3854
861 212 1013 251 unm<
1052 206 1124 251 Ν.
1164 211 1284 250 CAP.
1324 209 1472 248 xcxv.
2028 204 2129 258 7¹1

913 398 1165 468 CAPUT
1206 348 1408 466 XCIV.

471 529 544 568 DE
577 527 1060 566 IMMUTABILITATB
1098 526 1451 566 VOLUNTATIS
1483 526 1540 564 IN
1572 522 1859 564 ANIMABUS

784 602 840 640 IN
875 597 1230 641 PURGATORIO
1257 599 1547 639 DETENTIS.

231 709 376 755 (Sed
399 710 505 769 quia
529 710 753 769 quaedam
781 710 960 755 animae
986 721 1089 754 sunt
1113 724 1229 769 quae
1253 709 1408 754 statim
1431 718 1535 767 post
1558 677 1892 765 separationem
1918 704 1974 749 ad
1998 703 2137 748 beati-

193 777 406 825 tudinem.
421 790 516 821 non
540 777 822 835 perveniunt,
847 791 933 821 nec
957 787 1112 821 tamen
1143 786 1248 820 sunt
1272 776 1527 827 damnatae,
1559 774 1675 818 sicut
1705 772 1811 817 illae
1837 784 1952 829 quae
1978 783 2134 815 secum

194 842 618 902 aliquidqpurgabile
640 842 859 897 deferunt,
881 853 931 887 ut
954 844 1125 887 dictum
1152 853 1218 887 est
1243 843 1304 899 (c.
1321 842 1430 902 91.)‚
1457 840 1789 885 ostendendum
1815 847 1884 882 est
1907 836 2030 895 quod
2051 849 2136 880 nec

194 911 334 955 etiam
357 909 622 968 hujusmodi
643 910 837 964 animae,
862 921 1105 969 postquam
1126 909 1290 953 fuerint
1314 922 1343 952 a
1369 921 1558 967 corpore
1584 915 1834 965 separatae,
1860 913 2052 963 possunt
2074 916 2138 947 se·

193 975 397 1021 eundum
409 975 693 1021 voluntatem
719 977 897 1020 mutari.
924 977 1170 1020 Beatorum
1196 975 1333 1028 enim,
1358 984 1407 1019 et
1420 975 1741 1018 damnatorum
1767 971 1947 1015 animae
1970 969 2139 1013 habent

191 1041 478 1086 immobilem
490 1041 773 1087 voluntatem
796 1057 851 1086 ex
870 1042 959 1086 fine
977 1043 1048 1086 cui
1067 1043 1382 1094 adhaeserunt,
1400 1051 1449 1085 ut
1469 1054 1522 1084 ex
1548 1040 1677 1084 dictis
1694 1046 1829 1097 patet.
1846 1036 1940 1081 Sed
1958 1035 2136 1080 animae

191 1122 308 1167 qnae
328 1121 492 1153 secum
524 1109 691 1168 aliquid
718 1109 951 1167 purgabile
984 1108 1239 1162 deferunn’
1227 1123 1275 1152 m
1298 1108 1390 1152 fine
1414 1121 1509 1151 non
1533 1107 1789 1163 discrepant
1820 1104 1874 1148 ab
1897 1101 2131 1148 animabus

192 1174 369 1220 beatiss
366 1174 609 1219 decedunt
633 1176 757 1219 enim
782 1190 888 1219 cum
915 1175 1115 1228 caritate,
1139 1189 1220 1234 per
1237 1189 1374 1233 quam
1395 1174 1685 1218 inhaeremus
1702 1171 1806 1216 Deo
1822 1180 1872 1214 ut
1894 1168 1988 1214 fini.
2012 1167 2137 1226 Ergo

195 1241 335 1289 etiam
359 1241 582 1301 ipsaemet
605 1241 894 1286 immobilem
918 1243 1202 1286 voluntatem
1226 1241 1469 1285 habebunt

934 1394 1186 1451 CAPUT
1228 1394 1402 1451 XCV.

195 1522 271 1560 DE
296 1522 488 1560 CAUSA
527 1522 1017 1561 IMMUTABILITATIS
1067 1523 1438 1562 COMMUNITER
1484 1522 1543 1560 IN
1582 1519 1822 1560 OMNIBUS
1861 1517 2132 1557 ANIMABUS

672 1582 814 1635 P'OST
853 1597 1267 1635 SEPARATIONEM
1306 1598 1340 1633 A
1381 1595 1649 1634 CORPORE.

218 1727 234 1735 τ’
276 1703 425 1765 (ὶιιοά
451 1715 603 1750 autem
622 1719 677 1750 ex
695 1705 786 1750 fine
810 1706 857 1750 in
876 1707 1087 1750 omnibus
1111 1706 1348 1749 animabus
1370 1704 1585 1763 separatis
1604 1712 1817 1762 sequatur
1841 1698 2136 1746 immobilitas

191 1770 451 1825 voluntatis,
476 1772 541 1816 sic
563 1771 857 1816 manifestum
884 1786 984 1816 esse
1004 1782 1168 1831 potest.

221 1867 235 1883 2
279 1837 402 1883 Finis
428 1838 566 1891 enim,
589 1848 642 1882 -ut
680 1838 853 1882 dictum
880 1839 1033 1895 est.(c.
1061 1838 1170 1897 92),
1206 1852 1254 1882 se
1289 1838 1427 1881 habet
1456 1837 1506 1880 in
1545 1835 1812 1895 appetitivis,
1848 1835 1964 1879 sicut
1993 1833 2138 1892 prima

193 1903 415 1962 principia
449 1901 852 1949 demonstrationis
888 1905 935 1949 in
960 1904 1265 1963 speculativis.
1292 1903 1567 1961 Huiusmodi
1589 1912 1741 1947 autem
1766 1900 1985 1960 principia
2014 1908 2138 1943 natu-

192 1968 346 2015 raliter
385 1976 749 2028 cognoscuntur,
778 1981 824 2015 et
859 1984 988 2016 error
1019 1972 1096 2029 qui
1133 1971 1254 2015 circa
1277 1970 1544 2028 hujusmodi
1581 1969 1802 2028 principia
1828 1967 2053 2012 accideret
2083 1980 2139 2009 ex

191 2036 484 2095 corruptione
509 2046 696 2081 naturae
722 2037 1008 2096 proveniret:
1034 2038 1153 2081 unde
1179 2050 1272 2080 non
1305 2046 1458 2095 posset
1488 2037 1632 2079 homo
1659 2034 1825 2078 mutari
1851 2034 1906 2077 de
1931 2046 2039 2078 vera
2065 2045 2137 2075 ac-

192 2103 403 2162 ceptione
428 2104 757 2163 principiorum
787 2106 834 2148 in
864 2103 1042 2157 falsam,
1076 2114 1152 2148 aut
1177 2118 1202 2148 e
1235 2117 1474 2156 converso,
1503 2103 1592 2147 nisi
1622 2115 1702 2159 per
1733 2100 2033 2145 mutationem
2058 2111 2138 2141 na-

188 2180 330 2216 turae.
370 2170 478 2215 Non
517 2181 672 2215 tamen
697 2171 775 2229 qui
800 2181 951 2215 errant
986 2172 1106 2215 circa
1147 2170 1368 2229 principia
1397 2169 1605 2213 revocari
1645 2178 1836 2227 possunt
1872 2180 1953 2225 per
1988 2166 2139 2225 aliqua

190 2237 400 2291 certiora,
424 2237 552 2282 sicut
590 2247 830 2282 revocatur
854 2238 1000 2282 homo
1028 2238 1084 2280 ab
1109 2250 1260 2281 errore
1292 2237 1370 2295 qui
1396 2246 1464 2280 est
1489 2237 1609 2279 circa
1642 2234 1987 2279 conclusiones:
2017 2242 2063 2278 et
2085 2235 2139 2277 si-

189 2302 359 2357 militer
379 2317 466 2350 nec
490 2314 647 2363 posset
672 2304 834 2362 aliquis
857 2318 884 2347 a
908 2317 1015 2348 vera
1051 2304 1317 2360 acceptione
1342 2302 1668 2361 principiorum
1703 2315 1783 2359 per
1808 2299 1959 2358 aliqua
1989 2299 2137 2357 magis

189 2371 451 2428 apparentia
477 2370 644 2414 seduci.
680 2370 756 2414 Sic
782 2371 921 2429 igitur
946 2380 990 2414 et
1017 2384 1064 2415 se
1089 2371 1226 2414 habet
1249 2370 1369 2414 circa
1399 2369 1562 2424 finem;
1596 2369 1702 2427 quia
1727 2366 2034 2426 unusquisque
2064 2381 2139 2410 na-

185 2435 389 2481 turaliter
413 2437 551 2481 habet
575 2437 849 2481 desiderium
875 2437 1023 2480 ultimi
1048 2436 1164 2490 finis,
1191 2447 1236 2480 et
1257 2437 1346 2480 hoc
1369 2437 1568 2494 sequitur
1593 2436 1639 2478 in
1661 2433 1904 2478 universali
1927 2443 2136 2477 naturam

188 2503 457 2548 rationalem
480 2514 529 2547 ut
553 2503 880 2548 beatitudinem
908 2514 1117 2563 appetat3
1144 2503 1222 2547 sed
1250 2504 1372 2562 quod
1394 2504 1483 2546 hoc
1511 2502 1584 2546 vel
1610 2501 1721 2545 illud
1748 2501 1828 2544 sub
1847 2500 2021 2543 ratione
2040 2500 2138 2543 bea-

188 2569 403 2623 titudinis,
436 2579 479 2614 et
509 2568 659 2613 ultimi
698 2569 798 2613 finis
830 2570 1067 2622 desideret,
1100 2584 1154 2613 ex
1201 2569 1351 2627 aliqua
1387 2567 1575 2627 speciali
1614 2567 1909 2626 dispositione
1948 2575 2135 2609 naturae

190 2636 433 2695 contingit:
469 2636 588 2680 unde
618 2635 927 2694 Philosophus
954 2636 1062 2680 dicit
1086 2637 1133 2679 in
1159 2636 1309 2695 primo
1334 2635 1482 2678 Ethic.
1510 2635 1571 2693 (c.
1599 2633 1662 2689 8.)
1689 2634 1811 2692 quod
1839 2631 1983 2691 qualis
2004 2645 2136 2675 unus·
2186 2628 2189 2630 ’

190 2702 378 2762 quisque
404 2712 484 2760 est,
509 2702 612 2746 talis
639 2712 683 2747 et
707 2701 808 2746 finis
833 2702 1010 2745 videtur
1027 2701 1082 2747 ei.
1110 2702 1159 2746 Si
1185 2703 1321 2760 igitur
1338 2700 1574 2759 dispositio
1601 2701 1685 2744 ista
1706 2713 1786 2758 per
1807 2712 1944 2757 quam
1967 2697 2134 2756 aliquid

191 2769 469 2814 desideratur
511 2769 564 2812 ab
593 2768 745 2827 aliquo
780 2778 830 2812 ut
853 2767 1039 2812 ultimus
1064 2767 1173 2812 finis
1200 2769 1254 2811 ab
1288 2781 1346 2813 eo
1372 2768 1597 2812 removeri
1630 2780 1724 2811 non
1755 2765 1911 2825 possit,
1936 2778 2031 2809 non
2061 2778 2138 2823 po·

188 2837 293 2881 terit
316 2836 550 2881 immutari
574 2835 784 2880 voluntas
811 2837 906 2893 ejus
933 2844 1148 2894 quantum
1179 2834 1234 2878 ad
1261 2834 1534 2878 desiderium
1566 2833 1666 2876 finis
1692 2831 1827 2876 illius.
1860 2832 2133 2891 Huiusmodi

190 2911 343 2948 autem
358 2902 697 2962 ·dispositiones
729 2902 957 2946 removeri
986 2912 1178 2960 possunt
1209 2916 1234 2945 a
1266 2902 1398 2946 nobis
1429 2900 1646 2960 quamdiu
1679 2910 1747 2943 est
1777 2900 1928 2943 anima
1952 2899 2136 2956 corpori

190 2971 447 3028 conjuncta.
476 2968 616 3021 Quod
642 2969 764 3013 enim
797 2968 965 3027 aliquid
998 2978 1233 3026 appetatur
1259 2982 1283 3012 a
1308 2968 1441 3012 nobis
1473 2978 1523 3011 ut
1552 2966 1737 3010 ultimus
1764 2965 1879 3019 finis,
1913 2964 2136 3023 contingit

190 3035 462 3096 quandoque
493 3047 547 3080 ex
582 3049 639 3080 eo
671 3035 794 3094 quod
827 3034 891 3079 sic
919 3035 1200 3093 disponimur
1236 3034 1386 3093 aliqua
1419 3034 1644 3093 passione,
1683 3045 1799 3092 quae
1826 3032 1916 3076 cito
1953 3032 2133 3076 transit:

189 3103 310 3148 unde
334 3112 379 3147 et
400 3102 672 3147 desiderium
703 3101 814 3146 finis
835 3102 890 3146 de
921 3100 1044 3145 facili
1074 3111 1349 3155 removetur,
1381 3110 1430 3144 ut
1460 3101 1508 3144 in
1541 3099 1905 3158 contingentibus
1936 3109 2133 3158 apparet.

193 3167 483 3235 Quandoque
515 3179 669 3213 autem
701 3168 984 3227 disponimur
1016 3168 1071 3212 ad
1105 3167 1378 3212 desiderium
1411 3167 1513 3211 finis
1545 3166 1745 3224 alicujus
1765 3165 1888 3219 boni,
1918 3164 1998 3210 vel
2025 3164 2134 3208 mali

190 3245 270 3297 per
290 3237 490 3296 aliquem
523 3236 756 3290 habitum3
783 3245 828 3280 et
856 3235 942 3279 ista
975 3235 1211 3293 dispositio
1242 3248 1336 3279 non
1363 3234 1418 3279 de
1449 3233 1573 3278 facili
1603 3232 1798 3277 tollitur:
1825 3231 1945 3276 unde
1977 3240 2023 3276 et
2043 3230 2134 3275 tale

190 3303 461 3348 desiderium
486 3302 591 3346 finis
614 3302 773 3346 fortius
797 3312 966 3355 manet,
988 3313 1035 3345 ut
1060 3302 1106 3345 in
1127 3302 1387 3360 temperatis
1414 3310 1620 3360 apparet:
1649 3310 1694 3344 et
1717 3310 1871 3343 tamen
1897 3297 2135 3356 dispositio

188 3371 396 3415 habitus
384 3384 431 3414 m
456 3370 544 3414 hac
559 3369 652 3413 vita
674 3368 835 3414 auferri
856 3378 1018 3428 potest.
1038 3364 1139 3413 Sic
1128 3371 1264 3427 igitur
1284 3367 1575 3412 manifestum
1598 3376 1664 3411 est
1679 3367 1816 3425 quod,
1833 3364 2130 3424 dispositione

191 3432 403 3482 manente
429 3450 517 3496 qua
545 3435 711 3495 aliquid
733 3434 1013 3480 desideratur
1037 3446 1086 3479 ut
1112 3435 1298 3479 ultimus
1323 3434 1438 3488 finis,
1464 3447 1558 3478 non
1583 3443 1733 3493 potest
1756 3430 1875 3476 illius
1897 3431 1997 3476 finis
2023 3431 2135 3475 desi-

190 3503 367 3548 derium
394 3503 585 3556 moveri,
607 3504 711 3561 quia
734 3502 920 3547 ultimus
944 3501 1046 3546 finis
1073 3501 1271 3545 maxime
1296 3500 1602 3545 desideratur:
1623 3500 1742 3544 unde
1767 3512 1861 3543 non
1882 3507 2032 3558 potest
2057 3496 2134 3540 ali-

191 3570 291 3630 quis
318 3583 344 3614 a
369 3569 602 3614 desiderio
619 3568 767 3614 ultimi
787 3568 889 3613 finis
914 3568 1121 3613 revocari
1145 3582 1224 3627 per
1250 3567 1417 3627 aliquid
1451 3565 1746 3612 desiderabile
1772 3565 1932 3624 magis.
1964 3564 2133 3608 Anima
