2332 3854
857 192 1013 232 Lmen
1051 190 1128 232 111.
1169 188 1288 232 cAP.
1331 191 1458 232 cxx.
2008 192 2109 249 471

163 303 237 340 tur
267 293 479 339 virtutem
506 293 704 354 aliquam
739 294 958 354 consequi
985 309 1038 340 ex
1075 294 1340 354 corporibus
1372 293 1643 338 coelestibus
1676 293 1925 338 secundum
1957 308 2115 339 eorum

166 360 452 421 corporalem
484 360 712 406 virtutem.

253 427 519 473 Praeterea:
557 425 847 472 manifestum
889 438 957 473 est
988 428 1109 487 quod
1135 443 1229 474 non
1267 438 1604 488 consequuntur
1637 442 1690 472 ex
1723 426 1989 487 corporibus
2016 441 2118 473 coe-

163 492 348 539 lestibus
372 503 467 538 tam
483 493 684 539 nobilem
709 493 1052 553 perfectionem,
1075 496 1192 539 sicut
1213 506 1280 541 est
1301 495 1452 540 anima
1469 493 1714 539 rationalis.
1735 494 1851 538 Sunt
1872 507 1983 553 ergo
2001 493 2116 538 infra

163 560 356 619 gradum
382 560 611 620 dignitatis
634 560 875 620 ,cujuslibet
899 561 1113 605 hominis.
1140 562 1247 607 Non
1273 562 1410 621 igitur
1435 561 1490 606 ab
1516 561 1707 606 homine
1739 560 1926 606 debetur
1952 561 2015 605 eis
2042 560 2118 605 ali-

163 626 263 685 quis
290 626 448 672 cultus.

250 692 491 752 Amplius:
519 691 655 738 causa
676 693 827 752 potior
853 704 920 738 est
945 692 1121 739 effectu.
1146 695 1324 739 Horum
1344 704 1496 739 autem
1521 694 1776 755 imaginum
1801 693 1997 740 factores
2014 703 2118 739 sunt

162 758 388 804 homines.
412 760 519 804 Non
544 760 682 819 igitur
713 760 858 805 homo
884 761 1017 805 debet
1048 761 1111 805 eis
1140 761 1337 820 aliquem
1366 761 1551 806 cultum.

251 825 299 869 Si
326 836 477 870 autem
504 827 678 871 dicatur
703 827 824 886 quod
841 827 1105 886 hujusmodi
1132 827 1353 887 imagines
1378 828 1549 872 habent
1576 827 1772 887 aliquam
1799 827 2026 882 virtutem,
2040 833 2117 871 aut

158 890 426 951 dignitatem
452 906 506 937 ex
550 893 640 937 hoc
679 894 799 953 quod
833 893 897 938 eis
925 893 1173 938 adhaerent
1205 894 1382 952 aliquae
1417 894 1670 953 spirituales
1705 894 1994 948 substantiae,
2025 893 2116 938 hoc

160 958 296 1003 etiam
329 972 423 1004 non
454 957 632 1015 sufficit,
660 974 766 1005 cum
801 960 915 1005 nulli
950 960 1171 1020 spirituali
1209 961 1486 1005 substantiae
1523 960 1739 1006 debeatur
1764 960 1921 1005 latriae
1954 959 2116 1014 cultus,

157 1025 253 1070 nisi
271 1025 357 1071 soli
383 1039 606 1071 summae.

247 1092 509 1138 Praeterea:
539 1092 757 1138 nobiliori
796 1094 938 1138 modo
966 1094 1118 1139 anima
1158 1094 1392 1139 rationalis
1439 1094 1656 1139 adhaeret
1692 1093 1874 1153 corpori
1914 1093 2116 1138 hominis

165 1171 304 1218 quam
343 1158 495 1219 aliqua
534 1159 777 1219 spiritualis
808 1161 1056 1205 substantia
1085 1161 1330 1205 adhaereat
1361 1161 1600 1220 praedictis
1634 1160 1927 1220 imaginibus.
1950 1160 2116 1204 Adhuc

127 1279 131 1283 ‘
161 1226 298 1284 igitur
321 1225 467 1271 homo
494 1237 700 1272 remanet
721 1229 765 1271 in
794 1228 956 1285 majori
973 1228 1191 1286 dignitate
1218 1242 1352 1286 quarn
1387 1227 1643 1286 praedictae
1670 1227 1907 1286 imagines.
1982 1234 1986 1239 '

246 1291 434 1338 Adhuc:
462 1307 568 1339 curn
600 1294 864 1353 hujusmodi
889 1295 1112 1354 imagines
1150 1294 1374 1339 interdum
1418 1294 1474 1339 ad
1511 1293 1688 1353 aliquos
1729 1294 1894 1338 noxios
1926 1293 2114 1339 effectus

160 1357 284 1413 fiant,
310 1359 602 1404 manifestum
643 1370 711 1405 est
733 1361 869 1419 quod,
907 1362 943 1405 si
980 1375 1059 1420 per
1100 1361 1272 1420 aliquas
1314 1360 1567 1437 spirituales
1606 1361 1876 1405 substantias
1903 1359 2117 1405 effectum

155 1426 413 1480 sortiantur,
439 1427 561 1486 quod
596 1426 703 1471 illae
729 1426 984 1486 spirituales
1025 1427 1300 1472 substantiae
1327 1427 1416 1471 sint
1446 1427 1664 1481 vitiosae3
1697 1426 1819 1486 quod
1852 1426 1991 1470 etiam
2021 1440 2115 1470 ma·

156 1492 360 1538 nifestius
387 1493 602 1570 probatur
617 1508 697 1552 per
718 1494 809 1538 hoc
832 1494 954 1552 quod
972 1493 1342 1553 responsionibus
1371 1492 1615 1552 decipiunt,
1643 1502 1687 1536 et
1713 1492 1864 1552 aliqua
1891 1494 2116 1551 contraria

155 1559 310 1603 virtuti
331 1559 518 1618 exigunt
544 1573 569 1604 a
590 1560 682 1604 suis
709 1559 981 1615 cultoribus3
1016 1570 1060 1604 et
1086 1561 1149 1604 sic
1168 1570 1272 1604 sunt
1295 1558 1428 1604 bonis
1449 1559 1715 1604 hominibus
1733 1558 1983 1604 inferiores.
2006 1559 2115 1604 Non

158 1638 271 1684 ergo
297 1627 361 1670 eis
386 1625 573 1670 debetur
597 1626 754 1671 latriae
782 1626 942 1671 cultus.

246 1691 537 1737 Manifestum
564 1702 632 1736 est
656 1706 766 1751 ergo
800 1706 855 1736 ex
881 1692 1010 1736 dictis
1036 1692 1158 1751 quod
1191 1691 1347 1736 latriae
1381 1690 1527 1736 cultus
1564 1691 1651 1736 soli
1686 1691 1764 1736 uni
1800 1705 1983 1736 summo
2009 1692 2112 1736 Deo

159 1757 360 1804 debetur.
387 1758 506 1802 Hinc
533 1767 601 1803 est
626 1758 747 1818 quod
774 1758 936 1803 dicitur
962 1758 1126 1816 (Exod.
1148 1758 1293 1803 XXII.
1322 1758 1438 1815 20.):
1468 1759 1558 1815 Qui
1578 1758 1768 1802 immolat
1789 1758 1868 1803 diis
1893 1758 2114 1812 occidetur,

150 1826 445 1885 praeterquam
462 1825 650 1870 Domino
667 1826 742 1870 soli
752 1840 769 1878 ;
798 1835 842 1869 et
868 1825 1074 1882 (Denter.
1091 1825 1169 1870 VI.
1198 1826 1314 1884 13.):
1342 1825 1578 1869 Dominum
1604 1825 1744 1868 Deum
1769 1831 1883 1868 tuum
1906 1824 2115 1880 adorabis,

157 1897 194 1936 et
216 1892 282 1936 illi
304 1892 383 1937 soli
404 1894 553 1937 servies
562 1907 579 1945 ,⁰
607 1902 652 1936 et
677 1891 833 1950 (Rom.
860 1893 898 1937 Ι.
927 1905 996 1936 22.
1025 1901 1068 1936 et
1095 1893 1186 1951 23.)
1213 1892 1375 1936 dicitur
1397 1892 1452 1935 de
1482 1891 1760 1936 Gentilibus:
1789 1893 1983 1936 Dicentes
2008 1894 2117 1936 enim

148 1972 194 2003 se
217 1970 294 2004 esse
313 1960 528 2019 sapientes,
553 1959 668 2004 stulti
682 1959 796 2017 sacti
817 1964 937 2011 sunt;
964 1965 1003 2004 et
1026 1965 1295 2003 mutaverunt
1319 1959 1500 2017 gloriam
1525 1959 1860 2018 incorruptibilis
1886 1959 1971 2003 Dei
1994 1960 2040 2003 in
2059 1960 2112 2003 si-

153 2025 429 2070 militudinem
453 2027 648 2084 imaginis
674 2026 957 2084 corruptibilis
988 2026 1167 2072 hominis
1193 2032 1230 2070 et
1254 2025 1475 2070 volucrum
1497 2032 1535 2069 et
1566 2024 1879 2084 quadrupedum
1904 2031 1941 2069 et
1959 2033 2118 2084 serpen-

155 2094 269 2145 ταφῆς
297 2102 342 2137 et
366 2091 503 2151 (infra
520 2091 634 2148 25.):
658 2093 748 2149 Qui
769 2098 1128 2136 commutaverunt
1143 2094 1364 2136 veritatem
1380 2092 1465 2136 Dei
1486 2093 1531 2135 in
1548 2091 1826 2145 mendacium,
1851 2098 1889 2136 et
1905 2092 2117 2136 coluerunt

153 2164 191 2203 et
213 2161 445 2204 servierunt
465 2165 680 2204 creaturae
703 2160 838 2217 potius
863 2173 989 2218 quam
1016 2158 1229 2215 Creatori,
1254 2160 1326 2217 qui
1346 2165 1401 2203 est
1425 2166 1546 2218 super
1563 2160 1706 2202 omnia
1732 2159 1846 2202 Deus
1868 2158 2110 2203 benedictus.

234 2224 370 2277 >Quia
394 2239 503 2284 ergo
526 2225 777 2270 indebitum
804 2234 871 2269 est
896 2225 1017 2284 quod
1037 2225 1192 2269 latriae
1215 2224 1363 2269 'cultus
1382 2224 1509 2269 alteri
1527 2225 1790 2269 exhibeatur
1812 2238 1950 2283 quam
1966 2226 2113 2283 primo

153 2305 305 2336 rerum
330 2292 568 2351 principio,
595 2292 650 2335 ad
676 2291 875 2336 indebita
902 2302 1054 2336 autem
1079 2291 1268 2336 incitare
1290 2305 1385 2335 non
1412 2301 1478 2335 est
1509 2292 1595 2335 nisi
1620 2290 1853 2335 rationalis
1881 2301 2113 2335 creaturae

152 2357 274 2403 male
291 2359 549 2418 dispositae,
567 2357 860 2403 manifestum
878 2369 945 2403 est
960 2358 1082 2418 quod
1101 2359 1156 2402 ad
1174 2359 1427 2418 praedictas
1443 2357 1665 2401 indebitas
1683 2357 1880 2401 culturas
1898 2358 2112 2401 instinctu

154 2423 433 2470 daemonum
472 2426 684 2469 homines
719 2425 956 2484 provocati
991 2424 1187 2480 fuerunt,
1222 2425 1299 2484 qui
1331 2438 1379 2469 se
1412 2425 1550 2468 etiam
1586 2423 1693 2467 loco
1726 2424 1814 2468 Dei
1845 2423 2109 2468 hominibus

158 2491 378 2537 colendos
403 2492 683 2546 exibuerunt,
714 2492 918 2536 divinum
952 2501 1213 2551 appetentes
1249 2491 1491 2537 honorem.
1529 2491 1646 2534 Hinc
1683 2501 1750 2534 est
1790 2490 1912 2549 quod
1952 2490 2114 2534 dicitur

156 2557 301 2615 (Psal.
325 2558 470 2604 XCV.
498 2557 582 2616 §.):
613 2559 764 2603 Omnes
788 2558 849 2603 dii
871 2560 1056 2617 gentium
1087 2558 1333 2610 daemonia,·
1369 2566 1413 2602 et
1443 2558 1501 2615 (1.
1532 2557 1639 2602 Cor.
1666 2557 1722 2600 X.
1749 2557 1866 2615 20.):
1895 2557 2015 2614 Quae
2040 2557 2114 2599 im-

152 2625 313 2670 molant
332 2632 480 2684 gentes,
507 2624 741 2672 daemoniis¹
758 2626 994 2680 immolant,
1021 2631 1058 2670 et
1077 2640 1161 2674 non
1186 2626 1293 2670 Deo.

246 2691 369 2743 Q-‚uia
393 2691 528 2750 igitur
554 2701 627 2736 est*
643 2690 906 2750 principalis
937 2691 1051 2750 legis
1083 2692 1263 2736 divinae
1289 2690 1480 2735 intentio
1508 2700 1557 2734 ut
1575 2690 1726 2747 ‚homo
1752 2690 1855 2734 Deo
1882 2689 2112 2747 subdatur,

156 2767 201 2802 et
231 2757 274 2801 ei
304 2756 580 2816 singularem
616 2757 919 2801 reverentiam
953 2758 1142 2812 exibeat,
1177 2772 1271 2802 non
1307 2756 1466 2801 solum·
1497 2756 1648 2810 corde,
1681 2756 1759 2800 sed
1793 2757 1931 2800 etiam
1964 2769 2042 2799 ore
2069 2765 2113 2800 et

148 2836 297 2899 opere
322 2822 564 2882 corporali,
590 2823 694 2867 ideo
717 2824 922 2882 primitus
947 2824 996 2867 in
1020 2823 1162 2868 Exod.
1187 2824 1308 2881 (XX.
1336 2837 1374 2881 3.
1398 2833 1443 2867 et
1466 2822 1546 2880 4.),
1572 2822 1650 2865 ubi
1675 2822 1747 2866 lex
1773 2822 1926 2865 divina
1950 2835 2114 2881 propo-

156 2890 290 2944 nitur,
314 2890 596 2935 interdicitur
614 2890 760 2934 cultus
777 2889 974 2949 plurium
990 2890 1197 2945 deorum,
1222 2890 1299 2933 ubi
1324 2889 1510 2934 dicitur:
1538 2889 1635 2934 Non
1661 2889 1826 2933 habebis
1847 2888 1938 2932 deos
1958 2889 2114 2933 alienos

158 2970 302 3001 coram
327 2971 404 3000 me.
436 2957 535 3002 Non
555 2957 690 3015 facies
720 2958 796 3000 tibi
819 2956 1048 3015 sculptibile
1073 2971 1199 3015 neque
1219 2971 1380 3000 omnem
1406 2954 1731 3000 similitudinem
1761 2955 1974 2999 Secundo
2001 2954 2114 2998 indi-

155 3021 272 3067 citur
286 3023 473 3067 homini
498 3037 556 3068 ne
581 3022 875 3067 irreverentes
892 3022 1095 3066 divinum
1118 3037 1288 3067 nomen
1311 3036 1391 3066 ore
1412 3011 1719 3080 pronuntient,
1737 3021 1791 3064 ad
1809 3021 2115 3066 confirmatio-

156 3102 265 3133 nem
296 3089 471 3134 scilicet
496 3088 686 3148 alicujus
710 3088 832 3143 falsi3
859 3099 903 3133 et
924 3089 1013 3133 hoc
1041 3098 1107 3133 est
1133 3089 1255 3148 quod
1287 3089 1448 3133 dicitur
1476 3087 1639 3145 (Exod.
1666 3087 1766 3131 XX.
1801 3087 1894 3145 7.:)
1927 3088 2027 3132 Non
2053 3102 2114 3132 as-

153 3169 285 3200 sumes
308 3170 459 3201 nomen
482 3156 661 3200 Domini
685 3156 769 3200 Dei
794 3157 857 3200 tui
876 3156 922 3199 in
946 3169 1120 3200 vanum.
1145 3154 1302 3199 Tertio
1327 3144 1537 3199 indicitur
1562 3155 1739 3213 requies
1761 3153 2011 3198 secundum
2037 3153 2113 3198 ali-

154 3222 278 3281 quod
294 3232 472 3280 tempus
498 3223 552 3266 ab
574 3222 868 3267 exterioribus
885 3222 1121 3276 exercitiis,
1140 3233 1187 3266 ut
1204 3235 1334 3266 mens
1360 3222 1539 3266 divinae
1561 3220 1939 3279 contemplationi
1955 3230 2111 3274 vacet3

155 3298 201 3333 et
225 3289 331 3334 ideo
357 3288 520 3334 dicitur
544 3288 707 3347 (Εκοά.
734 3287 836 3333 ΧΧ.
862 3288 952 3346 8.):
980 3290 1184 3335 Memento
1210 3295 1259 3334 ut
1281 3289 1389 3334 diem
1410 3289 1573 3333 sabbati
1592 3287 1829 3346 sanctifices.
