2332 3854
822 186 977 229 LmER
1016 187 1072 228 11.
1115 180 1236 228 cAP.
1278 186 1366 226 xz.
2007 172 2108 240 167

81 342 85 345 ,
244 290 433 336 Adhuc:
460 297 514 335 ca
539 302 655 349 quae
680 299 785 335 sunt
809 300 863 334 ex
889 290 1140 336 intentione
1173 289 1363 350 agentis,
1393 299 1489 333 non
1520 297 1625 332 sunt
1655 295 1839 346 propter
1869 285 2111 331 materIam

153 359 272 405 sieut
294 366 479 418 propter
502 357 697 416 primam
725 370 929 412 causam3
960 371 1096 402 causa
1121 358 1244 402 enim
1271 369 1410 416 agens
1436 354 1560 415 prior
1576 363 1643 398 est
1659 353 1704 397 in
1723 353 1954 398 causando
1972 367 2110 412 quam

75 464 78 465 ⁷
155 425 359 478 materia,
385 424 490 483 quia
515 424 703 468 materia
729 437 823 467 non
850 423 899 474 fit
925 434 1027 468 actu
1061 438 1212 478 causa,
1239 424 1325 468 nisi
1357 422 1608 467 secundum
1630 421 1763 480 quod
1796 430 1863 464 est
1897 430 2023 464 mota
2056 420 2109 464 ab

154 498 333 551 agente.
360 491 493 535 Unde
519 491 556 535 si
578 490 739 550 aliquis
765 489 951 535 effectus
974 491 1266 550 consequitur
1287 489 1636 549 dispositionem
1652 487 1885 540 materiae,
1902 496 1947 531 et
1971 486 2113 531 inten-

66 566 83 581 ³
152 559 328 604 tionem
355 557 544 616 agentis,
570 571 662 602 non
690 566 759 601 est
783 571 837 600 ex
863 558 1052 601 materia
1075 558 1191 602 sicut
1217 571 1271 602 ex
1294 570 1431 601 causa
1457 555 1630 615 prima3
1657 564 1702 598 et
1726 563 1911 613 propter
1933 553 2024 597 hoc
2051 553 2112 598 vi-

152 625 314 671 demus
339 624 461 684 quod
487 637 542 668 ea
566 637 682 683 quae
708 622 983 668 reducuntur
1007 624 1053 667 in
1080 624 1321 669 materiam
1347 623 1464 667 sicut
1491 624 1537 667 in
1564 634 1750 666 causam
1776 619 1989 680 primam,
2007 630 2111 664 sunt

73 699 76 702 ’
152 700 331 752 praeter
354 691 654 736 intentionem
688 690 878 749 agentis,
911 690 1027 735 sicut
1060 700 1262 735 monstra
1295 700 1340 735 et
1373 689 1460 734 alia
1491 699 1680 748 peccata
1711 697 1915 732 naturae.
1942 686 2111 731 Forma

153 768 306 804 autem
331 767 399 803 est
423 771 478 802 ex
503 757 754 802 intentione
781 757 969 815 agentis,
997 758 1118 816 quod
1147 772 1199 801 ex
1225 757 1315 801 hoc
1343 766 1478 816 patet.
1507 756 1664 815 Agens
1690 756 1812 800 enim
1841 754 1935 814 agit
1955 754 2040 798 sibi
2057 755 2111 798 si-

150 825 260 871 mile
284 825 536 870 secundum
561 823 780 879 formam;
804 832 848 868 et
873 824 910 868 si
937 823 1180 883 aliquando
1207 823 1402 877 deficiat,
1427 824 1518 868 hoc
1546 832 1614 868 est
1640 836 1666 866 a
1689 835 1796 867 casu
1814 831 1998 882 propter
2019 835 2112 865 ma-

148 893 325 939 teriam.
351 892 546 937 Formae
570 891 708 950 igitur
732 905 826 935 non
853 898 1103 950 sequuntur
1135 891 1481 950 dispositionem
1514 890 1731 934 materiae
1764 889 1880 934 sicut
1911 888 2107 948 primam

151 973 352 1014 causam,
378 959 456 1004 sed
482 961 630 1017 magis
656 972 680 1002 e
708 972 938 1002 converso.
959 958 1176 1002 materiae
1203 958 1267 1002 sic
1295 958 1608 1016 disponuntur,
1621 966 1669 1001 ut
1686 956 1774 1001 sint
1791 955 1904 1000 tales
1919 954 2110 1000 formae.

149 1025 394 1072 Distinctio
421 1035 573 1071 autem
598 1039 750 1070 rerum
776 1025 1026 1070 secundum
1054 1026 1254 1085 speciem
1281 1035 1348 1069 est
1373 1039 1452 1084 per
1482 1024 1668 1069 formas.
1701 1023 1948 1068 Distinctio
1974 1022 2111 1082 igitur

102 1098 107 1105 '
145 1106 299 1139 rerum
326 1107 421 1138 non
447 1103 515 1138 est
539 1102 723 1152 propter
754 1093 973 1137 materiae
1001 1093 1310 1137 diversitatem
1337 1092 1454 1136 sicut
1479 1102 1663 1151 propter
1687 1092 1884 1150 primam
1908 1104 2111 1137 causam.

238 1160 475 1219 Amplius:
503 1159 733 1204 distinctio
759 1173 911 1203 rerum
937 1173 1031 1204 non
1066 1169 1213 1218 potest
1246 1159 1485 1219 provenire
1519 1172 1573 1202 ex
1605 1158 1795 1203 materia
1826 1158 1914 1202 nisi
1944 1159 1991 1201 in
2022 1156 2112 1201 illis

143 1233 264 1288 quae
291 1241 346 1272 ex
370 1227 560 1271 materia
585 1226 935 1286 praeexsistente
962 1226 1086 1271 fiunt.
1114 1225 1258 1271 Multa
1286 1235 1438 1270 autem
1466 1235 1571 1269 sunt
1596 1225 1649 1269 ab
1677 1225 1875 1270 invicem
1901 1223 2111 1269 distincta

146 1294 193 1338 in
220 1294 353 1339 rebus
378 1307 494 1354 quae
514 1307 609 1338 non
630 1303 819 1352 possunt
837 1307 891 1338 ex
917 1295 1268 1353 praeexsistente
1294 1292 1488 1337 materia
1514 1292 1624 1346 fieri,
1649 1292 1766 1336 sicut
1790 1300 1916 1351 patet
1937 1291 1991 1335 de
2015 1304 2111 1335 cor-

144 1361 329 1421 poribus
352 1360 641 1414 coelestibus,
667 1374 783 1419 quae
809 1374 903 1404 non
929 1352 1099 1404 habent
1125 1359 1419 1413 contrarium,
1442 1369 1491 1403 ut
1516 1373 1677 1403 eorum
1712 1368 1867 1403 motus
1900 1357 2110 1403 ostendit.

147 1427 255 1473 Non
280 1428 417 1487 igitur
442 1437 592 1487 potest
619 1442 717 1471 esse
750 1427 898 1486 prima
933 1441 1068 1472 causa
1102 1426 1405 1470 distinctionis
1437 1439 1587 1469 rerum
1615 1425 1851 1469 diversitas
1877 1425 2109 1469 materiae.

235 1494 372 1539 Item:
399 1507 714 1553 quaecumque
739 1494 954 1538 habentia
980 1494 1049 1538 sui
1076 1507 1174 1538 esse
1209 1506 1395 1537 causam
1423 1493 1770 1551 distinguuntur,
1805 1492 1975 1537 habent
2011 1506 2111 1536 cau·

142 1567 247 1607 'sam
270 1574 379 1606 suae
406 1561 730 1605 distinctionis:
757 1561 1116 1619 unumquodque
1143 1561 1266 1604 enim
1293 1559 1543 1604 secundum
1570 1559 1662 1603 hoc
1689 1559 1738 1603 fit
1759 1573 1838 1604 ens
1855 1559 2110 1604 secundum

146 1628 270 1688 quod
295 1627 345 1689 fit
369 1641 511 1672 unum
536 1628 582 1671 in
610 1642 658 1671 se
684 1627 942 1682 indivisum,
970 1637 1014 1671 et
1040 1627 1094 1670 ab
1119 1626 1218 1671 aliis
1241 1627 1516 1671 distinctum.
1546 1626 1637 1671 Sed
1669 1626 1707 1670 si
1733 1627 1926 1671 materia
1952 1627 2021 1670 sui
2048 1626 2109 1670 di-

144 1695 359 1740 versitate
384 1703 452 1739 est
473 1708 613 1739 causa
638 1694 940 1739 distinctionis
966 1708 1135 1748 rerum,
1161 1704 1345 1753 oportet
1369 1707 1539 1752 ponere
1566 1694 1779 1738 materias
1804 1696 1849 1738 in
1872 1708 1920 1738 se
1939 1708 2037 1738 esse
2050 1694 2111 1737 di-

145 1763 353 1816 stincta83
379 1771 559 1807 constat
584 1770 736 1806 autem
763 1762 885 1821 quod
912 1762 1101 1806 materia
1129 1760 1356 1820 quaelibet
1384 1761 1522 1805 habet
1554 1775 1652 1805 esse
1686 1761 1739 1804 ab
1768 1761 1874 1815 alio,
1906 1775 1986 1819 per
2017 1761 2107 1805 hoc

143 1829 268 1890 'quod
290 1841 429 1888 supra
455 1838 691 1872 ostensum
719 1837 786 1872 est
806 1829 866 1887 (c.
899 1828 1002 1886 15.),
1025 1841 1163 1872 omne
1181 1828 1303 1887 quod
1322 1828 1714 1887 qualitercumque
1731 1838 1811 1883 est,
1831 1842 1856 1872 a
1872 1829 1975 1872 Deo
1994 1842 2108 1872 esse.

46 1896 48 1911 ²
121 1895 269 1956 ,Ergo
295 1895 417 1940 aliud
439 1905 507 1940 est
537 1909 674 1940 causa
705 1894 1008 1940 distinctionis
1045 1895 1258 1940 materiis.
1286 1895 1395 1940 Non
1430 1895 1568 1953 igitur
1602 1895 1750 1954 prima
1788 1909 1926 1940 causa
1959 1894 2109 1939 distin-

142 1962 310 2008 ctionis
334 1975 487 2007 rerum
509 1971 659 2021 potest
685 1976 783 2006 esse
810 1962 1046 2006 diversitas
1069 1963 1307 2008 materiae.

233 2029 422 2074 Adhuc:
450 2042 556 2073 cum
582 2029 734 2073 omnis
755 2028 1011 2073 intellectus
1039 2039 1144 2088 agat
1169 2039 1353 2088 propter
1377 2028 1567 2084 bonum,
1594 2043 1689 2073 non
1707 2029 1800 2088 agit
1819 2028 1983 2074 melius
2005 2043 2105 2089 pro-

142 2106 241 2157 pter
264 2095 412 2150 vilius,
438 2096 516 2140 sed
542 2110 567 2140 e
594 2109 831 2140 conversa
860 2095 916 2140 Et
940 2095 1148 2140 similiter
1174 2106 1242 2140 est
1267 2096 1323 2140 de
1348 2106 1524 2140 natura.
1554 2097 1721 2142 Omnis
1749 2107 1902 2141 autem
1919 2111 1990 2141 res
2009 2111 2108 2155 pro-

142 2163 263 2208 cedit
287 2176 313 2207 a
334 2163 438 2207 Deo
464 2177 544 2222 per
573 2161 856 2207 intellectum
884 2173 1112 2222 agentern,
1139 2173 1188 2208 ut
1214 2178 1269 2207 ex
1302 2163 1570 2222 supradictis
1602 2165 1663 2222 (c.
1698 2162 1790 2223 23.)
1822 2174 1957 2222 patet.
1992 2163 2108 2208 Sunt

139 2229 279 2289 igitur
304 2243 329 2273 a
353 2230 458 2274 Deo
483 2228 647 2274 viliora
672 2239 857 2288 propter
890 2229 1098 2284 meliora,
1121 2240 1166 2274 et
1195 2243 1290 2274 non
1317 2245 1341 2274 e
1375 2244 1612 2275 converso.
1646 2229 1814 2274 Forma
1844 2240 1997 2275 autem
2029 2245 2109 2275 no-

139 2297 275 2342 bilior
300 2308 367 2341 est
392 2296 597 2350 materia,
625 2310 730 2340 cum
753 2297 809 2340 sit
834 2296 1067 2354 perfectio,
1094 2306 1138 2341 et
1164 2307 1290 2341 actus
1317 2298 1426 2356 ejus.
1461 2297 1582 2356 Ergo
1617 2311 1711 2341 non
1743 2297 1954 2355 producit
1986 2298 2107 2342 solas

138 2363 311 2410 formas
334 2377 489 2408 rerum
515 2373 698 2423 propter
712 2363 828 2408 tales
845 2364 1075 2418 materias,
1093 2363 1171 2408 sed
1190 2364 1337 2422 magis
1355 2363 1467 2408 tales
1485 2365 1699 2409 materias
1716 2364 1941 2424 produxit,
1954 2374 2004 2409 ut
2018 2366 2107 2409 sint

138 2429 254 2476 tales
278 2429 470 2476 formae.
496 2430 604 2475 Non
636 2431 772 2490 igitur
797 2431 1028 2475 distinctio
1061 2431 1316 2491 specierum
1353 2432 1399 2476 in
1436 2432 1584 2487 rebus,
1618 2447 1734 2492 quae
1761 2442 1828 2477 est
1853 2431 2105 2477 secundum

140 2497 354 2552 formam,
380 2507 449 2542 est
472 2508 657 2557 propter
682 2498 936 2553 materiam,
963 2498 1041 2542 sed
1068 2498 1215 2557 magis
1242 2499 1459 2544 materiae
1486 2509 1591 2544 sunt
1613 2508 1791 2544 creatae
1818 2499 2040 2555 diversae,
2057 2510 2106 2544 ut

139 2565 333 2611 'diversis
357 2565 519 2610 formis
546 2567 836 2610 conveniant.

228 2632 318 2677 Per
341 2633 432 2677 hoc
461 2641 611 2677 autem
639 2632 892 2677 excluditur
923 2633 1080 2692 opinio
1113 2633 1417 2692 Anaxagorae
1450 2633 1660 2692 ponentis
1686 2632 1859 2678 infinita
1883 2634 2104 2693 principia

139 2699 394 2745 materialia
421 2713 446 2743 a
472 2699 694 2758 principio
721 2699 904 2758 quidem
934 2700 1183 2744 commixta
1218 2700 1264 2743 in
1297 2714 1390 2744 uno
1424 2699 1631 2754 confuso,
1665 2714 1781 2758 quae
1807 2701 2104 2758 postmodum

82 2763 100 2837 ⁴·
139 2765 394 2811 intellectus
421 2765 674 2825 separando
698 2780 850 2810 rerum
874 2766 1214 2811 distinctionem
1242 2767 1498 2822 constituit;
1522 2777 1566 2811 et
1586 2780 1983 2826 quorumcumque
1998 2765 2104 2811 alio-

138 2842 242 2877 rum
284 2834 551 2892 ponentium
588 2832 765 2877 diversa
798 2833 1020 2891 principia
1055 2832 1310 2877 materialia
1354 2834 1409 2877 ad
1437 2834 1777 2878 distinctionem
1814 2848 1966 2878 rerum
2003 2849 2104 2879 cau-

138 2899 344 2945 santiam.

897 3090 1153 3148 CAPUT
1194 3092 1342 3148 XLI.

228 3232 388 3279 QUOD
430 3233 754 3273 DISTINCTIO
794 3235 977 3274 RERUM
1015 3235 1132 3275 NON
1171 3236 1270 3274 EST
1310 3236 1557 3275 PROPTER
1597 3235 2008 3276 DIVERSITATEM

618 3308 731 3347 AUT
773 3307 1279 3349 CONTRARIETATEM
1319 3310 1626 3350 AGENTIUM.

229 3429 297 3474 Ex
320 3429 580 3490 praemissis
605 3430 744 3476 etiam
777 3433 954 3477 ostendi
985 3442 1135 3492 potest
1165 3433 1287 3491 quod
1321 3446 1457 3477 causa
1490 3433 1790 3478 distinctionis
1822 3447 1974 3478 rerum
2004 3448 2099 3479 non

139 3496 482 3551 est-diversitas,
515 3507 592 3542 aut
616 3498 756 3542 etiam
782 3499 1078 3544 contrarietas
1106 3499 1349 3558 agentium.
1386 3500 1434 3543 Si
1461 3500 1584 3544 enim
1617 3498 1780 3545 diversi
1813 3511 2013 3560 agentes,
2046 3515 2099 3547 ex

138 3562 301 3622 quibus
326 3563 535 3623 procedit
559 3577 711 3609 rerum
737 3564 986 3621 diversitas,
1004 3575 1118 3613 ⁴sunt
1143 3566 1340 3611 ordinati
1363 3566 1419 3611 ad
1444 3566 1658 3622 invicem,
1684 3577 1866 3628 oportet
1877 3569 2001 3628 quod
2019 3569 2101 3614 hu-
