2332 3854
878 258 1029 296 unna
1069 257 1140 295 1v.
1183 257 1304 295 car».
1338 256 1380 295 s.
2000 258 2100 313 541

147 372 433 416 venerentur,
448 370 493 406 et
507 358 725 405 increduli
746 359 947 404 lacerare
964 373 1057 403 non
1071 359 1268 418 possint;
1286 358 1405 403 unde
1424 358 1532 403 dicit
1550 357 1798 418 Apostolus
1816 359 1871 416 (Ι.
1891 357 2102 405 Corinth.

148 429 271 474 XIII.
305 430 415 485 12.):
451 426 640 472 Videmus
663 441 773 471 nunc
792 434 870 485 per
892 426 1103 486 speculum
1127 428 1173 471 in
1198 427 1431 485 aenigmate
1441 441 1458 478 ;
1492 424 1724 484 signanter
1744 425 1880 483 igitur
1912 426 2105 470 addidit:

145 497 236 549 vix,
270 505 319 539 ut
350 492 590 538 difficultas
621 492 947 537 ostenderetur.
983 491 1124 544 Quod
1156 505 1266 537 vero
1299 491 1516 536 subdidit:
1553 493 1659 549 Quis
1685 493 1842 551 poterit
1874 493 2105 536 tonitruum

145 562 444 621 magnitudinis
465 561 579 606 illius
598 560 790 604 intueri?
817 559 872 603 ad
894 560 1073 603 tertiam
1098 559 1412 618 cognitionem
1434 560 1640 618 pertinet,
1661 571 1752 618 qua
1774 557 1920 618 prima
1941 558 2106 603 veritas

145 638 462 687 cognoscetur,
489 641 583 671 non
609 625 725 670 sicut
750 625 935 678 credita,
961 625 1039 668 sed
1066 625 1181 669 sicut
1208 625 1327 669 visa:
1363 624 1598 669 Videbimus
1629 626 1738 669 enim
1765 639 1858 669 eum
1888 626 2012 669 sicuti
2033 631 2103 679 est,

144 705 194 740 ut
217 695 379 739 dicitur
403 694 459 752 (Ι.
479 693 641 752 Joann.
668 692 747 737 111.
776 691 862 748 2.);
889 691 1008 735 unde
1036 691 1165 735 dicit:
1192 693 1356 736 intueri.
1383 691 1481 735 Nec
1510 691 1677 750 aliquid
1700 691 1934 735 modicum
1962 691 2017 735 de
2044 692 2090 735 di

142 762 259 807 vinis
286 761 510 822 mysteriis
536 759 817 820 percipietur,
849 757 930 802 sed
956 758 1053 816 ipsa
1086 761 1299 817 majestas
1332 758 1484 802 divina
1515 758 1738 801 videbitur
1770 767 1814 802 et
1844 758 1996 802 omnis
2029 759 2104 802 bo·

142 842 308 874 norum
333 825 575 887 perfecti03
601 825 720 870 unde
746 824 974 870 Dominus
1002 824 1057 868 ad
1084 825 1278 884 Moysen
1306 825 1413 868 dixit
1441 823 1604 882 (Exod.
1632 824 1843 868 XXXIII.
1871 824 1983 885 19.):
2012 826 2103 885 Ego

141 893 350 942 ostendam
374 894 450 938 tibi
473 907 590 936 omne
622 893 787 944 bonum,
815 900 938 935 recte
963 905 1074 949 ergo
1103 891 1233 935 dicit:
1262 891 1573 949 magnitudinis.
1606 890 1714 935 Non
1747 900 1901 935 autem
1938 905 2103 951 propo-

140 970 272 1006 netur
294 958 460 1005 veritas
485 958 664 1003 homini
689 957 913 1017 aliquibus
939 956 1240 1002 velaminibus
1267 956 1510 1013 occultata,
1528 956 1606 1001 sed
1625 957 1815 1000 omnino
1834 957 2102 1011 manifesta3

140 1022 259 1071 unde
285 1025 517 1071 Dominus
544 1024 775 1084 discipulis
802 1024 894 1068 suis
921 1025 1029 1068 dicit
1055 1024 1244 1082 (Joann.
1272 1023 1395 1067 XVI.
1425 1024 1541 1081 25.):
1577 1024 1695 1068 Venit
1717 1024 1834 1077 hora,
1859 1038 1986 1083 quum
2007 1026 2101 1082 jam

138 1108 223 1144 non
253 1094 298 1138 in
320 1094 559 1154 proverbiis
589 1093 738 1151 loquar
768 1093 900 1145 vobis,
926 1091 991 1135 sed
1021 1091 1170 1151 palam
1202 1090 1249 1135 de
1291 1092 1416 1135 Patre
1449 1105 1537 1134 meo
1571 1090 1829 1134 annuntiabo
1861 1091 1980 1135 vobis
1990 1105 2007 1142 ,·
2045 1090 2098 1135 si-

138 1170 330 1220 gnanter
349 1173 463 1218 ergo
491 1159 622 1203 dicit:
648 1158 894 1211 tonitruum,
924 1157 978 1201 ad
1006 1156 1423 1213 manifestationem
1449 1156 1783 1201 insinuandam.

226 1224 508 1290 Competunt
533 1235 689 1271 autem
710 1224 848 1268 verba
873 1224 1121 1282 praemissa
1147 1233 1305 1275 nostro
1332 1223 1593 1283 proposit03
1620 1236 1728 1266 narn
1755 1223 1802 1266 in
1828 1207 2100 1282 praeceden-

137 1293 255 1339 tibus
279 1293 335 1342 de
357 1291 518 1338 divinis
543 1304 695 1337 sermo
719 1300 787 1335 est
810 1290 1005 1344 habitus,
1023 1290 1275 1335 secundum
1294 1289 1416 1350 quod
1436 1290 1492 1335 ad
1510 1289 1822 1349 cognitionem
1841 1288 2101 1334 divinorum

137 1346 353 1410 naturalis
377 1359 493 1405 ratio
519 1373 598 1419 per
624 1368 851 1403 creaturas
873 1357 1108 1417 pervenire
1131 1366 1302 1416 potest;
1329 1355 1595 1419 imperfecte
1612 1366 1769 1401 tamen
1787 1366 1832 1400 et
1848 1356 2099 1401 secundum

136 1425 306 1486 proprii
329 1425 712 1487 possibilitatem
701 1424 885 1484 ingenii,
912 1434 961 1469 ut
986 1424 1050 1469 sic
1076 1423 1305 1484 possimus
1332 1424 1481 1468 dicere
1508 1437 1616 1468 cum
1636 1423 1747 1506 Job:
1774 1423 1894 1479 Ecce,
1926 1423 2025 1469 haec
2049 1439 2102 1469 ex

133 1498 259 1552 parte
289 1492 402 1541 dicta
427 1498 521 1538 sunt
544 1493 717 1536 viarum
749 1494 847 1551 esur.

223 1559 383 1606 Restat
407 1558 560 1606 au'tem
586 1572 739 1602 sermo
765 1557 1003 1602 habendus
1032 1557 1086 1602 de
1111 1557 1183 1602 his
1209 1571 1326 1617 quae
1352 1555 1484 1603 nobis
1516 1555 1716 1629 revelata
1747 1566 1852 1602 sunt
1883 1556 2098 1604 divinitus

135 1635 184 1672 ut
209 1626 448 1689 credenda,
475 1624 739 1670 excedentia
764 1624 1050 1669 intellectum
1074 1623 1346 1669 humanum.

224 1692 371 1739 Circa
385 1706 500 1752 quae
525 1690 718 1752 qualiter
743 1691 1085 1768 procedendum
1111 1690 1168 1735 sit
1193 1688 1443 1749 praemissa
1464 1691 1601 1736 verba
1622 1705 1708 1735 nos
1732 1690 1913 1736 docent.
1938 1690 2098 1745 Quum

134 1759 260 1804 enim
282 1758 519 1805 veritatem
545 1759 618 1802 vix
641 1758 954 1802 audierimus
943 1773 990 1802 1n
1017 1758 1303 1802 sermonibus
1330 1772 1487 1804 sacrae
1516 1757 1791 1818 Scripturae,
1817 1759 1946 1818 quasi
1977 1758 2098 1803 stilla

133 1840 271 1885 parva
297 1826 351 1875 ad
377 1839 463 1873 nos
489 1825 809 1879 descendente,
836 1839 920 1869 nec
947 1825 1090 1885 possit
1122 1824 1321 1884 aliquis
1311 1839 1356 1868 in
1383 1825 1517 1883 hujus
1543 1825 1662 1869 vitae
1694 1834 1814 1870 statu
1843 1826 2095 1870 tonitruum

133 1891 461 1951 magnitudinis,
490 1892 668 1946 intueri,
705 1891 790 1936 erit
823 1891 900 1935 hic
938 1891 1103 1936 modus
1139 1892 1386 1936 servandus
1412 1902 1462 1936 ut
1487 1906 1539 1936 ea
1573 1905 1689 1951 quae
1726 1892 1772 1935 in
1810 1892 2095 1937 sermonibus

132 1972 287 2005 sacrae
313 1957 571 2018 Scripturae
607 1968 711 2003 sunt
744 1958 907 2003 tradita
944 1958 1073 2018 quasi
1112 1957 1333 2018 principia
1374 1969 1624 2016 sumantur,
1659 1969 1703 2003 et
1740 1959 1804 2002 sic
1832 1974 1884 2004 ea
1911 1974 2026 2019 quae
2048 1960 2095 2003 in

131 2025 416 2091 sermonibus
448 2025 687 2084 praedictis
721 2024 900 2069 occulte
932 2025 1063 2069 nobis
1094 2025 1330 2069 traduntur
1364 2025 1629 2070 studeamus
1662 2036 1908 2085 utcumque
1942 2037 2095 2071 mente

133 2087 310 2155 capere,
335 2106 361 2137 a
385 2091 662 2137 laceratione
688 2091 940 2136 infidelium
968 2091 1279 2147 defendendo3
1303 2102 1351 2136 ut
1377 2101 1530 2145 tamen
1558 2095 1867 2152 praesumptio
1894 2086 2094 2152 perfecte

133 2158 442 2218 cognoscendi
474 2173 568 2204 non
602 2157 728 2202 adsit.
763 2157 1004 2202 Probanda
1038 2158 1160 2202 enim
1199 2168 1302 2203 sunt
1332 2159 1597 2217 hujusmodi
1631 2160 1899 2204 auctoritate
1940 2174 2095 2205 sacrae

133 2224 408 2285 Scripturae,
433 2239 527 2271 non
561 2235 713 2269 autem
745 2227 922 2270 ratione
954 2225 1175 2279 naturali3
1209 2226 1286 2269 sed
1318 2235 1473 2269 tamen
1508 2226 1840 2270 ostendendum
1874 2237 1941 2271 est
1972 2227 2092 2286 quod

132 2291 296 2349 rationi
316 2291 511 2336 naturali
526 2306 620 2336 non
637 2303 742 2335 sunt
758 2292 982 2351 opposita,
1001 2302 1049 2335 ut
1066 2292 1119 2335 ab
1139 2293 1485 2351 impugnatione
1513 2289 1763 2337 infidelium
1784 2293 2094 2350 defendantur,

130 2354 207 2418 qui
233 2355 372 2407 etiam
400 2358 562 2402 modus
586 2358 634 2402 in
661 2359 883 2418 principio
906 2359 1041 2416 hujus
1070 2359 1220 2418 operis
1246 2359 1684 2419 praedeterminatus
1718 2370 1798 2404 est.
1819 2361 1958 2414 ‘Quia
1982 2375 2093 2405 vero

128 2423 345 2489 naturalis
372 2425 486 2471 ratio
513 2439 592 2485 per
619 2435 846 2475 creaturas
872 2425 918 2469 in
946 2425 1031 2469 Dei
1060 2426 1374 2484 cognitionem
1396 2427 1612 2480 ascendit,
1630 2427 1734 2470 fidei
1754 2431 1871 2471 vero
1890 2428 2093 2487 cognitio

130 2505 157 2535 a
186 2490 291 2537 Deo
318 2491 364 2535 in
389 2506 474 2543 nos
501 2505 525 2536 e
553 2505 776 2537 converso
804 2492 954 2536 divina
981 2492 1260 2537 revelatione
1287 2493 1535 2546 descendit,
1563 2504 1630 2537 est
1655 2503 1808 2538 autem
1835 2495 1997 2538 eadem
2018 2495 2092 2539 via

130 2563 343 2603 ascensus
368 2568 413 2604 et
438 2559 698 2613 descensus,
726 2568 906 2618 oportet
933 2559 1096 2604 eadem
1122 2561 1195 2602 via
1221 2560 1470 2618 procedere
1494 2560 1540 2603 in
1566 2560 1638 2604 his
1664 2574 1780 2620 quae
1803 2574 1937 2620 supra
1959 2562 2093 2606 ratio-

128 2637 237 2687 nem
262 2625 518 2679 creduntur,
550 2639 638 2685 qua
665 2625 712 2669 in
738 2625 1045 2685 superioribus
1072 2639 1339 2684 processum
1367 2636 1434 2673 est
1461 2627 1579 2670 circa
1608 2640 1661 2670 ea
1687 2641 1803 2687 quae
1830 2627 2006 2672 ratione
2027 2628 2089 2672 in-

128 2689 411 2750 vestigantur
437 2691 492 2736 de
518 2691 648 2737 Deo:

217 2756 283 2803 Ut
303 2757 452 2817 primo
474 2756 649 2807 scilicet
670 2771 723 2801 ea
744 2766 991 2802 tractentur
1008 2772 1124 2817 quae
1147 2757 1202 2802 de
1219 2758 1318 2817 ipso
1337 2759 1440 2804 Deo
1459 2773 1593 2819 supra
1614 2760 1841 2804 rationem
1865 2759 2090 2804 credenda

128 2824 456 2884 proponuntur,
483 2822 598 2868 sicut
623 2834 691 2868 est
716 2823 943 2869 confessio
972 2823 1223 2869 Trinitatis.

156 2944 158 2946 Ι
187 2926 193 2931 ,
219 2889 431 2935 Secundo
459 2900 626 2945 autem,
653 2890 708 2935 de
733 2891 804 2935 his
831 2905 946 2950 quae
973 2905 1109 2950 supra
1134 2892 1360 2936 rationem
1384 2907 1409 2936 a
1431 2892 1534 2937 Deo
1557 2902 1661 2937 sunt
1682 2892 1818 2948 facta,
1840 2892 1957 2937 sicut
1973 2906 2089 2952 opus

129 2957 451 3002 incarnationis
479 2967 523 3001 et
548 2972 663 3016 quae
690 2967 937 3016 sequuntur
964 2957 1019 3002 ad
1044 2958 1191 3017 ipsam
1219 2959 1279 3016 (c.
1308 2960 1419 3018 27.).

217 3022 379 3068 Tertio
399 3037 524 3077 vero,
548 3038 601 3068 ea
623 3039 739 3083 quae
756 3038 891 3084 supra
907 3026 1132 3069 rationem
1154 3025 1201 3069 in
1224 3025 1385 3071 ultimo
1403 3027 1647 3071 hominum
1669 3026 1757 3071 fine
1781 3036 2098 3087 expectantur,·

129 3091 245 3136 sicut
275 3091 544 3141 resurrectio
572 3101 616 3136 et
641 3091 913 3150 glorificatio
948 3105 1210 3151 corporum,
1242 3103 1459 3153 perpetua
1490 3094 1722 3140 beatitudo
1756 3094 2026 3148 animarum,
2044 3104 2089 3139 et

132 3170 247 3215 quae
270 3156 341 3202 his
369 3167 700 3206 connectuntur
725 3159 786 3217 (c.
816 3158 924 3218 79.).
