2332 3854
239 205 311 258 44
907 203 1063 242 LIBER
1103 204 1138 241 1.
1181 203 1302 241 CAP.
1346 203 1531 242 xxxtv.

239 322 318 367 per
344 307 556 353 effectum
575 308 914 366 cognoscimus,
932 308 1034 351 ideo
1053 307 1190 351 etiam
1210 321 1263 351 ex
1281 306 1443 354 effectu
1459 307 1779 363 nominamus3
1806 318 1850 353 et
1865 308 1971 352 inde
1990 317 2058 353 est
2072 307 2195 367 quod

239 377 494 419 sanativum
522 386 589 420 est
614 375 735 433 prius
762 375 920 418 ordine
946 376 1023 428 rei,
1051 374 1128 418 sed
1157 372 1326 416 animal
1347 374 1510 418 dicitur
1530 376 1652 434 prius
1670 390 1832 419 sanum
1850 375 2100 419 secundum
2117 389 2197 420 no-

239 443 374 486 minis
400 444 637 487 rationem.
658 443 732 486 Sic
760 442 895 500 igitur
921 441 1026 499 quia
1044 455 1097 483 ex
1120 440 1250 484 rebus
1270 440 1367 484 aliis
1389 441 1435 484 in
1453 442 1541 486 Dei
1561 443 1875 500 cognitionem
1893 442 2196 501 pervenimus,

238 523 308 552 res
335 510 572 553 nominum
602 510 656 552 de
683 510 784 552 Deo
812 519 855 552 et
881 509 1011 551 rebus
1040 506 1137 550 aliis
1164 507 1390 551 dictorum
1417 523 1498 566 per
1518 510 1639 568 prius
1663 519 1731 553 est
1751 509 1796 552 in
1819 509 1922 552 Deo
1945 508 2194 552 secundum

239 589 372 619 suum
395 577 601 630 modum,
628 576 706 620 sed
731 575 845 618 ratio
872 573 1072 618 nominis
1097 587 1178 631 per
1204 574 1452 633 posterius:
1486 575 1607 620 unde
1641 586 1685 620 et
1715 575 1943 619 nominari
1975 574 2138 619 dicitur
2170 588 2196 618 a

240 657 331 686 suis
359 654 567 687 causatis.

939 840 1208 896 vCAPUT
1242 842 1476 898 XXXV.

349 982 507 1028 QUOD
543 982 718 1020 PLURA
749 982 966 1022 NOMINA
998 984 1173 1022 DICTA
1204 985 1277 1022 DE
1312 985 1425 1022 DEO
1453 985 1570 1024 NON
1599 984 1740 1024 SUNT
1775 983 2088 1024 SYNONYMA.

328 1107 594 1152 Ostenditur
622 1107 759 1151 etiam
787 1121 840 1152 ex
866 1107 1012 1161 dictis,
1040 1107 1163 1167 quod
1189 1109 1397 1168 quamvis
1423 1110 1614 1153 nomina
1640 1110 1694 1154 de
1721 1110 1822 1154 Deo
1846 1109 1966 1154 dicta
1982 1109 2193 1154 eamdem

236 1187 333 1217 rem
360 1174 628 1232 significent,
660 1188 754 1218 non
780 1184 935 1218 tamen
962 1185 1065 1218 sunt
1099 1189 1372 1234 synonyma,
1410 1176 1515 1234 quia
1549 1190 1646 1219 non
1678 1175 1935 1234 significant
1967 1176 2194 1221 rationem

235 1241 446 1285 eamdem
461 1257 471 1294 ;
493 1255 601 1284 nam
618 1242 734 1285 sicut
751 1241 952 1285 diversae
971 1255 1042 1285 res
1060 1242 1137 1284 uni
1155 1241 1353 1300 simplici
1370 1243 1450 1296 rei,
1466 1256 1581 1300 quae
1601 1243 1726 1286 Deus
1745 1253 1827 1296 est,
1843 1241 2099 1287 similantur
2113 1257 2194 1302 per

233 1307 403 1351 formas
431 1308 645 1361 diversas,
677 1308 738 1351 ita
765 1307 1020 1352 intellectus
1046 1318 1202 1352 noster
1234 1323 1314 1367 per
1346 1309 1546 1353 diversas
1580 1309 1905 1366 conceptiones
1939 1307 2193 1368 aliqualiter

235 1375 276 1418 ei
302 1375 538 1428 similatur,
564 1375 610 1418 in
633 1383 852 1433 quantum
880 1389 960 1433 per
986 1375 1185 1419 diversas
1212 1374 1514 1434 perfectiones
1541 1386 1853 1420 creaturarum
1877 1375 1926 1419 in
1950 1376 2101 1436 ipsum
2122 1389 2196 1421 co-

234 1442 549 1500 gnoscendum
575 1442 847 1501 perducitur.
871 1442 928 1485 Et
953 1442 1057 1486 ideo
1081 1442 1136 1486 de
1159 1456 1252 1487 uno
1280 1442 1536 1487 intellectus
1569 1452 1724 1487 noster
1755 1441 1899 1487 multa
1932 1443 2194 1502 concipiens

232 1523 326 1552 non
353 1519 420 1553 est
440 1508 578 1553 falsus
605 1523 752 1567 neque
779 1522 935 1562 vanus,
957 1509 1062 1567 quia
1077 1508 1188 1553 illud
1206 1509 1400 1567 simplex
1413 1524 1511 1554 esse
1535 1509 1737 1553 divinum
1755 1509 2018 1569 hujusmodi
2040 1519 2122 1566 est,
2144 1519 2195 1554 ut

235 1576 276 1619 ei
302 1576 555 1619 secundum
581 1575 753 1620 formas
781 1575 1055 1634 multiplices
1089 1575 1239 1635 aliqua
1272 1576 1462 1620 similari
1493 1577 1680 1636 possint,
1713 1586 1762 1621 ut
1793 1590 1927 1636 supra
1959 1586 2193 1622 ostensum

235 1653 302 1686 est
328 1644 388 1700 (c.
408 1656 463 1702 29
487 1652 532 1687 et
561 1643 662 1702 31.).
684 1642 949 1686 Secundum
977 1653 1130 1687 autem
1148 1643 1347 1688 diversas
1371 1643 1696 1702 conceptiones
1723 1643 1899 1688 diversa
1920 1643 2111 1688 nomina
2131 1643 2211 1690 in-.

232 1709 439 1754 tellectus
463 1710 705 1763 adinvenit,
730 1724 845 1768 quae
867 1711 968 1753 Deo
989 1710 1201 1764 attribuit,
1229 1720 1273 1754 et
1293 1710 1355 1754 ita
1377 1725 1482 1754 cum
1503 1724 1598 1754 non
1624 1710 1873 1754 secundum
1892 1710 2104 1755 eamdem
2128 1725 2196 1756 ra-

232 1777 407 1820 tionem
435 1778 745 1830 attribuantur,
775 1787 955 1821 constat
986 1791 1038 1821 ea
1070 1791 1163 1821 non
1197 1791 1296 1822 esse
1326 1791 1601 1837 synonyma,
1634 1777 1841 1836 quamvis
1871 1791 1970 1822 rem
2001 1777 2192 1822 omnino
2220 1825 2228 1827 t

233 1858 373 1887 unam
400 1844 667 1903 significent.
695 1844 801 1887 Non
830 1844 952 1888 enim
975 1854 1043 1888 est
1068 1844 1229 1888 eadem
1263 1844 1462 1888 nominis
1496 1844 1784 1903 significatio,
1803 1858 1910 1889 cum
1924 1858 2096 1890 nomen
2113 1848 2193 1905 per

232 1912 354 1970 prius
382 1911 730 1971 conceptionem
757 1910 1028 1966 intellectus,
1051 1925 1191 1971 quam
1225 1926 1322 1956 rem
1347 1910 1630 1956 intellectam
1657 1911 1894 1970 significet.

931 2110 1187 2168 CAPUT
1227 2112 1492 2168 XXXVI.

232 2254 508 2302 QUALITER
547 2252 929 2293 INTELLECTUS
968 2253 1185 2293 NOSTER
1223 2255 1297 2292 DE
1330 2255 1444 2293 DEO
1478 2253 1916 2294 PROPOSITIONES
1947 2252 2190 2293 FORMET.
2236 2274 2241 2279 ·

317 2379 383 2422 Ex
408 2379 498 2422 hoc
527 2380 664 2422 etiam
692 2378 880 2423 ulterius
906 2388 1042 2437 patet,
1070 2378 1191 2437 quod
1219 2378 1473 2423 intellectus
1495 2389 1650 2424 noster
1673 2379 1728 2424 de
1750 2379 1854 2424 Deo
1876 2377 2075 2438 simplici
2093 2390 2188 2422 non

228 2446 274 2489 in
301 2460 472 2489 vanum
500 2445 833 2490 enuntiationes
849 2445 1016 2489 format
1033 2446 1356 2503 componendo
1375 2456 1419 2490 et
1440 2446 1700 2500 dividendo,
1719 2445 1926 2505 quamvis
1946 2445 2074 2490 Deus
2091 2457 2193 2488 om-

228 2513 338 2556 nino
366 2512 423 2556 sit
448 2512 654 2572 simplex.
685 2512 1124 2571 Quamvis‘namque
1146 2511 1402 2556 intellectus
1428 2523 1583 2557 noster
1608 2513 1654 2556 in
1674 2513 1762 2557 Dei
1781 2512 2093 2572 cognitionem
2109 2525 2191 2571 per

229 2579 427 2623 diversas
456 2579 780 2638 conceptiones
808 2578 1038 2632 deveniat,
1065 2589 1113 2622 ut
1135 2579 1307 2623 dictum
1330 2589 1397 2623 est
1420 2580 1480 2637 (c.
1508 2580 1695 2638 praec.),
1723 2579 1936 2639 intelligit
1964 2589 2120 2623 tamen
2140 2578 2188 2623 id

228 2646 350 2703 quod
374 2646 584 2690 omnibus
603 2648 666 2690 eis
693 2646 937 2705 respondet
958 2646 1148 2690 omnino
1168 2660 1309 2690 unum
1334 2661 1431 2691 esse
1445 2662 1455 2700 ;
1470 2661 1563 2691 non
1581 2649 1703 2690 enim
1719 2645 1975 2691 intellectus
1996 2645 2188 2690 modum

228 2727 319 2770 quo
347 2713 574 2772 intelligit,
606 2714 738 2758 rebus
773 2713 971 2757 attribuit
1005 2712 1261 2768 intellectis,
1298 2713 1414 2758 sicut
1445 2728 1531 2758 nec
1570 2713 1709 2771 lapidi
1739 2712 2188 2768 immaterialitatem,

228 2781 435 2837 quamvis
453 2794 559 2836 eum
577 2780 937 2824 immaterialiter
954 2775 1220 2838 cognoscat,
1238 2789 1282 2824 et
1298 2780 1402 2824 ideo
1422 2781 1487 2825 rei
1503 2781 1722 2825 unitatem
1740 2780 1955 2839 proponit
1971 2793 2050 2838 per
2066 2789 2190 2824 com-

226 2849 502 2904 positionem
530 2848 761 2893 verbalem
795 2862 910 2907 quae
943 2858 1010 2892 est
1042 2848 1287 2892 identitatis
1320 2858 1445 2902 nota,
1478 2863 1583 2892 cum
1618 2848 1747 2892 dicit:
1779 2848 1906 2892 Deus
1929 2857 1998 2892 est
2025 2846 2189 2902 bonus,

226 2914 299 2958 vel
323 2915 525 2960 bonitas:
551 2916 612 2960 ita
632 2917 769 2975 quod,
788 2916 826 2960 si
851 2930 938 2974 qua
958 2925 1025 2959 est
1042 2915 1277 2959 diversitas
1304 2916 1350 2959 in
1379 2915 1729 2974 compositione,
1749 2914 1805 2959 ad
1818 2913 2102 2959 intellectum
2117 2926 2185 2959 re-

224 2980 415 3037 feratur3
443 2983 590 3027 unitas
617 2997 727 3027 vero
755 2984 810 3026 ad
837 2997 934 3026 rem
960 2983 1255 3027 intellectam.
1283 2983 1340 3026 Et
1367 2997 1421 3027 ex
1447 2983 1533 3027 hac
1560 2983 1737 3027 ratione
1764 2981 2039 3042 quandoque
2060 2981 2189 3027 intel·

225 3049 369 3107 lectus
395 3060 549 3094 noster
571 3050 930 3094 enuntiationem
959 3051 1013 3094 de
1040 3050 1142 3093 Deo
1165 3049 1333 3094 format
1355 3065 1459 3094 cum
1485 3050 1635 3109 aliqua
1652 3049 1922 3095 diversitatis
1937 3057 2048 3094 n‘ota
2064 3062 2189 3108 prae·

225 3116 499 3173 positionem
530 3117 882 3176 interponendo,
908 3127 957 3160 ut
989 3131 1094 3160 cum
1130 3117 1313 3160 dicitur:
1351 3117 1538 3161 Bonitas
1566 3127 1632 3162 est
1664 3118 1709 3161 in
1735 3117 1864 3172 Deo3
1892 3116 1997 3176 quia
2022 3116 2068 3161 in
2094 3116 2185 3161 hoc

225 3182 483 3241 designatur
510 3183 661 3243 aliqua
687 3183 922 3228 diversitas
949 3198 1066 3242 quae
1094 3183 1316 3243 competit
1341 3183 1605 3238 intellectui,
1630 3194 1674 3228 et
1695 3183 1846 3243 aliqua
1873 3183 2021 3232 unitas
2046 3195 2184 3244 qua-m
2258 3246 2261 3248 Ι

226 3260 406 3308 oportet
432 3250 487 3294 ad
510 3265 606 3295 rem
633 3250 813 3296 referre.
