2332 3854
302 186 404 240 174
979 182 1133 220 LIBER
1173 182 1230 219 11
1272 182 1390 220 CAP.
1433 182 1577 220 XLIV.

382 286 572 331 Adhuc:
600 286 639 331 si
665 299 826 330 omnes
853 294 1086 339 creaturae
1111 283 1356 329 rationales
1383 298 1409 328 a
1434 284 1656 362 principio
1681 267 1862 343 fuerunt
1889 270 2100 345 aequales
2133 300 2255 333 crea-

292 364 380 408 tae,
407 362 588 412 oportet
613 353 777 406 dicere,
805 351 927 428 quod
954 364 1044 394 una
1068 364 1225 394 earum
1247 350 1293 394 in
1316 365 1399 396 sua
1419 351 1686 410 operatione
1707 352 1762 398 ab
1786 352 1874 396 alia
1895 366 1989 397 non
2016 352 2252 412 dependet.

296 421 436 472 Quod
464 430 617 464 autem
643 418 854 478 provenit
890 432 943 461 ex
977 431 1201 462 concursu
1238 418 1519 463 diversarum
1557 434 1813 474 causarum,
1849 433 2042 479 quarum
2076 433 2167 464 una
2198 420 2251 465 ab

293 488 382 531 alia
406 501 500 531 non
526 486 763 546 dependet,
783 494 849 529 est
867 483 1062 528 casuale.
1085 484 1240 542 Igitur,
1263 485 1517 531 secundum
1538 487 1817 545 praedictam
1835 486 2127 545 positionem,
2151 485 2254 532 talis

293 555 537 608 distinctio,
565 565 607 598 et
636 553 749 597 ordo
777 565 927 595 rerum
955 560 1022 595 est
1045 551 1262 606 casualis3
1289 552 1412 611 quod
1435 563 1502 598 est
1525 553 1822 612 impossibile,
1845 563 1895 598 ut
1914 567 2050 613 supra
2075 553 2136 612 (c.
2163 554 2255 613 39.)

294 632 527 666 ostensum
555 630 634 664 est.

381 687 616 746 Amplius:
645 685 767 744 quod
795 693 862 728 est
888 683 1024 728 alicui
1044 684 1264 740 naturale,
1286 699 1380 730 non
1404 687 1648 746 acquiritur
1666 687 1719 731 ab
1739 686 1830 731 alio
1852 701 1932 747 per
1953 686 2254 751 voluntatem.

292 756 444 801 Motus
468 754 591 798 enirn
613 752 874 806 voluntatis,
898 754 991 796 sive
1013 751 1143 796 liberi
1165 753 1347 808 arbitrii,
1368 754 1691 814 praesupponit
1713 754 2022 800 exsistentiam
2043 752 2255 809 volentis,

293 823 348 866 ad
376 836 514 881 quam
541 821 635 879 ejus
662 818 886 863 naturalia
912 819 1165 878 exiguntur.
1194 820 1244 865 Si
1269 821 1406 880 igitur
1431 835 1511 881 per
1537 831 1718 866 motum
1743 820 1874 866 liberi
1907 821 2076 866 arbitrii
2107 821 2257 882 acqui-

292 890 401 934 situs
429 898 496 932 est
522 888 724 931 diversus
752 887 917 944 gradus
943 886 1236 931 rationalium
1274 897 1597 943 creaturarum,
1631 888 1746 933 nulli
1777 898 2009 934 creaturae
2043 888 2256 934 rationali

293 957 377 1000 erit
401 970 506 1000 suus
535 954 700 1013 gradus
726 952 958 1008 naturalis,
980 954 1059 998 sed
1086 953 1393 999 accidentalis.
1420 955 1522 1000 Hoc
1551 965 1703 1000 autem
1726 966 1793 1000 est
1813 955 2109 1015 impossibile.
2133 955 2255 1002 Cum

293 1023 414 1067 enim
443 1021 694 1066 differentia
721 1020 933 1079 specifica
959 1020 1016 1064 sit
1041 1021 1284 1080 unicuique
1310 1021 1543 1078 naturalis,
1569 1023 1770 1082 sequitur
1795 1023 1919 1082 quod
1955 1037 2118 1069 omnes
2158 1023 2256 1068 sub-

291 1090 482 1134 stantiae
509 1087 753 1133 rationales
781 1097 960 1132 creatae
998 1087 1089 1131 sint
1115 1087 1247 1152 unius
1274 1088 1456 1146 speciei,
1493 1088 1669 1134 scilicet
1709 1086 1875 1149 angeli,
1915 1089 2178 1145 daemones,
2211 1100 2254 1136 et

293 1157 472 1201 animae
498 1156 744 1209 humanae,
771 1164 814 1199 et
840 1155 1020 1199 animae
1048 1154 1318 1199 coelestium
1345 1169 1607 1215 corporum,
1643 1170 1758 1216 quae
1797 1156 2023 1216 Origenes
2056 1157 2255 1202 animata

291 1224 512 1283 ponebat3
540 1233 584 1267 et
614 1223 705 1266 hoc
739 1236 839 1266 esse
869 1220 1036 1265 falsum
1064 1221 1299 1266 diversitas
1334 1222 1568 1266 actionum
1593 1221 1870 1272 naturalium
1901 1222 2114 1268 declarat.
2146 1223 2255 1269 Non

291 1291 414 1335 enim
438 1300 504 1334 est
528 1290 651 1334 idem
673 1289 838 1333 modus
863 1302 953 1348 quo
976 1287 1240 1332 naturaliter
1260 1288 1474 1348 intelligit
1494 1288 1752 1334 intellectus
1771 1289 2000 1334 humanus
2022 1291 2100 1350 qui
2119 1304 2254 1335 sensu

291 1369 336 1403 et
361 1357 599 1417 phantasia
624 1356 812 1415 indiget,
840 1365 884 1401 et
914 1354 1171 1400 intellectus
1198 1356 1448 1415 angelicus,
1476 1366 1521 1400 et
1553 1357 1705 1400 anima
1736 1355 1869 1411 solis3
1899 1356 1988 1402 nisi
2020 1350 2137 1402 forte
2171 1357 2255 1403 fin-

291 1440 454 1486 gamus
481 1423 669 1484 angelos
696 1434 740 1468 et
767 1423 984 1468 coelestia
1003 1437 1196 1481 corpora
1212 1423 1381 1467 habere
1406 1438 1563 1467 carnes
1591 1434 1635 1468 et
1662 1438 1766 1468 ossa
1789 1433 1833 1468 et
1852 1422 1966 1468 alias
1993 1423 2255 1482 hujusmodi

289 1503 452 1553 partes,
473 1492 527 1536 ad
550 1492 639 1535 hoc
668 1491 791 1550 quod
817 1491 993 1550 possint
1010 1504 1184 1548 organa
1201 1504 1417 1534 sensuum
1433 1490 1622 1545 habere3
1651 1491 1772 1550 quod
1800 1500 1868 1535 est
1889 1491 2148 1535 absurdum.
2171 1489 2257 1536 Re-

291 1560 508 1619 linquitur
532 1559 669 1618 igitur
687 1557 809 1617 quod
829 1558 1062 1602 diversitas
1080 1558 1432 1601 substantiarum
1449 1557 1825 1602 intellectualium
1847 1572 1942 1602 non
1964 1557 2255 1618 consequitur

291 1627 600 1672 diversitatem
627 1625 896 1680 meritorum
924 1638 1040 1684 quae
1065 1634 1170 1669 sunt
1195 1625 1449 1668 secundum
1470 1624 1778 1679 motusliberi
1803 1625 1986 1683 arbitrii.

379 1693 572 1737 Adhuc:
600 1692 638 1736 si
664 1706 717 1736 ea
744 1706 860 1751 quae
887 1702 991 1736 sunt
1014 1691 1238 1736 naturalia
1263 1706 1358 1736 non
1386 1693 1678 1751 acquiruntur
1703 1706 1783 1752 per
1810 1701 1990 1737 motum
2024 1690 2155 1737 liberi
2191 1707 2256 1737 ar-

291 1760 424 1814 bitrii,
448 1761 650 1804 animam
674 1769 827 1803 autem
849 1758 1122 1803 rationalem
1143 1758 1223 1803 tali
1245 1759 1429 1818 corpori
1450 1759 1577 1803 unire
1600 1759 1845 1818 acquiritur
1865 1758 1908 1804 ei
1927 1769 2113 1818 propter
2132 1773 2255 1820 prae-

292 1828 457 1872 cedens
483 1827 699 1886 meritum
735 1826 809 1871 vel
846 1825 1121 1870 demeritum
1162 1826 1412 1870 secundum
1451 1836 1631 1887 motum
1665 1825 1796 1871 liberi
1829 1826 2012 1882 arbitrii,
2042 1834 2255 1887 sequetur
2328 1838 2332 1839 ⁷

292 1894 415 1954 quod
443 1894 705 1952 conjunctio
732 1893 867 1950 hujus
894 1892 1075 1937 animae
1102 1893 1158 1936 ad
1183 1893 1274 1937 hoc
1303 1907 1468 1952 corpus
1503 1907 1597 1937 non
1639 1895 1695 1938 sit
1733 1891 1964 1939 naturalis.
2005 1893 2128 1953 Ergo
2167 1907 2253 1941 nec
2323 1902 2332 1905 ’

293 1961 604 2021 compositum
631 1970 698 2005 est
722 1959 943 2004 naturale.
970 1959 1127 2003 Homo
1156 1969 1309 2004 autem
1332 1970 1378 2004 et
1397 1959 1482 2014 sol,
1504 1960 1756 2004 secundum
1780 1960 2048 2020 Origenem,
2070 1970 2117 2006 et
2136 1970 2256 2007 astra

292 2038 395 2072 sunt
429 2027 686 2087 composita
713 2040 766 2071 ex
798 2026 1057 2070 substantiis
1079 2026 1374 2071 rationalibus
1399 2036 1444 2071 et
1465 2027 1732 2085 corporibus
1752 2025 1930 2072 talibus.
1952 2026 2075 2088 Ergo
2097 2028 2255 2077 omnia

290 2095 570 2155 hujusmodi,
594 2109 710 2154 quae
728 2105 831 2139 sunt
847 2094 1131 2139 nobilissima
1147 2094 1265 2139 inter
1282 2108 1527 2154 corporeas
1544 2094 1830 2149 substantias,
1845 2104 1950 2140 sunt
1969 2094 2253 2143 innaturalia.

381 2163 522 2207 Item:
551 2162 590 2206 si
615 2162 722 2206 huic
748 2161 1025 2207 substantiae
1057 2161 1270 2206 rationali
1304 2175 1400 2206 non
1441 2162 1670 2216 convenit,
1701 2163 1748 2206 in
1789 2171 2010 2221 quantum
2049 2172 2118 2211 est
2149 2162 2254 2209 talis

291 2230 557 2284 substantia,
582 2229 690 2274 huic
717 2229 900 2288 corpori
925 2228 1055 2284 uniri,
1082 2229 1161 2273 sed
1187 2229 1334 2288 magis
1359 2229 1407 2272 in
1433 2238 1654 2288 quantum
1681 2239 1762 2283 est,
1785 2228 1848 2273 sic
1874 2229 2116 2276 materiam
2145 2228 2253 2275 huic

292 2297 475 2356 corpori
508 2296 625 2340 uniri
655 2310 751 2340 non
782 2306 849 2341 est
875 2296 917 2340 ei
941 2311 1022 2355 per
1047 2310 1110 2350 se,
1137 2295 1216 2340 sed
1252 2310 1333 2355 per
1366 2295 1592 2340 accidens.
1626 2295 1694 2339 Ex
1729 2295 1800 2355 his
1837 2305 1990 2340 autem
2027 2310 2143 2356 quae
2174 2310 2255 2357 pet

291 2364 503 2409 accidens
530 2363 758 2417 uniuntur,
785 2377 879 2406 non
905 2362 1092 2408 resultat
1118 2362 1268 2422 aliqua
1293 2362 1483 2422 species,
1511 2363 1617 2422 quia
1641 2376 1734 2407 non
1761 2362 1810 2407 fit
1835 2376 1890 2408 ex
1916 2362 1981 2408 eis
2006 2377 2149 2408 unum
2174 2378 2255 2424 per

294 2446 367 2487 se;
393 2445 488 2475 non
522 2430 645 2474 enim
673 2440 740 2474 est
766 2429 917 2488 aliqua
943 2429 1116 2489 species
1142 2430 1286 2474 homo
1315 2429 1442 2474 albus
1463 2429 1537 2485 vel
1557 2429 1702 2474 homo
1734 2428 1935 2479 vestitus.
1966 2428 2254 2491 Relinquitur
2326 2444 2332 2486 g

291 2499 428 2557 igitur
461 2497 583 2557 quod
618 2497 763 2541 homo
795 2511 890 2541 non
922 2497 980 2541 sit
1013 2496 1163 2556 aliqua
1195 2496 1386 2556 species,
1425 2510 1511 2541 nec
1552 2495 1637 2552 sol,
1677 2510 1763 2541 nec
1803 2495 1926 2551 luna,
1957 2510 2043 2542 nec
2085 2495 2253 2557 aliquid
2326 2497 2332 2510 ²

291 2565 570 2610 hu'usmodi.

356 2581 616 2691 lAmplius:
645 2638 698 2676 ea
725 2646 841 2690 quae
869 2631 924 2675 ad
951 2631 1113 2676 merita
1139 2641 1479 2690 consequuntur
1500 2640 1690 2690 possunt
1710 2631 1756 2674 in
1779 2629 1943 2676 melius
1963 2630 2039 2676 vel
2057 2630 2105 2677 in
2126 2631 2253 2691 pejus

292 2694 472 2744 mutari.
498 2699 662 2743 Merita
689 2708 840 2743 autem
876 2708 919 2742 et
954 2698 1174 2742 demerita
1206 2709 1397 2758 possunt
1429 2699 1585 2756 augeri
1615 2697 1688 2742 vel
1728 2698 1887 2752 minui,
1927 2706 1974 2744 et
2011 2699 2253 2759 praecipue

290 2766 544 2812 secundum
588 2766 858 2825 Origenem,
901 2765 978 2825 qui
1017 2765 1197 2809 dicebat
1235 2764 1428 2810 liberum
1470 2766 1703 2809 arbitrium
1745 2764 1981 2824 cujuslibet
2020 2774 2252 2818 creaturae
2325 2784 2332 2812 ε·

290 2847 471 2893 semper
498 2847 596 2877 esse
613 2833 659 2876 in
677 2843 917 2891 utramque
935 2842 1111 2891 partem
1137 2831 1346 2877 flexibile.
1365 2832 1415 2876 Si
1437 2832 1572 2892 igitur
1598 2833 1752 2876 anima
1776 2831 2010 2877 rationalis
2034 2831 2125 2877 hoc
2157 2845 2254 2879 cor·

290 2915 373 2960 pus
397 2910 644 2945 consecuta
668 2908 734 2944 est
754 2910 937 2959 propter
958 2898 1234 2958 praecedens
1257 2899 1472 2943 meritum
1492 2899 1567 2944 vel
1588 2899 1875 2954 demeritum,
1896 2909 2114 2959 sequetur·
2129 2897 2252 2960 quod

290 2967 434 3026 possit
457 2967 622 3012 iterum
649 2967 869 3026 conjungi
896 2966 1024 3010 alteri
1056 2968 1261 3026 corpori;
1300 2977 1344 3011 et
1375 2980 1470 3010 non
1510 2965 1662 3011 solum
1703 2966 1825 3026 quod
1866 2968 2019 3011 anima
2049 2966 2253 3011 humana

291 3045 493 3079 assumat
520 3033 639 3078 aliud
669 3048 832 3093 corpus
859 3033 1131 3088 humanum,
1158 3034 1237 3078 sed
1260 3034 1397 3078 etiam
1420 3034 1542 3093 quod
1566 3043 1767 3078 assumat
1791 3033 2064 3094 quandoque
2086 3046 2251 3093 corpus
2317 3081 2319 3083 ,

289 3102 542 3156 sidereum;
584 3101 706 3160 quod
744 3111 811 3145 est
847 3100 1121 3158 (secundum
1156 3100 1480 3160 pythagoricas
1521 3099 1716 3158 fabulas)
1759 3099 2010 3160 quamlibet
2049 3101 2252 3144 animam

290 3168 525 3228 quodlibet
542 3182 704 3226 corpus
723 3168 911 3226 ingredi.
936 3168 1037 3211 Hoc
1057 3177 1224 3221 autem,
1248 3178 1291 3212 et
1308 3167 1557 3211 secundum
1582 3167 1925 3227 philosophiam
1946 3176 2132 3228 apparet
2152 3180 2251 3214 esse
2321 3165 2327 3176 ³

289 3250 549 3289 erroneum,
593 3235 844 3280 secundum
886 3249 1024 3293 quam
1066 3234 1374 3278 determinatis
1414 3233 1574 3278 formis
1607 3244 1651 3278 et
1682 3234 1935 3280 motoribus
1968 3235 2252 3293 assignantur

290 3303 618 3347 determinatae
645 3302 861 3347 materiae
890 3311 933 3345 et
959 3301 1258 3345 determinata
1285 3301 1496 3355 mobilia;
1525 3311 1568 3345 et
1601 3302 1853 3346 secundum
1884 3300 2021 3347 fidem
2063 3300 2252 3347 haereti-

291 3385 410 3423 cum,
438 3384 553 3429 quae
581 3371 783 3414 animam
809 3370 855 3413 in
882 3368 1214 3414 resurrectione
1239 3368 1362 3413 idem
1399 3382 1563 3428 corpus
1600 3383 1831 3414 resumere
1865 3367 2097 3429 praedicat
2125 3367 2250 3429 quod

290 3437 487 3496 deponit.

379 3504 642 3548 Praeterea:
672 3520 812 3564 quum
839 3504 1083 3550 multitudo
1110 3504 1206 3549 sine
1240 3503 1498 3549 diversitate
1525 3515 1623 3549 esse
1649 3518 1743 3549 non
1768 3502 1925 3564 possit,
1949 3501 1990 3551 si
2012 3501 2250 3548 fuerunt:

290 3570 513 3631 principio
542 3582 774 3618 creaturae
812 3572 1057 3618 rationales
1093 3572 1138 3617 in
1171 3571 1368 3632 quadam
1401 3571 1689 3617 multitudine
1725 3570 2013 3634 constitutae,
2048 3569 2250 3631 oportuit
