2332 3854
219 230 330 307 484
863 251 1019 289 LIBER
1057 249 1133 287 111.
1177 249 1297 288 GAP.
1340 244 1506 288 cxxx.

221 354 428 398 curiosus
451 354 743 412 vituperatur.
766 352 874 396 Alio
900 365 1010 395 vero
1038 351 1196 395 ordine
1223 364 1338 395 unus
1363 351 1511 416 homo
1537 360 1604 397 est
1629 352 1860 411 pertinens
1885 349 1942 396 ad
1968 350 2181 406 alterum,

219 421 311 465 alio
339 430 489 465 autem
518 422 572 464 ad
599 422 766 464 Deum.
794 418 923 462 Unus
950 418 1072 462 enim
1100 419 1246 461 homo
1278 415 1334 461 ad
1368 418 1560 463 alterum
1593 419 1801 478 pertinet,
1827 418 1901 462 vel
1925 418 2180 463 secundum

220 489 475 535 naturalem
503 488 728 544 originem
752 499 867 543 quae
890 499 970 543 per
993 485 1197 542 corporis
1217 485 1552 529 traductionem
1574 485 1636 539 fit,
1658 485 1732 529 vel
1754 499 1834 544 per
1854 485 2054 544 aliquam
2075 496 2180 544 op&

219 569 321 599 rum
350 555 623 598 exteriorum
651 552 1050 609 conjunctionem:
1078 552 1328 595 secundum
1355 552 1592 597 interiores
1619 553 1741 596 enim
1769 560 1896 596 actus
1916 553 2062 596 homo
2083 549 2191 596 non⁴

219 631 369 680 potest
386 621 512 664 alteri
531 620 887 670 communicare,
906 618 992 661 nisi
1008 618 1310 661 mediantibus
1329 619 1501 662 actibus
1519 619 1827 662 exterioribus.
1846 619 2003 663 Homo
2025 617 2181 663 anim

220 691 412 746 pertinet
446 687 500 729 ad
533 687 683 729 Deum
718 685 970 728 secundum
996 685 1124 743 quod'
1155 685 1208 728 ab
1245 685 1344 743 ipso
1378 685 1604 743 originem
1642 685 1794 739 haber,
1830 687 1958 744 cujus
1994 684 2183 744 quidem

220 755 407 813 originis
445 754 560 797 ratio
598 762 641 796 et
678 752 791 795 ordo
828 751 997 795 attendi
1033 760 1184 810 potest
1218 752 1472 796 secundum
1507 747 1852 796 similitudinem
1887 750 2094 796 hominis
2122 750 2181 795 ad

219 823 394 864 Deum:
424 819 782 877 unumquodque
810 819 934 862 enim
962 818 1055 876 agit
1081 818 1166 862 sibi
1191 818 1353 862 simile.
1380 819 1529 877 Magis
1557 827 1708 862 autem
1737 819 1912 863 accedit
1943 815 2090 862 homo
2121 817 2180 861 ad

219 887 308 930 Dei
327 885 670 930 similitudinem
689 886 941 928 secundum
960 885 1162 928 animam
1179 892 1316 943 quam
1334 886 1583 929 secundum
1603 899 1792 944 corpus;
1810 882 2008 930 maxime
2026 891 2180 929 autem

220 953 472 997 secundum
501 957 717 996 mentem.
731 951 873 995 -Unde
894 951 1185 995 manifestum
1204 961 1271 995 est
1287 952 1409 1010 quod
1427 953 1472 995 in
1491 951 1667 1010 origine
1690 951 1905 1006 hominis,
1927 951 2181 996 secundum

220 1020 341 1079 quod
370 1034 394 1063 a
421 1020 523 1062 Deo
550 1018 769 1077 procedit,
796 1017 1046 1076 principale
1078 1020 1304 1062 intentum
1333 1028 1400 1062 est
1427 1032 1571 1072 mem,
1605 1028 1650 1062 et
1681 1029 1865 1077 propter
1889 1031 1992 1063 eam
2020 1016 2182 1077 produ·

221 1096 382 1131 cuntur
404 1100 429 1128 a
451 1086 553 1129 Deo
578 1085 692 1128 aliae
715 1094 863 1142 partes
890 1086 1096 1139 animae;
1120 1095 1370 1143 etpropter
1391 1086 1594 1128 animam
1617 1085 1881 1144 producitur
1907 1094 2094 1144 corpus:
2113 1085 2183 1130 sic

218 1154 354 1211 igitur
385 1154 487 1196 Deo
522 1152 763 1211 praecipue
797 1164 905 1195 cura
938 1161 1006 1195 est
1037 1152 1092 1194 de
1125 1162 1278 1195 mente
1310 1151 1525 1195 hominis.
1560 1152 1911 1211 Consequenter
1936 1161 2094 1196 autem
2123 1151 2183 1196 de

219 1220 317 1263 aliis
344 1220 542 1278 partibus
571 1219 765 1271 animae,
792 1227 836 1262 et
862 1227 966 1276 post
990 1218 1073 1261 has
1101 1219 1156 1261 de
1183 1231 1397 1276 corpore:
1426 1228 1470 1261 et
1495 1218 1605 1261 hinc
1629 1227 1697 1262 est
1723 1218 1845 1277 quod
1871 1232 1950 1278 per
1978 1227 2186 1262 mentem*

219 1288 364 1331 homo
393 1285 605 1330 ultimum
632 1284 771 1328 finem’
806 1285 998 1342 attingit,
1031 1284 1107 1343 qui
1140 1295 1207 1328 est
1237 1285 1440 1328 humana
1466 1284 1670 1340 felicitas,
1702 1295 1751 1329 ut
1781 1297 1917 1344 supra
1949 1285 2070 1342 (Lib.
2101 1285 2180 1328 111.

218 1367 255 1396 c.
288 1353 377 1411 37.)
405 1362 642 1396 ostensum
669 1357 748 1395 est.
775 1352 880 1395 Alia
901 1360 1011 1395 vero
1034 1361 1151 1409 quae
1173 1359 1276 1395 sunt
1302 1353 1348 1395 in
1374 1351 1564 1394 homine
1591 1353 1811 1410 organice·
1838 1351 2105 1397 §inserviunt¹
2124 1350 2185 1395 ad:

218 1419 546 1464 beatitudinem
573 1418 927 1477 percipiendam.
2147 1436 2150 1439 ¹

307 1487 371 1530 Ex
398 1486 468 1529 his
494 1486 631 1543 igitur
654 1495 839 1544 apparet
857 1486 978 1543 quod
995 1485 1238 1529 hominum
1260 1485 1467 1544 regimen
1486 1495 1640 1529 curam
1659 1485 1796 1529 habet
1817 1485 1874 1529 de
1894 1484 2185 1529 interioribus

217 1554 471 1598 secundum
498 1553 620 1611 quod
647 1553 913 1595 ordinantur
939 1552 994 1595 ad
1021 1554 1259 1605 exteriora,
1286 1561 1331 1596 et
1356 1563 1437 1610 per
1464 1566 1517 1596 ea
1543 1552 1847 1609 explicantur:
1874 1552 2002 1597 Deus
2028 1551 2186 1596 autetfl

220 1635 244 1665 e
271 1626 496 1665 converso
525 1632 681 1662 curam
709 1619 846 1662 habet
877 1620 932 1662 de
967 1619 1263 1663 exterioribus
1290 1619 1542 1663 secundum
1576 1619 1698 1677 quod
1732 1618 1998 1663 ordinantur
2029 1618 2184 1662 aditn-

218 1688 400 1740 teriora,
428 1687 627 1730 maxime
654 1694 873 1745 quantum
902 1686 958 1729 ad
986 1696 1205 1739 mentem,
1232 1693 1311 1744 per
1335 1699 1474 1744 quam
1500 1686 1645 1730 homo
1672 1695 1741 1730 est
1765 1698 1909 1745 capax
1932 1684 2186 1731 felicitatis:
2211 1733 2217 1735 ‚

220 1754 411 1798 felicitas
441 1763 595 1797 autern
620 1753 824 1796 humana
852 1753 1059 1796 consistit
1090 1753 1136 1795 in
1169 1750 1386 1796 fruitione
1414 1749 1517 1805 Dei,
1550 1752 1668 1796 sicut
1693 1764 1830 1811 supra
1853 1752 2004 1811 (ibid.)
2036 1757 2185 1798 coten-

220 1834 322 1865 sum
349 1830 430 1864 est.
458 1820 531 1863 Ad
557 1820 648 1863 hoc
676 1820 811 1877 igitur
838 1820 1072 1863 ordinatur
1097 1829 1194 1862 tota
1221 1833 1329 1862 cura
1356 1833 1494 1878 quam
1513 1819 1649 1863 habet
1676 1819 1803 1863 Deus
1829 1818 1886 1863 de
1907 1819 2185 1873 hoeninegmt

219 1894 350 1931 meris
378 1889 474 1945 ejus·
498 1896 786 1945 praeparetur
804 1886 859 1929 ad
886 1886 1088 1929 divinam
1111 1885 1390 1939 fruitionem,
1414 1886 1470 1929 ad
1487 1897 1625 1944 quam
1649 1884 2182 1946 praeparatur-fides'spQ

222 1964 266 1997 et
298 1954 497 1997 caritate.
531 1953 618 1996 Per
648 1952 786 1996 fidem
820 1954 942 1995 enim
975 1952 1228 2009 disponitur
1264 1966 1394 1995 mens
1426 1952 1629 1995 hominis
1665 1962 1714 1996 ut
1753 1962 2009 2011 cognoscat
2030 1951 2184 1997 Deum

220 2020 390 2078 aliquid
417 2034 551 2077 supra
577 2034 624 2063 se
653 2033 775 2073 esse;
802 2033 881 2077 per
908 2033 1036 2076 spem
1065 2028 1218 2061 autem
1246 2017 1527 2062 confortatur
1553 2028 1601 2061 ut
1625 2018 1783 2062 tendat
1813 2019 1860 2062 in
1886 2018 2051 2078 ipsum,
2071 2027 2187 2062 tam-

221 2101 359 2145 quam
386 2086 432 2129 in
460 2100 593 2129 suum
618 2086 815 2138 bonum;
838 2099 919 2143 per
947 2085 1181 2143 caritatem
1207 2084 1360 2142 figitur
1380 2084 1427 2127 in
1450 2085 1549 2142 ipso
1571 2094 1620 2128 ut
1641 2084 1939 2129 immobiliter
1959 2084 2002 2128 ei
2022 2084 2187 2130 adhae-

219 2162 339 2198 reat:
367 2154 524 2197 omnia
555 2153 692 2211 igitur
717 2167 833 2211 quae
865 2153 991 2195 Deus
1026 2151 1079 2194 ab
1113 2151 1304 2195 homine
1330 2151 1519 2210 requirit
1543 2152 1590 2194 in
1615 2152 1703 2195 hac
1736 2151 1843 2206 vita,
1871 2151 1927 2195 ad
1951 2152 2038 2196 ista
2069 2151 2187 2196 ordi·

223 2230 402 2264 nantur.
650 2240 652 2242 v

311 2287 429 2330 Hinc
457 2295 524 2330 est
550 2263 672 2363 quod
698 2286 862 2330 dicitur
888 2287 1098 2343 (Denter.
1114 2285 1170 2329 X.
1196 2285 1309 2342 12).
1333 2286 1389 2330 Et
1410 2300 1533 2338 nunc,
1559 2285 1705 2339 Israe'il,
1725 2285 1824 2344 quid
1845 2286 2055 2330 Dominus
2070 2285 2186 2330 Deus

221 2360 313 2399 tuus
331 2355 436 2412 petit
462 2352 488 2396 ὰ
514 2360 565 2406 te,
589 2355 671 2397 nisi
696 2359 741 2397 ut
767 2355 909 2397 timeas
936 2353 1173 2396 Dominum
1200 2353 1339 2395 Deum
1366 2359 1485 2396 tuum
1515 2359 1555 2397 et
1588 2352 1770 2396 ambules
1799 2354 1846 2396 in
1869 2353 1954 2397 viis
1983 2354 2072 2410 ejus
2088 2353 2111 2398 Ρ
2141 2362 2185 2396 et

220 2420 276 2479 (Ι.
305 2420 515 2466 Corinth.
542 2418 665 2463 XIII.
698 2417 810 2476 13.):
837 2418 963 2463 Nunc
989 2425 1126 2462 autem
1153 2425 1322 2463 manent
1346 2419 1458 2476 fides,
1485 2426 1570 2477 spes
1601 2426 1638 2462 ei
1662 2421 1838 2473 caritas,
1856 2420 1943 2464 triu
1966 2416 2080 2464 buci,

313 2485 436 2539 Quia
462 2492 570 2529 vero
603 2485 809 2545 humana·
841 2499 972 2529 mens
1009 2485 1262 2540 secundum
1294 2499 1424 2529 suam
1457 2496 1666 2529 naturam
1699 2484 1816 2530 inter
1847 2494 2027 2533 ceteras-
2046 2484 2188 2530 ‘intel-

219 2552 437 2597 lectuales
463 2562 646 2596 naturas
672 2552 810 2596 etiam
837 2553 1080 2610 perfectior
1112 2562 1205 2596 est:
1234 2562 1405 2611 quanto
1439 2563 1592 2597 autem
1625 2552 1794 2611 aliquid
1828 2553 1899 2597 est*
1925 2551 2185 2611 perfectius,

221 2629 349 2665 tanto
377 2629 445 2663 est
465 2619 710 2663 virtuosius
729 2618 784 2662 ad
802 2619 1082 2662 tendendum
1103 2618 1150 2661 in
1173 2632 1307 2662 suum
1324 2619 1489 2674 finem3
1512 2619 1804 2663 manifestum
1826 2627 1895 2664 est
1915 2619 2186 2679 quodmens

220 2687 425 2731 humana
450 2685 674 2729 infirmior
701 2695 768 2729 est
792 2687 1045 2729 secundum
1071 2699 1203 2729 suam
1229 2695 1440 2730 naturam
1468 2686 1523 2729 ad
1549 2686 1829 2730 tendendum
1853 2686 2185 2747 inffDeungqui

220 2764 289 2798 est
312 2752 414 2796 finis
441 2754 651 2796 omnium
678 2752 866 2806 entium,
893 2766 1032 2810 quarn
1059 2752 1314 2810 superiores
1348 2752 1621 2810 angelorum
1646 2763 1848 2797 mentes:
1878 2752 1924 2798 e‘t
1946 2752 2064 2798 haec
2090 2753 2186 2813 qui·-

222 2822 330 2866 dem
350 2820 588 2865 infirmitas
615 2830 836 2895 quantum
865 2821 921 2864 ad
948 2821 1038 2864 duo
1071 2824 1222 2879 potest
1254 2821 1440 2865 attendi.
1472 2821 1630 2864 Primo
1663 2821 1848 2880 quidem
1874 2828 2096 2898 quantuni
2128 2820 2185 2865 ad

222 2887 502 2932 debilitatem
523 2887 699 2930 virtutis
721 2886 1028 2931 intellectivae
1050 2900 1166 2945 quae
1194 2897 1261 2931 est
1285 2887 1332 2930 in
1360 2887 1513 2931 anima
1535 2888 1752 2942 humana,
1774 2889 1820 2932 in
1841 2886 2186 2947 comparatione

224 2950 280 2999 ad
296 2955 560 3014 superiores
582 2952 912 2997 intellectuales
934 2953 1229 2999 substantias:
1257 2967 1352 2997 non
1376 2954 1499 2998 enim
1521 2963 1670 3013 potest
1691 2954 1955 2999 immediate
1975 2952 2022 2998 id
2038 2954 2185 3014 ipbam

225 3021 560 3080 intelligibilem
586 3020 825 3064 veritatem
850 3020 1050 3074 tendere,
1076 3020 1157 3064 sed
1184 3030 1364 3079 oportet
1395 3021 1518 3079 quod
1551 3034 1655 3064 eam
1687 3034 1741 3064 ex
1770 3019 2059 3066 sensibilibus
2091 3013 2186 3066 eo]-

224 3089 349 3147 ligat,
376 3099 424 3132 ut
451 3102 504 3132 ex
530 3088 836 3147 superioribus
862 3087 983 3145 (Lib.
1011 3087 1087 3130 III.
1116 3101 1154 3130 c.
1181 3098 1253 3142 41.
1282 3097 1326 3131 et
1357 3087 1474 3146 119)
1501 3097 1636 3146 patet.
1665 3086 1880 3131 Secundo
1902 3095 2018 3132 vero
2043 3087 2186 3147 quan

223 3166 319 3200 tum
346 3157 400 3199 ad
423 3155 752 3213 impedimenta
768 3154 930 3213 quibus
954 3154 1208 3208 retrahitur,
1226 3167 1284 3198 ne
1303 3153 1502 3198 totaliter
1524 3154 1667 3213 possit
1680 3152 1728 3198 in
1744 3152 1897 3199 Deum
1916 3153 2051 3209 ferrig
2069 3154 2186 3214 qiua'e

224 3220 409 3283 quidem
450 3221 779 3281 impedimenta
811 3235 866 3266 ex
898 3231 1024 3280 parte
1058 3222 1261 3280 corporis
1294 3231 1414 3276 sunt,
1454 3223 1580 3279 cujus
1617 3221 1940 3266 sustentationi
1968 3230 2015 3266 et
2043 3221 2186 3281 qutun

225 3301 382 3334 curam
409 3290 672 3349 impendere
700 3298 892 3348 oportet,
920 3300 964 3332 et
990 3303 1044 3332 ex
1070 3298 1195 3347 parte
1217 3286 1486 3331 inferiorum
1512 3289 1677 3332 virium
1705 3288 1900 3334 animae.
1925 3288 2047 3333 Nm
2063 3287 2188 3333 ebda-

226 3356 455 3401 motiones
494 3357 872 3415 phantasmatum
909 3364 953 3399 et
991 3353 1351 3413 perturbationes
1387 3355 1654 3413 passionum
1690 3354 1952 3414 perturbant
1976 3354 2186 3414 quietem

227 3424 408 3476 mentis,
435 3435 551 3481 quae
578 3433 645 3466 est
669 3423 926 3466 necessaria
959 3422 1014 3465 ad
1048 3421 1138 3465 hoc
1172 3421 1293 3480 quod
1327 3435 1457 3465 mens
1484 3421 1624 3466 libere
1655 3421 1825 3466 feratur
1853 3421 1903 3466 in
1932 3420 2100 3466 Deum.
2129 3420 2188 3467 Et

225 3490 339 3533 haec
373 3489 557 3547 quidem
588 3489 918 3547 impedimenta
948 3487 1147 3532 totaliter
1179 3488 1233 3531 ab
1267 3488 1457 3532 homine
1488 3488 1590 3532 tolli
1620 3493 1714 3532 n'on
1735 3489 1958 3548 possunt,
1959 3487 2186 3547 quamdiu

226 3556 273 3599 in
300 3556 484 3599 mortali
498 3569 700 3614 corpore
721 3555 858 3599 vivit:
883 3564 1064 3613 oportet
1085 3554 1207 3598 enim
1234 3554 1357 3614 quod
1380 3554 1435 3599 ad
1459 3568 1513 3599 ea
1530 3568 1647 3614 quae
1667 3564 1775 3599 sunt
1791 3553 2048 3607 neema
2068 3562 2187 3598 mor·

226 3621 306 3666 tali
330 3623 450 3668 vitae
475 3622 702 3677 intendat3
739 3633 820 3682 per
853 3622 976 3682 quod
1011 3621 1256 3682 impeditur
1291 3634 1350 3667 ne
1387 3631 1493 3667 actu
1524 3621 1573 3667 in
1607 3622 1761 3667 Deum
1785 3633 1985 3681 semper
1998 3619 2186 3677 oen'derq

2323 1255 2332 1331 ξ

2318 1378 2326 1415 ’,
