2332 3854
200 224 269 262 22
884 222 1040 261 LIBER
1080 223 1114 259 1.
1159 222 1280 260 CAP.
1323 207 1514 260 xv111.'

200 326 330 384 plura
354 334 545 384 possunt
569 323 835 384 simpliciter
865 324 962 369 fieri
988 337 1145 377 unum,
1171 323 1259 368 nisi
1285 323 1455 382 aliquid
1479 323 1543 368 ibi
1567 323 1625 368 sit
1650 333 1776 368 actus
1803 333 1848 368 et
1873 323 2050 383 aliquid
2067 338 2158 384 po-

199 394 353 437 tentia.
383 392 517 445 Quae
545 391 668 435 enim
695 400 799 435 actu
821 401 926 435 sunt
950 405 1045 435 non
1066 390 1295 444 uniuntur,
1320 391 1409 435 nisi
1434 389 1564 449 quasi
1590 390 1808 449 colligata
1823 390 1897 435 vel
1914 391 2031 435 sicut
2053 404 2164 435 con-

200 469 410 519 gregata:
438 473 554 517 quae
579 473 673 502 non
695 467 800 502 sunt
825 472 967 501 unum
990 456 1284 516 simpliciter;
1309 457 1356 500 in
1382 457 1543 516 quibus
1569 457 1709 501 etiam
1729 457 1854 517 ipsae
1880 466 2029 516 partes
2054 470 2163 501 con-

200 536 430 585 gregatae,
463 534 567 569 sunt
598 525 714 569 sicut
745 526 947 583 potentia
983 533 1191 583 respectu
1222 523 1417 568 unionis.
1451 523 1568 568 Sunt
1607 524 1730 568 enim
1771 525 1924 568 unitae
1955 523 2003 567 in
2045 532 2163 578 actu,

200 603 443 652 postquam
468 591 634 636 fuerint
659 594 705 635 in
727 591 929 649 potentia
954 590 1159 634 unibiles.
1187 591 1239 634 In
1264 591 1367 635 Deo
1391 600 1543 636 autem
1571 590 1696 635 nulla
1723 601 1791 636 est
1815 592 2043 650 potentia;
2068 603 2163 635 non

202 668 269 704 est
299 659 437 717 igitur
468 659 514 702 in
541 673 596 702 eo
625 658 776 716 aliqua
803 657 1094 716 compositio.

291 738 332 769 2.
364 725 503 769 Item:
539 739 676 768 omne
704 725 1013 783 compositum
1038 725 1263 783 posterius
1290 735 1357 769 est
1388 726 1480 770 suis
1522 726 1916 784 componentibus.
1956 724 2164 775 Primum

201 806 312 850 ergo
346 806 440 845 ens,
468 791 589 850 quod
622 792 750 835 Deus
777 801 858 845 est,
886 805 939 835 ex
965 791 1100 836 nullis
1130 792 1438 851 compositum
1466 802 1546 836 est.

294 873 331 917 3.
364 859 553 902 Adhuc:
583 872 720 901 omne
748 860 1056 917 compositum
1084 867 1151 902 est
1172 860 1376 918 potentia
1402 858 1679 913 dissolubile,
1698 869 1918 918 quantum
1935 868 2004 904 est
2019 873 2073 903 ex
2094 873 2164 903 ra-

199 927 323 971 tione
366 927 726 984 compositionis,
766 926 873 970 licet
897 927 944 970 in
970 927 1241 985 quibusdam
1273 927 1331 971 sit
1361 926 1530 986 aliquid
1557 927 1678 972 aliud
1711 927 2000 972 dissolutioni
2038 940 2166 986 repu-

201 1008 358 1052 gnans.
395 994 534 1046 Quod
562 1002 713 1036 autem
740 1003 809 1037 est
834 993 1098 1037 dissolubile
1125 1003 1192 1038 est
1215 994 1262 1038 in
1289 994 1493 1053 potentia
1526 994 1582 1038 ad
1607 1008 1699 1038 non
1743 1009 1841 1039 esse
1852 1010 1869 1049 3-
1906 993 2029 1053 quod
2060 994 2163 1038 Deo

200 1075 293 1103 non
321 1061 554 1118 competit,
578 1074 719 1117 quum
745 1059 802 1103 sit
826 1073 906 1118 per
932 1073 980 1103 se
1003 1074 1189 1105 necesse
1217 1074 1329 1105 esse.
1350 1061 1459 1105 Non
1486 1069 1552 1104 est
1573 1075 1684 1119 ergo
1710 1061 1758 1105 in
1785 1075 1840 1106 eo
1869 1060 2021 1120 aliqua
2043 1074 2166 1105 com-

202 1127 384 1184 positio.

290 1205 332 1248 4.
366 1192 603 1251 Amplius:
631 1194 782 1238 omnis
801 1194 1077 1252 compositio
1104 1193 1275 1252 indiget
1292 1193 1444 1252 aliquo
1467 1202 1797 1253 componente3
1824 1193 1864 1238 si
1892 1193 2018 1237 enim
2039 1206 2168 1238 com-

202 1260 369 1319 positio
404 1270 486 1313 est,
519 1274 573 1303 ex
605 1259 807 1318 pluribus
841 1270 929 1304 est:
958 1274 1074 1319 quae
1108 1269 1260 1304 autem
1287 1259 1540 1304 secundum
1566 1273 1614 1303 se
1646 1269 1750 1304 sunt
1774 1259 1919 1320 plura,
1944 1260 1992 1304 in
2022 1274 2166 1304 unum
2217 1287 2219 1289 >

201 1341 296 1371 non
323 1326 617 1380 conveniunt,
648 1326 736 1371 nisi
768 1326 821 1370 ab
857 1326 1010 1386 aliquo
1044 1318 1355 1386 componente
1381 1326 1608 1371 uniantur.
1643 1326 1693 1370 Si
1717 1325 1854 1386 igitur
1885 1327 2167 1386 compositus

203 1403 321 1438 esset
336 1394 478 1447 Deus,
494 1393 684 1438 haberet
709 1403 1092 1453 componentem;
1109 1407 1204 1438 non
1231 1394 1354 1438 enim
1370 1394 1466 1452 ipse
1484 1394 1685 1453 seipsum
1704 1407 1984 1453 componere
2000 1402 2170 1454 posset,

204 1461 309 1519 quia
340 1459 455 1503 nihil
483 1470 550 1504 est
577 1474 715 1504 causa
736 1460 975 1519 suiipsius;
1001 1470 1121 1505 esset
1144 1461 1269 1504 enim
1295 1460 1418 1519 prius
1444 1460 1610 1519 seipso,
1638 1461 1760 1519 quod
1781 1469 1849 1504 est
1873 1458 2168 1520 impossibile.

205 1528 515 1586 Componens'
535 1537 689 1572 autem
707 1537 774 1571 est
791 1541 928 1571 causa
955 1527 1155 1572 efficiens
1183 1527 1442 1586 compositi.
1470 1527 1591 1586 Ergo
1618 1527 1745 1572 Deus
1770 1527 1959 1572 haberet
1981 1540 2168 1572 causam

205 1593 505 1648 efficientem
532 1604 577 1638 et
608 1594 672 1638 sic
704 1608 799 1638 non
826 1604 945 1639 esset
971 1609 1107 1639 causa
1138 1594 1301 1654 prima,
1328 1594 1450 1653 quod
1487 1608 1623 1653 supra
1649 1595 1710 1651 (c.
1738 1595 1827 1652 15.)
1853 1593 2062 1638 habitum
2087 1602 2169 1639 est.

299 1675 335 1718 5.
358 1661 498 1705 Item:
517 1662 562 1704 in
584 1660 788 1719 quolibet
813 1675 994 1720 genere,
1021 1671 1150 1706 tanto
1178 1661 1348 1720 aliquid
1376 1671 1444 1705 est
1468 1660 1681 1715 nobilius,
1709 1670 1880 1720 quanto
1897 1659 2169 1719 simplicius;

204 1729 335 1781 sicut,
362 1729 407 1771 in
441 1742 608 1786 genere
648 1727 795 1782 calidi,
827 1728 959 1786 ignis,
993 1729 1071 1787 qui
1095 1742 1191 1772 non
1216 1728 1355 1772 habet
1387 1727 1585 1786 aliquam
1622 1727 1975 1785 permixtionem
2004 1726 2170 1786 frigidi.

207 1795 348 1847 Quod
373 1795 510 1854 igitur
536 1805 604 1839 est
628 1795 674 1839 in
700 1795 790 1839 fine
816 1795 1066 1840 nobilitatis
1093 1797 1301 1840 omnium
1328 1795 1516 1849 entium,
1544 1805 1726 1852 oportet
1751 1808 1850 1839 esse
1874 1795 1922 1838 in
1947 1794 2037 1839 fine
2063 1795 2171 1839 sim-

205 1862 433 1920 plicitatis.
467 1862 571 1905 Hoc
603 1872 772 1917 autem,
799 1863 921 1921 quod
949 1872 1016 1907 est
1040 1863 1087 1906 in
1113 1862 1203 1907 fine
1230 1861 1477 1906 nobilitatis
1514 1862 1724 1906 omnium
1762 1861 1951 1915 entium,
1972 1861 2171 1906 ‘dicimus

204 1929 372 1982 Deum,
405 1942 547 1987 quum
573 1929 630 1972 sit
654 1929 800 1988 prima
828 1943 989 1983 causa3
1017 1943 1153 1974 causa
1186 1929 1310 1973 enim
1335 1938 1403 1973 est
1433 1927 1633 1972 nobilior
1658 1928 1838 1974 effectu.
1869 1926 2010 1974 Nulla
2033 1928 2172 1988 igitur

153 2019 163 2029 =
205 1996 481 2054 compositio
510 1996 551 2039 ei
579 1995 786 2039 accidere
812 2005 976 2053 potest.

294 2061 336 2106 6.
361 2063 626 2106 Praeterea:
654 2062 700 2106 in
734 2063 863 2106 omni
890 2063 1164 2122 composito,
1185 2063 1360 2107 bonum
1386 2077 1481 2107 non
1508 2073 1576 2107 est
1611 2062 1746 2121 hujus
1772 2061 1847 2106 vel
1870 2061 1993 2108 iuius
2012 2061 2167 2122 partis,

205 2130 283 2174 sed
309 2131 471 2183 totius;
495 2139 540 2173 et
561 2129 663 2173 dico
690 2129 864 2173 bonum
887 2130 1139 2174 secundum
1163 2129 1293 2173 illam
1318 2130 1587 2184 bonitatem,
1604 2144 1719 2188 quae
1747 2139 1815 2174 est
1835 2130 2018 2189 propria
2032 2128 2172 2174 totius

205 2206 248 2240 et
280 2195 500 2255 perfectio
535 2197 646 2254 ejus.
671 2196 795 2240 Nam
820 2206 970 2254 partes
997 2207 1101 2241 sunt
1132 2196 1426 2256 imperfectae
1453 2206 1662 2255 respectu
1688 2197 1842 2251 totius,
1875 2197 1991 2241 sicut
2020 2205 2172 2256 partes

192 2263 407 2311 ,hominis
434 2277 529 2307 non
555 2272 659 2307 sunt
675 2263 836 2308 homo.
853 2264 1011 2308 Partes
1029 2264 1153 2308 enim
1169 2264 1350 2308 numeri
1367 2264 1531 2308 senarii
1548 2278 1643 2308 non
1658 2264 1829 2308 habent
1844 2262 2172 2323 perfectionem

206 2330 397 2384 senarii;
420 2340 464 2374 et
490 2330 696 2374 similiter
722 2341 869 2389 partes
891 2330 1041 2375 lineae
1066 2345 1162 2375 non
1187 2331 1458 2388 perveniunt
1479 2331 1535 2375 ad
1561 2329 1891 2389 perfectionem
1915 2342 2173 2384 mensurae,

204 2411 321 2456 quae
337 2397 384 2441 in
411 2407 507 2442 tota
523 2397 645 2442 linea
670 2397 909 2443 invenitur.
930 2398 980 2442 Si
997 2411 1108 2456 ergo
1134 2398 1260 2442 Deus
1281 2407 1348 2442 est
1365 2398 1661 2456 compositus,
1689 2396 1910 2457 perfectio
1930 2397 2172 2443 ethonitas

207 2465 304 2521 ejus
330 2465 515 2523 propria
539 2464 766 2508 invenitur
791 2465 838 2508 in
864 2474 978 2518 toto,
1005 2479 1099 2508 non
1123 2475 1275 2509 autem
1302 2465 1348 2508 in
1376 2464 1526 2523 aliqua
1553 2465 1649 2523 ejus
1674 2465 1885 2524 partium.
1907 2463 1965 2508 Et
1989 2463 2054 2509 sic
2075 2477 2171 2509 non

206 2531 291 2575 erit
314 2531 361 2574 in
388 2545 445 2576 eo
471 2545 582 2590 pure
614 2531 659 2575 id
690 2532 866 2575 bonum
893 2531 1015 2591 quod
1043 2541 1111 2576 est
1136 2532 1371 2591 proprium
1397 2532 1463 2586 ei;
1496 2546 1591 2575 non
1619 2541 1687 2576 est
1713 2545 1824 2591 ergo
1849 2531 1946 2591 ipse
1971 2531 2171 2591 primum

207 2606 252 2642 et
277 2612 513 2642 summum
545 2598 736 2642 bonum.

296 2677 336 2721 7.
369 2665 507 2708 Item:
547 2675 651 2709 ante
688 2664 1028 2710 multitudinem
1063 2675 1244 2725 oportet
1276 2666 1480 2710 invenire
1517 2665 1752 2710 unitatem.
1785 2665 1837 2709 In
1864 2665 1993 2710 omni
2018 2674 2171 2710 autem

206 2731 465 2790 composito
485 2741 551 2776 est
569 2730 826 2776 multitudo.
843 2732 986 2791 Igitur
1002 2742 1184 2792 oportet
1199 2732 1259 2788 id,
1277 2732 1399 2792 quod
1418 2742 1485 2777 est
1502 2742 1606 2777 ante
1624 2732 1795 2787 omnia,
1813 2731 1990 2777 scilicet
2003 2731 2172 2787 Deum,

207 2799 335 2842 omni
361 2799 700 2858 compositione
733 2813 902 2844 carere.

917 2949 923 2955 ’
977 2955 1230 3011 CAPUT
1259 2942 1414 3012 XIX.

209 3091 369 3137 QUOD.
400 3092 457 3131 IN
489 3091 603 3129 DEO
636 3091 792 3131 NIHIL
824 3091 925 3129 EST
959 3091 1288 3132 VIOLENTUM
1312 3091 1582 3139 NIHILQUE
1608 3091 1855 3132 PRAETER
1886 3091 2168 3133 NATURAM.

296 3200 361 3244 Ex
386 3200 478 3244 hoc
499 3210 650 3244 autem
679 3200 965 3245 concluditur
987 3201 1109 3260 quod
1125 3201 1171 3245 in
1189 3201 1292 3246 Deo
1309 3202 1424 3246 nihil
1449 3212 1598 3261 potest
1624 3216 1721 3247 esse
1738 3203 2008 3259 violentum,
2023 3216 2172 3264 neque

207 3277 331 3311 extra
348 3278 572 3311 naturam.
594 3268 749 3313 Omne
768 3269 889 3312 enim
908 3267 1019 3312 illud
1041 3268 1088 3312 in
1115 3283 1206 3327 quo
1233 3268 1401 3328 aliquid
1423 3268 1677 3314 violentum
1703 3280 1748 3314 et
1768 3280 1947 3330 praeter
1961 3280 2171 3316 naturam

204 3334 445 3389 invenitur,
480 3335 649 3394 aliquid
685 3335 769 3379 sibi
805 3335 1009 3379 additum
1035 3335 1198 3390 habet;
1224 3350 1331 3380 nam
1367 3336 1487 3396 quod
1522 3346 1589 3381 est
1615 3337 1670 3381 de
1707 3337 1958 3383 substantia
1981 3338 2047 3383 rei
2077 3350 2172 3382 non

208 3411 357 3460 potest
380 3415 478 3445 esse
505 3402 759 3447 violentum
785 3416 933 3462 neque
965 3413 1144 3461 praeter
1169 3412 1394 3447 naturam.
1420 3403 1613 3449 Nullum
1640 3414 1792 3449 autem
1818 3403 2012 3464 simplex
2034 3402 2173 3449 habet

205 3468 253 3512 in
279 3482 327 3512 se
360 3468 528 3527 aliquid
563 3469 782 3524 additum,
810 3483 864 3514 ex
896 3469 987 3514 hoc
1025 3469 1148 3514 enim
1186 3470 1464 3529 compositio
1500 3470 1842 3530 relinqueretur.
1882 3469 2007 3516 Cum
2034 3470 2173 3531 igitur

205 3535 333 3580 Deus
360 3535 417 3580 sit
441 3535 647 3595 simplex,
675 3546 724 3581 ut
749 3546 983 3582 ostensum
1017 3546 1099 3592 est,
1124 3535 1240 3581 nihil
1270 3536 1317 3581 in
1343 3550 1400 3583 eo
1433 3550 1533 3583 esse
1557 3547 1709 3598 potest
1737 3537 1994 3585 violentum
2011 3544 2171 3598 'neque
2227 3597 2232 3604 ἡ

204 3612 382 3661 praeter
406 3612 631 3648 naturam.
