2332 3854
799 187 953 229 LIBER
992 187 1050 228 11.
1090 186 1212 225 CAP-
1252 185 1398 233 xuv.
1964 186 2062 242 175

2 273 4 280 ‘
107 296 161 345 in·
187 294 253 348 gis
277 292 478 353 aliquam
501 291 808 339 diversitatem
834 289 985 336 fuisse.
1013 289 1199 349 Aliquid
1223 302 1333 348 ergo
1354 287 1514 333 habuit
1539 301 1630 333 una
1651 301 1808 333 earum
1829 288 1952 348 quod
1973 304 2067 335 non

67 356 75 366 ”
107 362 266 417 habuit
296 360 458 415 altera3
501 369 546 406 et
581 359 619 404 si
658 357 749 403 hoc
791 369 847 401 ex
888 356 1145 404 diversitate
1178 355 1328 401 meriti
1357 369 1452 401 non
1484 354 1715 414 procedat,
1755 355 1854 414 pari
1893 356 2067 402 ratione

61 419 73 456 f
106 443 192 483 nec
216 427 300 473 fuit
323 441 511 472 necesse
535 434 584 471 ut
610 424 775 484 gradus
801 424 1037 468 diversitas
1063 437 1117 468 ex
1145 422 1414 468 meritorum
1439 421 1696 466 diversitate
1723 424 1993 480 proveniret.

194 495 336 542 Item:
364 493 514 539 omnis
542 489 770 536 distinctio
799 499 875 533 aut
901 500 968 534 est
994 489 1243 534 secundum
1271 489 1543 534 divisionem
1570 488 1845 547 quantitatis,
1873 503 1988 548 quae
2019 491 2066 535 in

63 586 69 601 2
107 561 219 616 solis
242 560 508 619 corporibus
535 568 616 612 est,
644 556 764 601 unde
789 556 837 600 in
863 556 1122 601 substantiis
1148 556 1297 615 primo
1324 555 1499 610 creatis,
1522 556 1773 601 secundum
1798 555 2070 614 Origenem,

53 629 70 668 ’.
108 642 212 682 esse
237 641 332 672 non
358 627 528 687 potuit;
555 634 633 670 aut
658 623 910 668 secundum
938 622 1210 666 divisionem
1235 622 1493 676 formalem,
1526 636 1642 682 quae
1679 622 1775 668 sine
1812 623 1979 682 gradus
2012 625 2073 669 di·

59 710 67 732 τ
107 696 319 750 versitate
356 707 454 739 esse
489 706 584 738 non
625 699 789 750 potest,
830 703 971 748 quum
997 689 1099 733 talis
1125 689 1286 741 divisio
1324 690 1562 734 reducatur
1595 689 1650 733 ad
1685 690 1989 749 privationem
2028 701 2073 736 et

51 761 64 791 ⁵²
106 760 328 815 formam
355 770 399 805 et
425 760 488 804 sic
516 766 697 817 oportet
723 755 845 815 quod
873 754 1012 799 altera
1053 754 1305 799 formarum
1343 755 1681 801 condivisarum
1725 756 1783 802 sit
1822 756 1988 802 melior
2028 767 2074 803 et

41 819 60 887 s
109 827 250 875 altera
273 826 433 880 vilior3
449 825 584 879 unde,
607 822 858 869 secundum
875 821 1226 881 Philosophum,
1249 823 1423 881 species
1441 837 1594 867 rerum
1616 833 1720 868 sunt
1740 825 1858 870 sicut
1877 824 2078 879 numeri,

107 907 304 956 quorum
329 907 445 938 unus
471 890 601 936 alteri
628 889 751 934 addit
777 897 855 933 aut
880 888 1056 932 minuit.
1084 888 1160 931 Sic
1187 888 1337 946 igitur,
1359 889 1398 933 si
1415 888 1596 934 fuerunt
1612 904 1636 933 a
1653 890 1876 950 principio
1900 890 2072 937 multae

45 959 61 1001 ‚²5
106 959 381 1007 substantiae
407 956 651 1003 rationales
678 965 870 1008 creatae,
898 964 1078 1013 oportet
1103 955 1224 1013 quod
1251 954 1383 999 fuerit
1408 956 1453 999 in
1478 957 1540 1000 eis
1568 956 1732 1015 gradus
1759 957 2008 1003 diversitas.

22 1022 44 1086 „f
195 1028 334 1073 Item:
362 1025 400 1071 si
426 1035 658 1070 creaturae
683 1021 929 1067 rationales
956 1022 1051 1065 sine
1079 1022 1344 1081 corporibus
1377 1023 1618 1067 subsistere
1645 1034 1848 1082 possunt,
1870 1039 1965 1069 non
1990 1024 2076 1071 fuit

22 1089 58 1150 ’ζ
95 1093 414 1140 necessarium
438 1101 622 1152 propter
640 1089 818 1134 diversa
844 1089 1004 1132 merita
1030 1087 1321 1133 rationalium
1349 1099 1658 1134 creaturarum
1686 1091 1992 1137 diversitatem
2024 1092 2073 1137 in

44 1173 50 1217 j
106 1171 269 1207 natura
301 1157 529 1220 corporali
544 1151 749 1211 ¹institui;
777 1158 896 1215 quia,
919 1164 962 1200 et
979 1155 1076 1199 sine
1093 1154 1351 1200 diversitate
1379 1170 1638 1215 corporum,
1665 1167 1843 1217 poterat
1868 1159 2073 1204 diversus

48 1243 51 1266 ;
107 1227 273 1291 gradus
297 1226 344 1271 in
381 1225 642 1271 substantiis
684 1222 980 1268 rationalibus
1021 1221 1228 1266 inveniri.
1272 1222 1322 1266 Si
1364 1233 1516 1267 autern
1559 1233 1790 1269 creaturae
1827 1225 2074 1272 rationales

21 1323 32 1355 3,
107 1297 204 1342 sine
230 1292 497 1353 corporibus
523 1291 764 1337 subsistere
797 1304 889 1334 non
923 1299 1128 1349 possunt,
1156 1303 1265 1348 ergo
1303 1304 1329 1335 a
1361 1290 1584 1349 principio
1625 1291 1762 1335 simul
1801 1307 1906 1337 cum
1950 1307 2074 1338 crea-

20 1358 42 1410 ³1
107 1372 207 1410 tura
230 1359 443 1406 rationali
459 1369 527 1404 est
543 1359 682 1404 etiam
701 1367 906 1402 creatura
925 1355 1175 1415 corporalis
1191 1356 1406 1400 instituta.
1425 1357 1575 1415 Maj0r
1598 1368 1664 1402 est
1686 1369 1838 1403 autem
1862 1360 2074 1405 distantia

109 1428 361 1490 corporalis
388 1437 622 1472 creaturae
649 1426 704 1470 ad
740 1422 1023 1483 spiritualem
1058 1437 1196 1482 quam
1239 1423 1542 1482 spiritualium
1580 1435 1891 1470 creaturarum
1926 1427 1981 1471 ad
2013 1429 2077 1472 in-

107 1497 271 1542 vicem.
299 1495 347 1540 Si
371 1494 507 1554 igitur
534 1508 559 1537 a
585 1492 809 1553 principio
835 1491 962 1534 Deus
987 1499 1082 1534 tarn
1109 1504 1327 1548 magnam
1362 1490 1624 1535 distantiam
1655 1491 1703 1535 in
1735 1493 1826 1537 suis
1854 1494 2072 1539 creaturis

29 1569 52 1607 ῐᾲ-
106 1562 300 1610 instituit
324 1562 492 1620 absque
521 1560 743 1619 aliquibus
770 1556 1355 1616 meritis'praecedentibus,
1378 1571 1473 1601 non
1492 1558 1694 1617 oportuit
1711 1560 1874 1605 merita
1895 1561 2074 1606 diversa

22 1632 58 1678 J:
107 1629 381 1692 praecedere
409 1627 466 1673 ad
491 1627 598 1682 hoc,
626 1625 828 1686 quod‘in
862 1624 1050 1669 diversis
1087 1623 1298 1683 gradibus
1341 1634 1575 1670 creaturae
1601 1626 1847 1673 rationales
1878 1629 2078 1674 institue-

106 1706 274 1745 rentur.

196 1763 386 1810 Adhuc:
412 1763 452 1808 si
477 1761 713 1807 diversitas
740 1770 972 1806 creaturae
1000 1758 1251 1818 corporalis
1278 1759 1526 1818 respondet
1557 1761 1807 1807 diversitati
1840 1773 2075 1809 creaturae

16 1851 21 1869 ³
39 1836 65 1877 :I
107 1830 357 1886 rationalis,
383 1830 480 1890 pari
504 1829 681 1874 ratione
709 1839 753 1873 et
779 1826 1079 1872 uniformitati
1103 1826 1397 1871 rationalium
1428 1837 1739 1873 creaturarum
1779 1831 2078 1890 responderet

109 1898 395 1944 uniformitas
422 1907 613 1942 naturae
639 1895 904 1955 corporalis.
926 1895 1102 1939 Fuisset
1123 1908 1234 1953 ergo
1256 1904 1418 1938 natura
1450 1894 1700 1954 corporalis
1737 1907 1902 1953 creata,
1938 1899 2077 1943 etiam

108 1966 148 2012 si
163 1966 342 2011 diversa
357 1966 520 2009 merita
534 1962 769 2008 rationalis
787 1971 1018 2007 creaturae
1040 1975 1135 2006 non
1157 1962 1523 2020 praecessissent,
1542 1964 1620 2007 sed
1639 1963 1902 2021 uniformis3
1920 1964 2078 2011 fuisset

5 2033 51 2096 ἐ
108 2033 246 2094 igitur
277 2041 430 2076 creata
456 2032 646 2075 materia
678 2029 840 2089 prima,
878 2043 994 2088 quae
1028 2038 1095 2072 est
1132 2028 1344 2073 omnibus
1380 2029 1648 2087 corporibus
1686 2032 1961 2087 communis,
1998 2033 2076 2078 sed

109 2100 191 2146 sub
218 2113 306 2144 una
333 2108 514 2143 tantum
538 2096 701 2141 forma.
720 2096 848 2140 'Sunt
873 2104 1027 2141 autern
1053 2095 1099 2139 in
1126 2095 1224 2154 ipsa
1250 2095 1402 2154 plures
1429 2094 1604 2140 formae
1646 2099 1692 2141 in
1731 2099 1950 2157 potentia.
1992 2100 2078 2145 Re-

54 2190 57 2209 ;
110 2166 353 2213 mansisset
374 2165 513 2224 igitur
537 2162 819 2223 imperfecta,
842 2162 941 2207 sola
963 2176 1052 2207 una
1076 2163 1172 2221 ejus
1195 2161 1344 2206 forma
1370 2162 1555 2207 reducta
1576 2163 1623 2207 in
1647 2155 1815 2221 actum,
1838 2166 1959 2226 quod
1981 2181 2077 2212 non

55 2268 59 2273 1
110 2244 179 2280 est
202 2233 382 2278 divinae
409 2231 687 2277 conveniens
712 2230 919 2275 bonitati.

54 2300 61 2309 ”
196 2300 336 2347 leem:
360 2298 399 2344 si
423 2298 658 2344 diversitas
685 2296 936 2356 corporalis
964 2306 1197 2342 creaturae
1223 2296 1428 2356 sequitur
1449 2296 1653 2342 diversos
1680 2307 1833 2343 motus
1860 2298 1991 2345 liberi
2015 2314 2079 2344 ar-

0 2404 3 2426 :
109 2365 231 2414 hin-ii
249 2364 484 2412 rationalis
510 2374 759 2418 creaturae,
782 2363 1010 2424 oportebit
1031 2363 1179 2408 dicere
1203 2363 1326 2422 quod
1350 2378 1487 2408 causa
1509 2378 1648 2423 quare
1672 2376 1740 2410 est
1761 2375 1939 2412 tantum
1960 2382 2077 2413 unus

108 2433 185 2480 ml
211 2433 259 2478 in
284 2432 475 2486 mundo,
500 2432 558 2477 sit
584 2431 690 2492 quia
714 2441 894 2476 tantum
915 2445 1006 2475 una
1031 2430 1265 2475 rationalis
1295 2441 1501 2475 creatura
1527 2431 1591 2476 sic
1619 2442 1747 2477 mota
1774 2443 1842 2478 est
1867 2449 1947 2494 per
1971 2434 2079 2480 libe-

0 2510 2 2560 }
110 2514 214 2547 rum
232 2499 465 2544 arbitrium
481 2508 531 2543 ut
550 2499 630 2543 tali
648 2499 832 2558 corpori
858 2508 1106 2542 mereretur
1129 2498 1327 2557 adjungi.
1356 2498 1458 2543 Hoc
1481 2509 1632 2543 autem
1655 2499 1740 2544 fuit
1762 2514 1786 2544 a
1810 2515 1931 2556 casu,
1955 2502 2078 2562 quod

0 2574 2 2590 f
113 2580 205 2614 una
233 2576 411 2612 tantum
438 2566 503 2611 sic
534 2575 758 2626 peccaret.
786 2565 866 2609 Est
889 2565 1026 2624 igitur
1053 2579 1079 2609 a
1112 2578 1220 2609 casu
1248 2565 1371 2624 quod
1397 2565 1455 2610 sit
1480 2580 1595 2610 unus
1622 2566 1693 2611 sol
1729 2567 1776 2611 in
1810 2569 1999 2625 mundo,
2033 2579 2079 2614 et

10 2634 66 2693 :4553
110 2648 207 2687 mn
236 2634 294 2679 ad
323 2633 646 2678 necessitatem
677 2631 928 2691 corporalis
961 2641 1163 2676 naturae.

158 2700 464 2749 wPraeterea:
492 2713 635 2759 quum
658 2709 869 2744 ,creatura
895 2698 1140 2758 spiritualis
1172 2711 1268 2742 non
1299 2708 1529 2743 mereatur
1562 2699 1836 2745 descendere
1867 2701 1955 2746 nisi
1997 2717 2079 2762 per

110 2777 354 2829 peccatum
381 2766 636 2825 (descendi-t
661 2776 814 2811 autern
841 2780 867 2809 a
892 2779 974 2810 sua
999 2765 1292 2819 sublimitate,
1318 2766 1365 2809 in
1391 2780 1480 2824 qua
1505 2766 1742 2811 invisibilis
1769 2778 1850 2823 est,
1875 2782 1955 2828 per
1985 2769 2076 2814 hoc

110 2834 236 2894 quod
268 2833 517 2879 visibilibus
543 2833 808 2892 corporibus
834 2833 1021 2889 unitur),
1047 2833 1224 2877 videtur
1254 2833 1384 2891 sequi
1406 2833 1528 2892 quod
1553 2834 1747 2878 visibilia
1771 2849 1966 2895 corpora
1988 2837 2079 2881 sint

10 2961 13 2964 ἱ
113 2900 186 2948 eis
211 2901 422 2960 adjuncta
444 2910 629 2960 propter
649 2910 916 2959 peccatum3
943 2899 1065 2958 quod
1086 2899 1263 2943 videtur
1285 2899 1592 2959 propinquum
1620 2902 1763 2946 errori
1783 2903 2079 2949 Manichaeo-

114 2982 232 3023 mm,
262 2970 533 3028 ponentium
565 2967 680 3012 haec
713 2966 908 3012 visibilia
941 2980 994 3010 ex
1027 2965 1151 3010 malo
1183 2966 1406 3026 principio
1440 2970 1727 3026 processisse.

203 3034 322 3081 Huic
353 3034 492 3079 etiam
525 3034 732 3093 opinioni
758 3033 1003 3078 auctoritas
1035 3047 1192 3077 sacrae
1229 3033 1488 3093 Scripturae
1521 3034 1759 3080 manifeste
1794 3038 2077 3093 contradicit,

116 3100 222 3160 quia
246 3101 292 3145 in
318 3100 506 3159 singulis
539 3101 749 3160 operibus
775 3099 1022 3145 visibilium
1066 3110 1373 3144 creaturarum
1408 3100 1488 3145 tali
1524 3102 1664 3146 modo
1698 3101 1914 3161 loquendi
1941 3106 2078 3151 utitur

30 3174 62 3213 εἳ
114 3167 301 3227 Moyses
319 3167 459 3225 (Gen.
484 3167 518 3214 1.
536 3168 753 3227 passim):
789 3167 903 3212 Vidit
923 3169 1038 3212 Deus
1060 3167 1167 3226 quod
1191 3173 1285 3212 esset
1307 3169 1458 3212 bonum
1470 3183 1486 3220 ,·
1513 3178 1557 3212 et
1574 3169 1871 3226 postmodum
1898 3170 1953 3216 de
1973 3186 2080 3216 cun-

10 3251 14 3257 '·
115 3234 199 3280 ctis
214 3233 351 3279 simul
367 3233 619 3293 subiungit:
647 3234 758 3279 Vidit
772 3235 888 3279 Deus
910 3241 1056 3279 cuncta
1078 3249 1181 3293 quae
1189 3235 1368 3293 fecerat,
1392 3241 1431 3279 et
1454 3242 1577 3279 erant
1596 3235 1718 3280 valde
1741 3237 1849 3281 bona
1871 3238 1951 3295 (ib.
1971 3239 2076 3298 31.).

116 3295 184 3347 Ex
206 3315 299 3360 quo
326 3299 565 3345 manil'este
597 3300 728 3345 datur
753 3300 944 3360 intelligi
970 3302 1092 3360 quod
1120 3311 1352 3345 creaturae
1380 3301 1642 3359 corporales
1670 3311 1714 3346 et
1739 3302 1939 3348 visibiles
1971 3305 2076 3351 ideo

116 3376 222 3413 sunt
242 3365 404 3421 factae,
431 3369 536 3426 quia
565 3367 740 3412 bonum
766 3377 834 3412 est
859 3381 934 3412 eas
962 3382 1074 3422 esse,
1102 3367 1224 3426 quod
1258 3378 1325 3412 est
1364 3382 1620 3411 consonum
1657 3369 1836 3414 divinae
1872 3371 2077 3427 bonitati,

49 3489 54 3492 ᾖ
117 3443 165 3478 et
193 3446 287 3478 non
318 3443 502 3493 propter
535 3433 684 3493 aliqua
717 3443 1025 3479 creaturarum
1056 3433 1347 3478 rationalium
1381 3435 1542 3479 merita
1574 3434 1647 3479 vel
1680 3446 1882 3494 peccata.

206 3498 399 3545 Videtur
431 3509 584 3545 autem
619 3499 846 3559 Origenes
878 3515 974 3545 non
1006 3500 1297 3561 perpendisse
1340 3500 1476 3559 quod,
1509 3515 1649 3560 quum
1682 3501 1851 3562 aliquid
1890 3518 1985 3550 non
2023 3520 2076 3550 ex

121 3564 275 3615 debito
300 3566 378 3614 sed
403 3565 647 3618 liberaliter
672 3567 849 3624 damus,
879 3582 974 3613 non
1001 3578 1068 3614 est
1102 3578 1258 3614 contra
1290 3567 1507 3627 justitiam
1540 3568 1578 3615 si
1607 3569 1864 3632 inaequalia
1899 3573 2075 3630 damus,
