2332 3854
233 206 344 274 406
876 217 1030 254 LIBER
1069 215 1147 253 111.
1188 215 1307 253 CAP.
1342 213 1533 252 >Lxxxn

323 319 447 372 Quia
471 329 625 364 tamen
651 317 820 376 aliquid
845 316 991 360 homo
1018 314 1074 359 de
1100 314 1273 358 lumine
1288 312 1586 363 intellectuali
1608 313 1860 373 participat,
1878 313 1922 358 ei
1937 312 2190 368 secundum
2268 348 2273 354 »

231 386 543 462 providentiae
570 385 778 429 ordinem
811 382 1062 427 subduntur
1088 379 1304 425 animalia
1328 380 1480 434 bruta,
1495 392 1611 440 quae
1635 380 1868 426 intellectu
1893 379 2024 434 nullo
2048 379 2190 435 modo

230 453 516 512 participant.
543 451 678 495 Unde
719 449 883 493 dicitur
925 447 1065 505 (Gen.
1097 445 1278 503 1.26.:)
1310 447 1536 492 Faciamus
1577 446 1783 492 hominem
1815 446 1870 492 ad
1899 445 2137 507 imaginem
2153 452 2193 492 et

229 519 544 565 similitudinem
574 524 772 569 nostram,
801 514 976 559 scilicet
1001 514 1253 558 secundum
1294 514 1416 574 quod
1455 513 1739 559 intellectum
1779 514 1932 568 habet,
1971 519 2008 558 et
2031 510 2192 574 praesit

227 588 411 646 piscibus
435 587 567 629 maris
598 591 636 628 et
661 582 903 627 volatilibus
928 581 1044 635 coeli,
1077 587 1118 626 et
1144 582 1278 626 bestiis
1311 588 1460 627 terrae.
2095 614 2105 621 „

319 651 553 697 Animalia
579 663 687 693 vero
721 649 864 701 bruta,
907 647 990 692 etsi
1029 646 1263 692 intellectu
1304 658 1502 701 careant,
1544 648 1650 706 quia
1690 657 1846 692 tamen
1878 635 2201 722 cognitionqm

234 718 433 776 aliquam
459 717 642 768 habent,
675 714 857 773 plantis,
891 723 935 757 et
961 713 1060 758 aliis
1086 727 1203 772 quae
1230 713 1494 772 cognitione
1522 723 1690 767 carent,
1732 712 1988 758 secundum
2010 706 2195 772 divinae

232 783 547 844 providentiae
575 781 785 826 ordinem
811 779 1137 839 praeferuntur.
1165 779 1299 824 Unde
1342 779 1504 824 dicitur
1549 779 1686 839 (Gen.
1714 780 1747 824 I.
1775 793 1846 838 29.
1874 789 1920 824 et
1948 780 2064 839 30...:)
2090 776 2199 838 Ecce

233 850 324 894 dedi
355 851 473 893 vobis
500 864 661 893 omnem
692 848 863 892 herbam
896 846 1129 904 afferentem
1154 861 1288 892 semen
1323 854 1448 906 super
1481 853 1652 902 terram,
1679 853 1718 892 et
1738 847 2073 905 universaligna
2092 859 2198 905 quae

234 918 387 961 habent
412 917 457 959 in
481 917 702 975 semetipsis
727 920 943 959 sementem
965 915 1123 972 generis
1153 915 1234 970 sui,
1255 920 1299 959 ut
1329 916 1410 959 sint
1439 915 1558 958 vobis
1589 915 1635 958 in
1666 928 1799 959 escam
1830 920 1870 959 et
1904 915 2060 959 cunctis
2091 915 2194 958 ani-

232 985 440 1027 mantibus
473 978 621 1027 terrae.

320 1050 444 1093 Inter
459 1063 512 1093 ea
529 1063 638 1094 vero
662 1062 778 1107 quae
804 1047 982 1106 penitus
1010 1046 1274 1106 cognitione
1302 1057 1469 1101 carent,
1497 1061 1639 1091 unum
1665 1047 1870 1107 subjacet
1893 1046 2024 1092 alteri
2042 1060 2200 1093 secun-

234 1116 343 1160 dum
367 1116 489 1174 quod
513 1125 581 1159 est
607 1129 750 1159 unum
776 1114 919 1158 altero
946 1115 1174 1173 potentius
1199 1113 1247 1157 in
1274 1113 1466 1171 agend0.
1492 1113 1600 1158 Non
1626 1113 1749 1158 enim
1770 1112 2008 1179 participat
2030 1113 2200 1174 aliquid

234 1184 292 1228 de
320 1182 618 1241 dispositione
644 1181 972 1240 providentiae,
1000 1179 1079 1225 sed
1105 1180 1257 1224 solum
1284 1180 1339 1224 de
1366 1181 1668 1226 exsecutione.

326 1249 450 1301 Quia
481 1263 591 1293 vero
618 1248 764 1292 homo
796 1248 936 1292 habet
960 1245 1260 1301 intellectum,
1292 1255 1335 1291 et
1358 1261 1557 1301 sensum,
1585 1256 1628 1292 et
1655 1246 1944 1307 corporalem
1968 1238 2199 1307 virtutem,

232 1317 348 1360 haec
374 1316 421 1359 in
446 1315 547 1374 ipso
576 1314 668 1358 ad
656 1314 856 1358 invicem
883 1314 1148 1358 ordinantur
1173 1313 1426 1358 secundum
1452 1313 1631 1358 divinae
1662 1314 1975 1390 providentiae
2015 1314 2202 1378 (118Ρ981-

233 1383 412 1428 tionem
439 1382 495 1426 ad
521 1381 869 1426 similitudinem
896 1380 1067 1425 ordinis
1094 1380 1171 1439 qui
1196 1381 1243 1424 in
1274 1380 1488 1425 universo
1520 1380 1762 1427 invenitur.
1787 1381 1930 1427 Nam
1939 1381 2080 1445 virtus
2106 1395 2203 1429 eor-

233 1463 374 1526 porea
400 1437 605 1494 subditur
630 1447 872 1493 sensitivae
900 1457 945 1492 et
974 1446 1278 1492 intellectivae
1309 1446 1465 1492 virtuti
1489 1446 1616 1492 velut
1646 1461 1909 1508 exsequens
1939 1462 2105 1501 earum
2119 1449 2205 1500 im·-

234 1516 427 1575 perium.
454 1515 558 1575 Ipsa
582 1529 693 1560 vero
720 1515 936 1560 sensitiva
953 1515 1157 1574 potentia
1173 1513 1481 1560 intellectivae
1497 1513 1715 1595 subditur,
1733 1525 1778 1561 et
1794 1515 1876 1562 sub
1894 1516 1992 1575 ejus
2000 1511 2202 1581 imperio

237 1582 511 1628 continetur.
1964 1608 1967 1611 -

326 1650 401 1694 Ex
420 1649 583 1694 eadem
610 1659 764 1693 autem
790 1649 980 1703 ratione,
1008 1657 1051 1694 et
1076 1650 1194 1694 inter
1218 1649 1340 1708 ipsos
1368 1649 1582 1695 homines
1605 1648 1718 1694 ordo
1737 1631 2206 1726 invenitur.-Nam.illi

236 1717 315 1777 qui
337 1716 572 1761 intellectu
602 1716 929 1775 praeeminent,
955 1715 1218 1760 naturaliter
1243 1715 1558 1760 dominantur:
1585 1715 1653 1759 illi
1677 1730 1789 1760 vero
1826 1714 1918 1776 qui
1929 1725 2046 1767 sunt
2077 1710 2219 1774 intel--

235 1785 357 1829 lectu
390 1783 721 1838 deficientes‚c
699 1797 892 1842 corpore
917 1797 1027 1827 vero
1068 1782 1255 1837 robusti,
1299 1797 1324 1826 a
1355 1793 1517 1828 natura
1549 1783 1759 1827 videntur
1789 1783 1980 1828 instituti
2019 1783 2076 1841 ad
2117 1797 2206 1829 ser-

235 1850 470 1904 viendum,
503 1850 621 1894 sicut
645 1848 918 1894 Aristoteles
944 1849 1088 1893 dicit'
1077 1864 1124 1893 m
1142 1864 1224 1894 sua
1240 1849 1449 1904 Politica,
1468 1850 1541 1894 cui
1559 1850 1698 1894 etiam
1716 1850 1968 1896 concordat
1980 1843 2206 1900 sententia

239 1916 520 1970 Salomonis,
547 1917 625 1975 qui
651 1916 760 1961 dicit
791 1917 947 1974 (Prov.
975 1916 1053 1960 XI.
1075 1917 1192 1975 29.:)
1215 1917 1304 1974 Qui
1323 1917 1470 1962 stultus
1495 1923 1550 1962 est
1570 1918 1720 1962 serviet
1743 1918 1945 1976 sapienti;
1973 1926 2018 1962 et
2042 1916 2206 1966 dicitur

241 1983 407 2041 (Exod.
439 1982 610 2027 XVIII.
644 1995 713 2028 21.
748 1993 793 2027 et
818 1983 935 2040 22.):
979 1983 1162 2028 Provide
1187 1983 1234 2028 de
1260 1985 1375 2028 omni
1410 1984 1528 2043 plebe
1567 1985 1684 2028 viros
1723 1985 1920 2043 sapientes
1951 1989 1988 2030 et
2025 1985 2208 2040 times

238 2052 379 2095 Deum
411 2051 483 2108 qui
503 2049 690 2109 judicent
708 2051 912 2110 populum
940 2052 1055 2094 omni
1081 2057 1271 2110 tempore.
1565 2085 1569 2090 .
2095 2043 2118 2049 '⁵

329 2117 458 2161 Sicut
491 2127 643 2161 autern
670 2117 717 2161 in
745 2117 956 2176 operibus
978 2117 1111 2162 unius
1137 2117 1340 2162 hominis
1367 2131 1421 2162 ex
1437 2118 1528 2162 hoc
1547 2117 1828 2163 inordinatio
1845 2112 2218 2178 proveniuquod-

237 2181 496 2228 intellectus
523 2182 783 2227 sensualem
823 2183 1039 2227 virtutem
1081 2185 1296 2243 sequitur,
1329 2184 1550 2229 sensualis
1582 2199 1692 2229 vero
1723 2185 1865 2229 virtus
1879 2178 2118 2250 propter}
2113 2198 2210 2230 cor-

238 2251 363 2310 poris
388 2250 786 2310 indispositionem
811 2251 1004 2294 trahitur
1031 2252 1087 2295 ad
1121 2251 1325 2309 corporis
1368 2260 1562 2306 motum,
1589 2261 1639 2296 ut
1663 2252 1712 2296 in
1739 2244 2114 2301 claudicantibus
2111 2266 2210 2313 3Ρ-

239 2327 393 2377 paret3
421 2318 483 2362 ita
510 2327 555 2362 et
580 2318 627 2361 in
654 2317 877 2376 regimine
904 2318 1110 2362 humano
1142 2318 1420 2362 inordinatio
1449 2319 1661 2378 provenit
1687 2333 1743 2364 ex
1763 2332 1821 2364 eo
1846 2319 1973 2383 quod
1994 2333 2095 2366 non
2104 2333 2227 2383 pro.

240 2395 339 2444 pter
370 2383 626 2429 intellectus
652 2384 1060 2443 praeeminentiam
1088 2384 1248 2444 aliquis
1275 2395 1468 2443 praeest,
1494 2385 1574 2430 sed
1598 2384 1673 2430 vel
1693 2386 1859 2431 robore
1880 2381 2125 2446 corporali
2134 2386 2219 2439 do-

240 2452 435 2495 minium
460 2450 547 2495 sibi
571 2460 770 2509 usurpat,
792 2450 866 2495 vel
892 2461 1077 2510 propter
1100 2451 1359 2496 sensualem
1381 2451 1675 2497 affectionem
1697 2452 1858 2517 aliquis
1881 2453 1937 2505 ad
1957 2445 2229 2517 regendqu

241 2518 514 2578 praeficitur.
558 2517 715 2569 Quam
757 2518 941 2576 quidem
981 2518 1369 2563 inordinationem
1411 2532 1496 2563 nec
1541 2519 1767 2564 Salomon
1807 2529 1942 2575 tacet,
1983 2521 2062 2580 qui
2101 2520 2211 2566 dicit

242 2584 439 2644 (Eccles.
466 2584 523 2628 X.
561 2597 598 2642 5.
632 2594 676 2628 et
701 2583 787 2641 6.):
817 2586 892 2629 Est
922 2592 961 2630 et
984 2586 1143 2630 malum
1177 2585 1285 2644 quod
1316 2586 1408 2629 vidi
1432 2587 1505 2630 sub
1537 2587 1632 2640 sole,
1657 2588 1776 2646 quasi
1794 2595 1872 2647 per
1891 2601 2078 2634 errorem
2099 2602 2212 2648 egre-

244 2652 358 2697 diens
385 2666 411 2696 a
427 2642 544 2710 facie
570 2653 792 2710 principis,
821 2653 1006 2710 positum
1036 2653 1206 2697 stultum
1238 2655 1283 2696 in
1314 2653 1514 2712 dignitate
1542 2654 1725 2699 sublimi.

333 2718 611 2777 Hujusmodi
638 2728 792 2762 autem
823 2718 1100 2763 inordinatio
1128 2718 1331 2762 divinam
1363 2719 1699 2778 providentiam
1730 2734 1825 2765 non
1852 2721 2063 2768 excludit.
2102 2722 2213 2768 Pro-

242 2786 367 2831 venit
392 2786 531 2839 enim,
559 2785 862 2844 permissione
895 2785 1062 2842 divina,
1089 2800 1143 2830 ex
1169 2785 1349 2831 defectu
1374 2786 1644 2832 inferiorum
1671 2788 1921 2848 agentium,
1946 2789 2064 2854 sicut
2084 2798 2130 2834 et
2154 2789 2211 2834 de

245 2853 342 2898 aliis
369 2852 503 2896 malis
530 2851 707 2897 dictum
733 2861 813 2896 est.

277 2973 280 2977 1
336 2920 428 2964 Sed
463 2934 613 2978 neque
645 2933 726 2978 per
758 2920 1023 2978 hujusmodi
1058 2921 1448 2966 inordinationem
1488 2921 1688 2967 totaliter
1725 2921 1964 2980 naturalis
1974 2922 2090 2978 ordo
2118 2936 2213 2983 per-

243 2987 453 3041 vertitur,
479 3001 589 3031 nam
622 2985 866 3031 stultorum
898 2987 1157 3032 dominium
1193 2987 1426 3033 infirmum
1467 2999 1549 3043 est,
1590 2989 1677 3033 nisi
1717 2990 1976 3049 sapientum
2015 2989 2214 3047 consilio

244 3054 500 3099 roboretur.
528 3053 663 3098 Unde
689 3054 853 3098 dicitur
879 3054 1036 3113 (Prov.
1071 3055 1171 3100 XX.
1210 3055 1324 3113 18.)
1361 3055 1641 3115 Cogitationes
1672 3056 1852 3103 consiliis
1882 3058 2213 3115 roborabuntur,
2288 3085 2294 3115 g

245 3129 284 3167 et
313 3121 605 3198 gubernaculis
637 3111 860 3166 tractanda
889 3128 985 3166 sunt
1017 3122 1150 3174 bella,·
1179 3131 1225 3167 et
1256 3122 1448 3179 (XXIV.
1479 3136 1515 3181 5.
1543 3133 1588 3167 et
1613 3122 1697 3180 6..)
1729 3123 1804 3168 Vir
1822 3125 1984 3184 sapiens
2008 3125 2145 3181 fortis
2146 3130 2216 3178 est
2286 3120 2297 3163 Τ
2318 3146 2332 3181 χ,

245 3194 282 3233 et
312 3191 383 3232 vir
415 3187 556 3233 doctus
586 3187 751 3233 validus
783 3195 819 3232 et
850 3190 1054 3243 robustus,
1089 3190 1189 3247 quia
1211 3203 1304 3234 cum
1323 3189 1586 3267 dispositione
1607 3192 1742 3235 initur
1768 3189 1934 3246 bellum,
1947 3190 2232 3245 ιὶενίὶιαζιᾼι,
2283 3202 2294 3245 f

245 3256 318 3299 ubi
343 3255 476 3300 multa
498 3256 685 3301 consilia.
708 3255 766 3300 Et
789 3256 895 3314 quia
922 3255 1168 3301 consilians
1195 3257 1311 3315 regit
1332 3271 1439 3301 eum
1465 3258 1542 3316 qui
1569 3257 1814 3303 consilium
1839 3257 2021 3318 accipit,
2038 3266 2216 3319 etquo-
2283 3268 2303 3297 ἱ

248 3320 499 3366 dammodo
534 3323 576 3366 ei
603 3322 879 3376 dominatur,
906 3322 1070 3367 dicitur
1099 3323 1258 3381 (Prov.
1290 3322 1435 3367 XVII.
1470 3336 1510 3368 2.
1513 3323 1548 3382 ),
1582 3324 1703 3384 quod
1732 3338 1877 3371 servus
1901 3326 2064 3421 ιαρίφει
2087 3323 2219 3373 domi·

246 3390 420 3434 nabitur
446 3390 548 3447 filiis
578 3390 725 3435 stultis.
2193 3412 2203 3437 t
2228 3435 2230 3439 ⁴

336 3456 466 3501 Patet
498 3470 609 3516 ergo
638 3457 762 3516 quod
787 3457 942 3502 divina
966 3457 1252 3517 providentia
1279 3458 1490 3502 ordinem
1516 3459 1738 3503 omnibus
1762 3424 1901 3505 rebus
1910 3436 2140 3519 imponit,
2164 3467 2216 3504 ut
2269 3453 2306 3516 {R

248 3522 313 3566 sic
338 3536 499 3567 verum
525 3522 581 3568 sit
613 3524 737 3583 quod
769 3523 879 3569 dicit
903 3524 1157 3584 Apostolus
1181 3525 1343 3582 (Rom.
1367 3524 1492 3573 XIII.
1523 3539 1540 3570 1
1550 3526 1608 3584 .:)
1634 3526 1765 3584 Quae
1779 3529 1919 3580 aum
1934 3527 2046 3582 ικαὶ,
2074 3538 2103 3573 a
2119 3524 2227 3578 Deo

249 3587 447 3634 ordinata
471 3595 580 3635 sunt.

2224 3640 2261 3665 ,

2314 1352 2332 1725 :.<tmdnailmauffl.mbzm
2328 1313 2332 1329 r.
2328 1243 2332 1259 .,
