2332 3854
0 2669 2 2706 i

51 1818 79 1858 3⁵³³

819 209 975 250 mnan
1013 210 1069 249 11.
1111 209 1233 249 CAP.
1273 207 1386 246 xtx.
1983 207 2007 245 π
2018 206 2083 262 35

78 312 243 361 teria
258 325 365 356 non
393 310 769 372 praeexsistente:
800 325 908 356 nam
935 311 1171 371 dispositio
1202 324 1257 356 ex
1288 319 1417 369 parte
1451 309 1669 353 materiae
1695 319 1775 353 est.
1803 307 2091 368 Relinquitur

60 390 95 456 j
129 379 266 440 igitur
286 378 445 437 quod'
434 392 481 422 m
503 379 733 422 creatione
759 391 852 422 non
880 378 1023 436 possit
1044 391 1141 423 esse
1169 376 1318 436 aliqua
1341 376 1584 420 successio.

194 445 481 493 Praeterea:
508 443 737 488 successio
763 444 808 487 in
837 458 987 488 rerum
1012 443 1300 497 factionibus,
1327 457 1381 487 ex
1414 441 1590 487 defectu
1618 441 1835 486 materiae
1866 443 2090 501 provenit,

60 516 103 572 j
124 523 247 572 quae
269 525 364 556 non
391 511 714 555 convenienter
739 520 807 554 est
825 524 849 552 a
867 511 1089 569 principio
1108 511 1163 554 ad
1182 510 1492 569 receptionem
1510 508 1686 552 formae
1703 508 1945 566 disposita:
1969 509 2089 554 unde

125 577 312 648 qnando
338 578 529 623 materia
553 579 646 636 jam
670 576 866 635 perfecte
883 577 1101 635 disposita
1118 587 1185 622 est
1207 577 1261 620 ad
1280 576 1495 630 formam,
1514 589 1617 620 eam
1642 575 1863 638 rec1p1t1n
1881 576 2087 619 instanti:

4 671 5 676 =
61 632 89 694 5
128 645 193 692 et
198 645 304 690 inde
329 655 397 690 est
422 643 544 703 quod
566 644 671 703 quia
687 644 965 703 diaphanum
988 658 1170 702 semper
1195 654 1263 688 est
1282 645 1329 687 in
1350 644 1513 687 ultima
1529 631 1826 702 dispositione
1848 642 1915 686 ad
1921 641 2090 696 lucem,

128 712 280 758 statim
307 712 362 756 ad
389 711 695 771 praesentiam
721 710 894 754 lucidi
883 724 929 753 m
948 720 1051 754 actu
1069 710 1372 765 illuminatur;
1398 724 1483 755 nec
1507 710 1669 768 aliquis
1692 720 1844 754 motus
1861 709 2091 768 praecedit

129 777 666 838 exparteilluminabilis,
683 777 760 821 sed
779 776 930 820 solum
953 788 1105 821 motus
1122 778 1283 821 localis
1310 791 1363 820 ex
1381 787 1506 835 parte
1523 776 1836 830 illuminantis,
1853 790 1935 835 per
1952 789 2089 835 quem

125 844 179 890 fit
197 857 428 904 praesens.
454 844 507 888 In
534 843 764 888 creatione
791 853 944 887 autem
970 842 1084 887 nihil
1110 844 1414 902 praeexigitur
1437 858 1491 888 ex
1512 854 1638 903 parte
1655 842 1889 898 materiae,
1905 856 1991 887 nec
2015 842 2091 886 ali-

71 925 77 971 j
126 911 236 973 quid
260 910 387 957 deest
411 910 564 969 agenti
590 911 646 954 ad
671 909 916 968 agendum,
942 909 1064 968 quod
1091 920 1250 967 postea
1276 923 1356 968 per
1386 920 1564 953 motum
1594 910 1635 954 ei
1667 909 1860 964 eveniat,
1893 923 1999 953 cum
2032 909 2091 953 sit

123 976 392 1031 inmobilis,
407 987 459 1021 ut
472 977 519 1020 in
538 977 686 1036 primo
703 977 840 1034 hujus
862 976 1014 1034 operis
1033 977 1095 1033 (c.
1132 977 1220 1034 13.)
1254 986 1487 1020 ostensum
1524 988 1603 1021 est.
1637 976 1924 1036 Relinquitur
1953 976 2091 1035 igitur

46 1045 72 1097 ³3
127 1044 251 1104 quod
276 1044 446 1088 creatio
472 1043 531 1088 sit
544 1044 590 1087 in
608 1043 813 1087 instanti:
834 1043 952 1086 unde
969 1042 1104 1087 simul
1122 1043 1291 1102 aliquid
1309 1043 1418 1087 dum
1437 1054 1626 1097 creatur,
1646 1054 1850 1088 creatum
1875 1052 1956 1098 est,
1973 1044 2092 1089 sicut

55 1104 94 1147 ff
125 1110 265 1157 simul
287 1109 583 1164 illuminatur,
610 1120 656 1154 et
678 1109 987 1154 illuminatum
1022 1120 1102 1154 est.

54 1189 62 1222 ’ῑ
125 1198 153 1221 ,η
176 1176 275 1222 „Et
313 1177 420 1222 inde
459 1187 528 1222 est
557 1176 680 1236 quod
713 1177 946 1236 Scriptura
977 1177 1129 1220 divina
1162 1177 1443 1222 creationem
1475 1192 1626 1222 rerum
1658 1179 1704 1221 in
1742 1178 2004 1223 indivisibili
2033 1177 2094 1223 fa-

51 1240 75 1270 *⁵
92 1264 103 1272 ·
123 1254 250 1291 mm
275 1244 539 1303 pronuntiat
562 1244 719 1288 dicens
744 1242 885 1298 (Gen.
913 1244 946 1286 I.
971 1244 1052 1300 1.):
1080 1244 1130 1287 In
1140 1245 1353 1303 principio
1371 1247 1533 1290 creavit
1549 1246 1662 1290 Deus
1683 1246 1839 1290 coelum
1857 1252 1895 1290 et
1913 1252 2088 1299 terram,

51 1306 75 1346 τῐΞ
124 1310 248 1372 quod
272 1311 458 1370 quidem
483 1311 756 1370 principium
789 1309 982 1355 Basilius
1003 1310 1276 1369 principium
1303 1312 1522 1371 temporis
1544 1313 1742 1371 exponit,
1761 1312 1884 1372 quod
1907 1322 2091 1372 oportet

57 1383 60 1394 ³
124 1390 224 1424 ease
249 1377 537 1432 indivisibile,
563 1387 613 1422 ut
638 1378 685 1421 in
706 1387 834 1422 sexto
862 1377 998 1436 Phys,
1025 1378 1241 1436 probatur
1267 1378 1318 1436 (t.
1347 1392 1384 1422 c.
1413 1391 1483 1433 24.
1511 1389 1556 1423 et
1580 1378 1730 1436 infra).
1891 1387 1900 1394 ³

889 1553 1144 1610 CAPUT
1186 1554 1313 1609 XX.

506 1692 665 1739 QUOD
707 1691 934 1731 NULLUM
975 1691 1180 1729 coRPus
1221 1690 1436 1728 POTEST
1478 1690 1702 1731 CREARE.
1757 1662 1762 1666 ¹

368 1794 424 1852 (I.
441 1801 558 1854 part.
581 1800 735 1853 quaest.
761 1794 838 1838 XL
849 1794 895 1838 V.
922 1800 1003 1838 art.
1020 1807 1058 1852 5.
1085 1799 1125 1838 et
1145 1794 1212 1837 De
1231 1794 1358 1837 verit.
1386 1799 1538 1851 quaest.
1566 1793 1613 1838 V.
1639 1798 1719 1836 art.
1747 1792 1824 1851 9.).

213 1907 280 1954 Ex
304 1907 396 1952 hoc
419 1917 572 1951 autern
599 1907 830 1951 evidenter
856 1915 1041 1965 apparet
1066 1905 1188 1964 quod
1220 1904 1398 1949 nullum
1425 1918 1589 1963 corpus
1622 1914 1772 1964 potest
1804 1903 1973 1963 aliquid
2009 1917 2090 1963 per

58 1991 61 1992 ⁷
128 1975 320 2020 modum
346 1974 589 2019 creationis
620 1973 892 2032 producere.
920 1972 1111 2017 Nullum
1139 1972 1259 2016 enirn
1289 1985 1454 2030 corpus
1487 1971 1592 2030 agit,
1624 1971 1713 2015 nisi
1744 1980 1998 2024 moveatur,
2032 1984 2088 2014 eo

9 2054 12 2059 '
125 2042 249 2102 quod
274 2051 482 2102 oporteat
509 2055 648 2100 agens
675 2051 719 2085 et
743 2041 918 2100 patiens
935 2053 1033 2084 esse
1055 2038 1206 2093 simul,
1222 2037 1296 2083 vel
1311 2037 1483 2083 faciens
1502 2046 1546 2083 et
1560 2037 1745 2082 factum.
1766 2036 1915 2082 Simul
1933 2047 2086 2082 autem

8 2106 11 2121 ³
61 2108 71 2152 ἶ
122 2119 243 2163 sunt,
268 2123 384 2169 quae
409 2108 457 2154 in
483 2108 648 2153 eodem
673 2107 780 2152 loco
807 2117 924 2161 sunt,
951 2117 1000 2151 ut
1026 2106 1217 2151 habetur
1241 2106 1289 2150 in
1315 2106 1473 2165 quinto
1500 2105 1637 2165 Phys.
1662 2107 1713 2162 (t.
1737 2120 1776 2149 c.
1794 2105 1908 2162 22.);
1930 2103 2088 2149 locum

124 2186 281 2222 autem
305 2189 400 2220 non
427 2175 619 2234 acquirit
644 2189 808 2234 corpus
834 2174 921 2219 nisi
946 2189 1026 2234 per
1058 2183 1262 2218 motum:
1297 2172 1473 2217 nullum
1498 2184 1650 2217 autem
1679 2187 1844 2231 corpus
1877 2182 2089 2217 movetur

53 2245 85 2299 {22
118 2243 209 2294 nisi
232 2243 281 2287 in
315 2251 546 2301 tempore:
583 2241 800 2301 quidquid
837 2241 974 2300 igitur
1005 2240 1056 2285 fit
1088 2255 1168 2300 per
1205 2241 1435 2285 actionem
1474 2239 1693 2298 corporis,
1733 2239 1783 2283 fit
1817 2239 2088 2283 successive.

118 2309 311 2363 -ffleatio
337 2320 507 2363 autem,
533 2319 583 2353 ut
607 2319 843 2354 ostensum
870 2318 938 2353 est
955 2309 1016 2366 (c.
1039 2309 1142 2368 19.),
1165 2323 1260 2352 non
1277 2308 1415 2352 habet
1434 2308 1790 2353 successionem.
1807 2306 1936 2352 Nihil
1950 2307 2088 2366 igitur

48 2385 273 2440 mest
297 2390 325 2422 a
349 2390 542 2436 corpore
568 2389 861 2435 quocumque
886 2390 967 2434 per
993 2376 1186 2420 modum
1213 2375 1456 2420 creationis
1482 2375 1686 2434 produci.

61 2443 473 2494 :‹›·.112«›1Praeterea:
500 2456 639 2487 omne
673 2456 812 2501 agens
844 2442 968 2502 quod
1001 2443 1094 2519 agit
1123 2443 1171 2486 in
1207 2452 1428 2501 quantum
1465 2452 1689 2496 movetur,
1726 2442 1781 2486 de
1817 2442 2087 2487 necessitate

59 2507 99 2574 35:⁹2?
111 2512 280 2561 ‚movet
303 2509 415 2556 illud
440 2511 487 2554 in
512 2510 635 2569 quod
662 2510 778 2567 agit.
805 2509 977 2554 factum
1000 2510 1137 2563 enim,
1161 2520 1206 2554 et
1225 2524 1410 2569 passum
1430 2510 1724 2568 consequitur
1741 2509 2088 2568 dispositionem

63 2576 326 2630 iumentis
354 2587 400 2622 et
424 2577 615 2636 agentis,
642 2591 698 2621 eo
725 2577 848 2636 quod
875 2592 1014 2622 omne
1042 2591 1181 2636 agens
1209 2578 1302 2636 agit
1327 2577 1412 2621 sibi
1438 2576 1609 2622 simile:
1638 2577 1757 2620 unde
1780 2577 1818 2621 si
1836 2590 1977 2635 agens
1993 2590 2088 2620 non

59 2641 347 2698 meadem
363 2644 661 2721 dispositione
675 2658 724 2688 se
741 2644 915 2689 habens
938 2644 1045 2703 agit,
1066 2645 1113 2688 in
1131 2654 1351 2703 quantum
1374 2657 1453 2719 per
1470 2653 1650 2687 motum
1671 2643 1886 2697 variatur,
1910 2652 2090 2702 oportet

58 2706 245 2772 qnod
270 2711 409 2756 etiam
434 2711 481 2755 in
506 2711 720 2770 patiente,
746 2721 792 2755 et
815 2710 937 2755 facto
965 2704 1191 2770 quaedam
1218 2711 1455 2755 renovatio
1479 2710 1829 2787 dispositionum
1853 2709 1944 2764 fiat,
1962 2711 2085 2770 quod

63 2776 221 2831 aine
248 2789 379 2830 motu
406 2792 505 2823 esse
530 2792 625 2822 non
650 2788 815 2837 potest.
845 2778 1000 2824 Omne
1028 2789 1180 2822 autem
1209 2792 1375 2836 corpus
1402 2792 1496 2822 non
1524 2788 1682 2822 movet
1706 2778 1794 2821 nisi
1819 2788 2014 2831 motum,
2037 2788 2086 2822 ut

57 2844 362 2906 probatum
381 2855 449 2890 est
465 2845 585 2902 (Lib.
608 2845 641 2888 Ι.
661 2859 699 2890 c.
723 2859 787 2903 13.
791 2846 826 2902 ).
851 2845 980 2890 Nihil
1005 2845 1140 2904 igitur
1160 2845 1212 2889 fit
1237 2859 1262 2889 a
1281 2845 1485 2904 corporis
1510 2845 1689 2889 actione
1712 2845 1797 2889 nisi
1817 2860 1896 2904 per
1908 2855 2087 2890 motum

67 2907 196 2971 ‘J'fffvel
219 2914 522 2957 mutationem
547 2911 679 2967 facti;
713 2913 883 2956 creatio
912 2921 1063 2956 autem
1089 2926 1184 2956 non
1211 2922 1279 2956 est
1309 2912 1518 2967 mutatio,
1550 2927 1634 2956 nec
1667 2922 1835 2966 motus,
1861 2923 1910 2956 ut
1942 2923 2089 2957 osten·

122 2992 225 3024 s-
249 2989 319 3024 εει
341 2980 404 3038 (c.
436 2992 500 3037 17.
504 2978 550 3036 );
575 2979 713 3038 igitur
734 2978 913 3022 nullum
936 2993 1100 3038 corpus
1127 2987 1276 3038 potest
1302 2978 1471 3038 aliquid
1499 2993 1685 3023 causare
1713 2979 1926 3024 creando.

202 3045 351 3096 Item:
376 3059 483 3090 cum
509 3059 650 3104 agens
682 3055 727 3089 et
757 3045 930 3089 factum
963 3055 1172 3104 oporteat
1203 3046 1288 3090 sibi
1319 3059 1418 3090 esse
1450 3046 1632 3099 similia,
1668 3060 1761 3089 non
1800 3055 1952 3105 potest
1988 3060 2086 3091 esse

57 3112 439 3172 productivum
460 3113 600 3157 totius
626 3112 902 3156 substantiae
927 3111 1050 3167 facti,
1075 3112 1197 3171 quod
1224 3125 1318 3156 non
1342 3122 1439 3156 tota
1466 3126 1547 3157 sua
1573 3112 1820 3157 substantia
1843 3112 1951 3170 agit,
1970 3113 2088 3157 sicut

92 3192 151 3225 e
174 3192 397 3225 converso
428 3180 591 3239 probat
615 3178 963 3237 Philosophus
952 3194 1001 3223 in
1027 3180 1223 3238 septimo
1249 3179 1452 3238 Metaph.
1480 3181 1532 3238 (t.
1566 3194 1604 3223 c.
1640 3180 1747 3236 28),
1780 3179 1902 3238 quod
1933 3178 2083 3224 forma

107 3244 219 3292 dne
240 3245 446 3300 materia,
472 3259 588 3305 quae
612 3255 710 3290 tota
734 3260 783 3290 se
817 3247 924 3305 agit,
949 3260 1043 3291 non
1070 3257 1222 3304 potest
1243 3260 1341 3290 esse
1365 3261 1501 3290 causa
1525 3248 1733 3305 proxima
1756 3246 2080 3304 generationis,

63 3281 86 3353 3¹:
119 3313 375 3358 secundum
401 3326 539 3371 quam
565 3311 665 3357 sola
694 3312 878 3357 forma
866 3327 914 3357 m
938 3323 1091 3357 actum
1125 3314 1342 3357 educitur.
1377 3312 1566 3358 Nullum
1601 3322 1754 3356 autern
1789 3327 1955 3372 corpus
1986 3323 2083 3359 tota

85 3388 219 3428 sua
226 3378 476 3424 substantia
502 3379 609 3438 agit,
635 3379 721 3424 etsi
743 3389 893 3424 totum
917 3391 1042 3439 agat:
1070 3380 1176 3439 quia
1203 3394 1306 3423 cum
1335 3394 1474 3423 omne
1502 3393 1656 3438 agens
1665 3389 1771 3438 agat
1791 3393 1869 3438 per
1885 3379 2084 3424 formam

69 3456 213 3507 qua
239 3455 341 3490 actu
368 3456 451 3500 est,
482 3445 594 3490 illud
619 3444 770 3490 solum
795 3459 875 3504 per
905 3456 1051 3491 totam
1085 3460 1215 3491 suam
1249 3446 1547 3490 substantiam
1581 3459 1714 3504 agere
1742 3446 1922 3505 poterit,
1955 3448 2084 3506 cujus

123 3521 193 3558 est
214 3522 313 3559 tota
336 3512 585 3557 substantia
605 3511 782 3558 forma.
808 3513 931 3572 quod
958 3513 1013 3557 de
1040 3512 1167 3556 nullo
1195 3526 1388 3571 corpore
1409 3522 1558 3572 potest
1580 3512 1683 3566 dici,
1707 3526 1813 3557 cum
1832 3527 1971 3558 omne
1990 3527 2086 3559 cor-

41 3558 97 3582 ]
95 3589 218 3636 pm
230 3578 398 3624 habeat
421 3578 677 3634 materiam,
703 3593 760 3625 eo
781 3579 905 3639 quod
932 3593 1071 3625 omne
1098 3593 1264 3638 corpus
1290 3590 1359 3624 est
1384 3577 1616 3625 mutabile.
1643 3578 1768 3638 Ergo
1789 3579 1968 3626 nullum
1986 3595 2083 3626 cor·
