2332 3854
235 219 345 276 372
913 221 1068 260 tumn
1107 219 1184 259 111.
1226 220 1345 259 CAP.
1387 219 1518 260 an.

232 331 495 366 removetur
511 322 565 366 ab
584 336 640 367 eo
666 322 754 367 nisi
778 335 858 380 per
883 321 1166 376 violentiam,
1189 321 1306 368 sicut
1327 336 1466 380 grave
1484 336 1593 366 eum
1610 324 1844 383 proficitur
1861 339 2054 370 sursum.
2070 326 2193 372 Con·

233 399 321 441 stat
346 398 499 433 autem
518 403 569 433 ex
593 389 834 448 praedictis
862 389 922 445 (c.
950 389 1037 445 50.)
1065 388 1188 447 quod
1214 388 1371 432 omnis·
1385 389 1635 434 substantia
1657 390 1977 437 intellectualis
1997 393 2192 438 manuali

233 455 459 501 desiderio
480 455 629 500 tendit*
649 455 703 499 ad
730 454 858 498 illam
889 454 1130 499 visionem.
1157 454 1264 501 No'n
1290 468 1400 514 engo
1427 456 1480 499 ab
1507 455 1586 500 illa
1607 456 1787 501 deficiet
1810 458 1899 502 nisi
1919 471 2000 517 pen
2022 457 2202 505 violet»,

230 525 357 568 tiam.
389 523 517 568 Nihil
550 533 702 567 autem
733 522 907 566 tollitur
933 535 1013 580 per
1042 521 1312 573 violentiam
1346 521 1551 581 alicujus,
1582 523 1669 568 nisi
1694 524 1838 570 virtus
1863 523 2113 571 auferentis
2134 526 2199 571 sit·

231 593 380 648 major
403 591 566 633 virtute
594 589 834 632 causantis.
858 589 1060 632 Visionis
1087 599 1240 632 autem
1258 589 1345 639 Dei
1369 603 1505 633 causa
1532 600 1600 634 est
1624 590 1764 644 Deus,
1791 601 1841 634 ut
1866 603 2000 650 supra
2018 591 2080 649 (c.
2095 591 2200 650 ιβ.)

230 659 471 717 probatum
499 667 577 700 est.
607 657 727 714 Ergo
761 670 865 699 cum
897 655 1024 698 nulla
1049 656 1190 699 virtus
1216 656 1417 699 divinam
1442 657 1657 701 virtutem
1681 657 1884 711 excedat,
1909 658 2193 717 impossibile

231 735 298 770 est
324 725 444 782 quod
470 723 547 766 illa
574 724 688 766 visio
717 737 797 781 per
822 722 1091 766 violentiam
1116 722 1328 768 tollatur:
1354 724 1399 767 in
1426 734 1696 783 perpetuum
1722 738 1834 784 ergo
1857 725 2046 771 durabit.

319 791 509 834 Adhuc:
543 790 578 833 si
614 789 775 848 aliquis
806 789 960 833 videre
992 789 1168 834 desinat
1198 790 1321 849 quod
1353 791 1475 848 prius
1511 791 1707 844 videbat,
1741 801 1818 836 aut
1847 792 1939 837 hoc
1972 795 2058 840 erit
2086 793 2192 854 quia

230 857 408 902 deficiet
434 857 476 900 ei
502 856 693 900 facultas
725 856 923 910 videndi,
949 857 1064 900 sicut
1099 870 1205 900 cum
1239 856 1401 916 aliquis
1431 858 1625 902 moritur
1654 857 1729 902 vel
1756 869 1980 913 caecatur,
2010 859 2086 904 vel
2117 857 2193 907 ali»

229 925 420 984 qualiter
450 924 718 982 impeditur3
747 933 823 967 aut
859 924 942 968 erit
974 924 1080 983 quia
1111 938 1204 968 non
1237 924 1334 968 vult
1366 924 1560 984 amplius
1598 926 1766 979 videre,
1801 927 1919 970 sicut
1945 940 2059 971 cum
2089 928 2193 987 quis

230 992 391 1035 avertit
411 992 558 1035 visum
591 1005 615 1034 a
642 1005 690 1035 re
717 1005 852 1049 quam
877 991 1000 1050 prius
1022 992 1227 1045 videbat;
1249 991 1324 1035 vel
1346 993 1451 1050 quia
1473 993 1703 1050 obJectum
1726 992 2022 1038 subtrahitur:
2040 994 2190 1040 ethoc

229 1058 536 1102 communiter
561 1073 718 1102 verum
747 1068 828 1112 est,
855 1059 950 1101 sive
983 1058 1038 1102 de
1069 1058 1246 1102 visione
1279 1073 1452 1113 sensus,
1483 1060 1578 1102 sive
1605 1059 1660 1103 de
1692 1059 1991 1105 intellectuali
2013 1060 2195 1107 visione

222 1127 449 1185 loquatur.
486 1126 775 1170 Substantiae
813 1135 966 1169 autem
1000 1125 1298 1169 intellectuali
1323 1125 1500 1170 videnti
1532 1125 1685 1170 Deum
1717 1140 1810 1171 non
1843 1137 1993 1186 potest
2030 1127 2199 1173 deesse·

224 1193 414 1238 facultas
440 1193 622 1236 videndi
647 1193 815 1245 Deum,
842 1206 990 1251 neque
1022 1206 1101 1251 per
1132 1193 1223 1237 hoc
1246 1192 1368 1252 quod
1401 1205 1498 1237 esse
1524 1193 1713 1247 desinat,
1742 1206 1847 1237 cum
1873 1195 1932 1238 sit
1955 1203 2189 1254 perpetua,

226 1271 275 1304 ut
291 1275 424 1320 supra
448 1261 567 1312 (Lib.
588 1260 643 1304 ΙΙ.
663 1274 701 1305 c.
729 1262 812 1317 55.)
839 1270 1178 1316 ostensumpest,
1205 1274 1354 1319 neque
1380 1273 1459 1318 per
1477 1259 1706 1306 defectum
1728 1259 1917 1307 luminis
1929 1274 2026 1320 quo·
2037 1260 2192 1306 Deum

225 1328 361 1380 videt,
396 1341 501 1371 cum
533 1326 690 1371 lumen
716 1326 826 1372 illud
852 1327 1254 1386 incorruptibiliter
1279 1327 1521 1385 recipiatur
1538 1327 1790 1371 secund-um
1817 1328 2133 1375 conditionem
2145 1338 2192 1373 'et

224 1395 482 1454 recipientis
509 1405 552 1438 et
585 1394 756 1448 dantis3
782 1409 930 1453 neque
957 1405 1108 1453 potest
1134 1394 1290 1438 deesse
1318 1394 1360 1437 ei
1384 1394 1597 1438 voluntas
1620 1393 1702 1438 tali
1721 1394 1898 1440 visione
1922 1394 2114 1450 fruendi,
2135 1409 2191 1442 ex

225 1476 316 1520 quo
342 1461 533 1520 percipit
558 1461 604 1505 in
637 1460 713 1505 illa
744 1461 921 1505 visione
950 1475 1048 1505 esse
1076 1475 1207 1505 suam
1240 1460 1448 1505 ultimam
1475 1460 1753 1516 felicitatem,
1779 1461 1897 1506 sicut
1919 1474 2016 1506 non
2040 1472 2192 1522 potest

223 1528 341 1572 velle
368 1542 463 1572 non
490 1542 589 1572 esse
615 1527 734 1571 felix.
767 1528 929 1587 Neque
956 1528 1094 1571 etiam
1120 1528 1274 1572 videre
1307 1528 1480 1575 desinet
1510 1542 1591 1586 per
1621 1528 1978 1572 subtractionem
2009 1528 2190 1588 objecti,

224 1596 328 1654 quia
343 1596 573 1653 objectum
601 1594 726 1649 illud,
749 1597 870 1654 quod
895 1605 962 1639 est
988 1596 1129 1648 Deus,
1157 1609 1337 1653 semper
1364 1595 1529 1639 eodem
1552 1592 1694 1639 modo
1712 1609 1760 1640 se
1785 1595 1936 1650 habet,
1958 1610 2043 1640 nec
2067 1595 2193 1641 elon·

224 1673 357 1721 gatur
379 1677 404 1705 a
431 1662 563 1706 nobis
596 1662 683 1705 nisi
710 1662 756 1705 in
790 1672 1010 1720 quantum
1037 1676 1122 1706 nos
1145 1662 1417 1721 elongamur
1444 1663 1496 1705 ab
1524 1663 1638 1720 ipso.
1666 1662 1950 1722 Impossibile
1966 1672 2035 1707 est
2053 1658 2191 1722 igitur

224 1730 344 1787 quod
372 1729 487 1772 visio
515 1728 588 1772 illa
618 1729 721 1782 Dei,
750 1743 865 1787 quae
891 1729 1049 1772 beatos
1075 1728 1197 1781 facit,
1224 1743 1425 1787 unquam
1458 1728 1651 1773 deficiat.

310 1796 573 1839 Praeterea:
600 1795 880 1854 impossibile
914 1806 981 1838 est
1013 1796 1134 1854 quod
1169 1795 1328 1854 aliquis
1356 1810 1380 1838 a
1413 1796 1536 1838 bono
1576 1809 1666 1854 quo
1700 1788 1864 1839 ‘fruitur
1899 1794 2010 1840 velit
2046 1796 2189 1842 disce-

224 1863 344 1914 dere,
371 1863 453 1905 nisi
484 1873 667 1920 propter
700 1862 882 1920 aliquod
917 1862 1095 1905 malum
1126 1863 1246 1921 quod
1284 1862 1329 1906 'm
1362 1861 1574 1909 fruitione
1608 1862 1728 1906 illius
1760 1862 1871 1906 boni
1906 1863 2184 1920 aestimatur,

223 1929 384 1973 saltem
413 1941 595 1987 propter
613 1930 702 1972 hoc
721 1930 841 1987 quod
871 1931 1134 1972 aestimatur
1159 1929 1537 1987 impedimentum
1559 1930 1745 1986 majoris
1764 1930 1886 1972 boni.
1905 1928 2034 1974 Sicut
2059 1932 2182 1974 enim

222 1996 337 2040 nihil
370 1997 593 2041 desiderat
619 1997 843 2054 appetitus
876 1997 958 2039 nisi
984 1997 1063 2039 sub
1093 1998 1267 2039 ratione
1291 1996 1415 2049 boni,
1441 1998 1502 2039 ita
1528 1996 1644 2039 nihil
1664 1995 1779 2054 fugit
1796 1996 1886 2041 nisi
1907 1997 1990 2049 sub,
2012 1997 2187 2045 ratione

224 2063 347 2106 mali.
383 2063 473 2107 Sed
507 2063 550 2105 in
583 2062 797 2107 fruitione
830 2064 950 2107 illius
983 2064 1171 2107 visionis
1203 2078 1297 2106 non
1331 2073 1479 2121 potest
1512 2077 1610 2106 esse
1644 2063 1828 2122 aliquod
1861 2062 2051 2117 malum,
2077 2077 2184 2108 cum

225 2131 282 2174 sit
308 2132 535 2189 optimum
572 2131 625 2174 ad
654 2131 775 2189 quod
804 2142 1008 2174 creatura
1043 2130 1362 2174 intellectualis
1395 2131 1630 2189 pervenire
1662 2140 1838 2189 potest;
1869 2142 2019 2189 neque
2050 2130 2187 2176 etiam

222 2209 372 2257 potest
405 2211 504 2240 esse
531 2198 652 2255 quod
681 2197 734 2240 ab
763 2211 820 2243 eo
846 2198 922 2256 qui
949 2198 1026 2241 illa
1051 2197 1210 2241 fruitur
1233 2198 1408 2241 visione
1435 2198 1698 2241 aestimetur
1720 2198 1765 2240 in
1792 2210 1846 2242 ea
1872 2211 1972 2242 esse
1998 2197 2195 2256 aliquod

222 2265 414 2318 malum,
443 2264 518 2308 vel
552 2264 738 2325 aliquod
772 2279 828 2309 eo
861 2265 1040 2319 melius,
1074 2280 1179 2309 cum
1214 2265 1330 2308 visio
1366 2265 1487 2309 illius
1523 2279 1733 2309 summae
1764 2266 1967 2308 veritatis
1997 2259 2193 2310 omnem

220 2332 381 2376 falsam
409 2332 777 2376 aestimationem
805 2332 1026 2376 excludat.
1061 2331 1348 2390 Impossibile
1375 2342 1443 2376 est
1467 2332 1604 2390 igitur
1629 2331 1751 2390 quod
1777 2331 2030 2381 substantia
2058 2330 2188 2376 intel-

220 2399 427 2445 lectualis
457 2412 577 2458 quae
606 2399 760 2444 Deum
783 2399 922 2453 videt,
947 2413 1147 2457 unquam
1175 2397 1253 2442 illa
1275 2399 1450 2447 visione
1478 2412 1631 2442 carere
1661 2397 1785 2445 velit.

310 2468 450 2511 Item:
483 2465 712 2510 fastidium
737 2466 928 2523 alicujus
951 2480 1041 2525 quo
1069 2466 1191 2524 prius
1219 2465 1379 2524 aliquis
1406 2465 1733 2509 delectabiliter
1757 2464 1990 2511 fruebatur
2022 2464 2187 2513 accid‘n

220 2544 404 2593 propter
430 2533 520 2577 hoc
548 2533 670 2592 quod
704 2547 774 2576 res
801 2532 879 2576 illa
906 2533 1106 2591 aliquam
1131 2532 1503 2576 immutationem
1535 2532 1644 2576 facit
1668 2532 1716 2575 in
1749 2545 1812 2586 re,
1844 2532 2183 2591 corrumpendo

220 2601 295 2645 vel
327 2600 605 2644 debilitando
641 2602 854 2644 virtutem
895 2600 1049 2658 ipsius,
1084 2610 1128 2643 et
1153 2609 1336 2658 propter
1367 2599 1458 2643 hoc
1490 2599 1609 2643 vires
1642 2598 1892 2653 sensibiles,
1923 2598 2084 2658 quihus
2115 2613 2192 2650 ιε,

222 2668 330 2712 cidit
353 2667 563 2725 fatigatio
586 2667 632 2710 in
659 2667 751 2711 suis
779 2667 952 2711 actibus
979 2676 1164 2726 propter
1185 2666 1557 2710 immutationem
1575 2665 1885 2725 corporalium
1903 2678 2184 2724 organomm

221 2749 246 2779 a
279 2734 581 2787 sensibilibus,
602 2748 627 2777 a
654 2734 814 2793 quibus
841 2734 979 2778 etiam
1006 2734 1044 2778 si
1068 2733 1236 2777 fuerint
1262 2733 1529 2783 excellentia
1550 2743 1924 2793 corrumpuntur,
1949 2733 2185 2780 fastidiunt

219 2811 324 2860 post
349 2801 532 2859 aliquod
565 2810 746 2859 tempus
767 2800 855 2859 frui
877 2814 933 2844 eo
961 2800 1082 2859 quod
1106 2801 1228 2858 prius
1256 2799 1582 2845 delectabiliter
1613 2801 1878 2846 sentiebant.
1911 2801 1969 2845 Et
1997 2811 2185 2861 propter

219 2869 326 2921 hoc,
359 2867 497 2911 etiam
531 2867 576 2910 in
608 2866 921 2925 ingelligendo
947 2866 1177 2911 fastidium
1205 2867 1402 2924 patimur
1424 2876 1527 2925 post
1552 2867 1740 2926 longam
1766 2866 1841 2912 vel
1861 2867 2184 2915 vehementem

220 2935 582 2987 meditationem,
615 2935 720 2993 quia
755 2933 1002 2992 fatigantur
1034 2934 1265 2992 potentiae
1298 2943 1474 2978 utentes
1507 2933 1822 2993 corporalibus
1854 2934 2056 2994 organis,
2078 2934 2181 2979 ‘sine

220 2993 380 3061 quibus
408 3002 712 3046 consideratio
740 3001 995 3045 intellectus
1012 3003 1154 3044 nostri
1183 3000 1405 3059 compleri
1426 3014 1519 3044 non
1546 3011 1710 3058 potest.
1728 3001 1895 3045 Divina
1913 3011 2069 3046 autern
2083 3001 2193 3046 sub·-

221 3070 386 3114 stantia
419 3083 512 3112 non
542 3071 805 3126 corrumpit,
833 3068 910 3111 sed
938 3068 1138 3111 maxime
1165 3067 1339 3126 perficit
1363 3067 1661 3122 intellectum,
1682 3080 1832 3127 neque
1853 3068 1909 3112 ad
1931 3070 2029 3127 eius
2049 3068 2184 3113 visio-

219 3150 326 3180 nem
361 3135 588 3179 concurrit
609 3134 770 3193 aliquis
793 3146 918 3178 actus
937 3134 1012 3193 qui
1029 3149 1109 3192 per
1132 3148 1303 3192 organa
1323 3134 1576 3193 corpora-lia
1596 3145 1872 3180 exerceatur.
1894 3135 2191 3195 Impossibile,

220 3214 287 3247 est
303 3203 451 3261 igitur,
469 3202 591 3261 quod
610 3201 687 3245 illa
704 3201 820 3244 visio
844 3201 1042 3259 aliquem
1063 3200 1272 3254 fastidiat,
1291 3201 1366 3260 qui
1385 3202 1508 3260 prius
1526 3216 1578 3245 ea
1596 3201 1921 3247 delectabiliter
1939 3200 2182 3247 fruebatur.

309 3268 544 3326 Amplius:
572 3268 685 3310 nihii
718 3267 839 3326 quod
868 3280 971 3310 cum
1006 3267 1306 3310 admiratione
1341 3267 1652 3311 consideratur
1678 3277 1829 3325 potest
1852 3279 1952 3312 esse
1983 3266 2183 3312 fasxiflo-

221 3348 338 3387 sum,
365 3335 472 3394 quia
503 3334 721 3392 quamdiu
748 3334 828 3378 sub
867 3333 1167 3378 admiratione
1205 3343 1286 3386 est,
1324 3334 1471 3378 adhuc
1505 3334 1778 3378 desiderium
1813 3343 1983 3379 manet.
2012 3332 2195 3388 Divina»

221 3411 373 3445 autem
400 3402 645 3445 substantia
674 3415 698 3444 a
725 3400 924 3459 qualibet
947 3400 1181 3444 intellectu
1214 3410 1368 3444 creato
1394 3414 1574 3459 semper
1601 3414 1708 3449 cum
1734 3400 2036 3453 admiratione
2061 3400 2181 3446 vide·

219 3478 307 3521 tur,
335 3482 439 3511 cum
466 3467 617 3512 nullus
643 3466 900 3512 intellectus
927 3477 1104 3511 creatus
1131 3480 1232 3512 eam
1262 3467 1634 3526 comprehendat.
1654 3467 2054 3528 Impossibileest
2040 3467 2189 3528 igitur

220 3533 341 3592 quod
373 3535 621 3579 substantia
654 3533 974 3579 intellectualis
996 3534 1124 3577 illam
1150 3533 1376 3578 visionem
1398 3532 1611 3588 fastidiat,
1638 3544 1683 3583 et
1702 3534 1764 3579 ita
1789 3546 1888 3586 non
1905 3542 2056 3594 potest
2074 3547 2175 3581 esse

220 3601 341 3659 quod
368 3614 447 3659 per
472 3602 704 3661 propriam
730 3600 1015 3645 voluntatem
1043 3601 1098 3645 ab
1125 3599 1203 3645 illa
1229 3600 1404 3645 visione
1431 3601 1630 3645 desistat
