2332 3854
839 273 993 312 tumn
1033 272 1109 312 111.
1152 272 1271 312 CAP.
1313 271 1348 310 1.
1965 256 2071 328 287

117 376 313 423 naturali
342 376 436 437 pati
459 389 554 421 non
579 384 769 436 possunt
806 375 1049 430 defectum,
1081 376 1142 420 ita
1168 375 1215 419 in
1241 373 1433 435 propriis
1475 372 1730 419 actionibus
1761 373 1816 419 ab
1843 374 2001 420 ordine
2027 376 2073 421 in

118 443 256 489 finem
279 444 343 488 eis
360 442 675 503 praestitutum
691 456 981 502 nequaquam
998 442 1266 496 exorbitant,
1283 442 1361 487 sed
1379 440 1690 486 indeficienter
1707 441 1919 501 regimini
1940 442 2074 500 primi

118 511 314 570 regentis
339 510 613 565 subduntur;
641 509 758 554 sicut
783 518 887 554 sunt
913 523 1104 569 corpora
1133 509 1364 564 coelestia,
1390 522 1587 568 quorum
1608 518 1761 553 motus
1782 522 1962 568 semper
1982 509 2077 554 uni-

117 575 323 622 formiter
348 577 613 636 procedunt.

118 641 127 654 ‘
207 643 311 688 Alia
336 657 462 697 vero,
485 640 791 702 corruptibilia
817 643 1091 696 exsistentia,
1117 642 1332 687 naturalis
1360 656 1458 687 esse
1484 642 1577 701 pati
1602 650 1794 700 possunt
1824 641 2070 698 defectum,

119 710 198 770 qui
223 720 377 755 tamen
404 725 484 769 per
510 709 692 754 alterius
719 708 975 769 profectum
1003 709 1282 768 completur;
1309 723 1432 763 nam,
1459 723 1551 753 uno
1585 718 1816 768 corrupto,
1847 708 1970 753 aliud
2003 724 2076 769 ge-

121 788 317 821 neratur.
346 778 402 822 Et
427 776 634 822 similiter
658 777 705 820 in
732 776 985 820 actionibus
1022 776 1214 835 propriis
1243 791 1268 820 a
1293 775 1486 820 naturali
1529 775 1688 821 ordine
1726 775 1967 831 deficiunt;
1999 777 2077 836 qui

117 853 271 889 tamen
303 843 504 889 defectus
545 858 625 903 per
660 843 843 902 aliquod
881 843 1055 887 bonum
1083 843 1188 887 inde
1215 843 1487 902 proveniens
1515 853 1847 903 compensatur.
1881 843 1948 888 Ex
1979 858 2071 903 quo

116 920 304 970 apparet
329 910 451 971 quod
490 925 576 955 nec
612 910 690 954 illa
724 924 840 969 quae
877 910 931 953 ab
970 910 1127 954 ordine
1160 910 1293 968 primi
1325 909 1558 968 regiminis
1585 909 1835 954 exorbitare
1860 909 2072 955 videntur

116 987 389 1038 potestatem
415 978 550 1037 primi
576 978 772 1035 regentis
805 977 1027 1030 evadunt;
1049 990 1158 1020 nam
1187 985 1230 1020 et
1245 976 1360 1020 haec
1389 974 1697 1034 corruptibilia
1723 990 1932 1037 corpora,
1954 977 2073 1022 sicut
2099 1024 2107 1029 ,

118 1043 173 1088 ab
198 1044 299 1103 ipso
325 1045 427 1088 Deo
455 1044 638 1088 condita
664 1053 781 1098 sunt,
803 1044 865 1087 ita
891 1043 1103 1101 potestati
1130 1044 1224 1100 ejus
1251 1042 1448 1102 perfecte
1475 1043 1739 1087 subduntur.

205 1110 307 1155 Hoc
323 1110 461 1170 igitur
485 1110 639 1155 divino
663 1109 859 1169 repletus
876 1109 1033 1169 spiritu
1057 1109 1299 1154 Psalmista
1317 1110 1625 1165 considerans,
1642 1119 1691 1155 ut
1715 1110 1848 1156 nobis
1869 1110 2077 1156 divinum

116 1178 323 1238 regimen
349 1179 692 1232 demonstraret,

205 1245 362 1291 Primo
380 1245 590 1290 describit
605 1246 737 1290 nobis
755 1244 889 1304 primi
905 1245 1102 1304 regentis
1120 1243 1472 1304 perfectionem:
1496 1255 1685 1290 naturae
1700 1245 1900 1304 quidem,
1917 1246 1964 1290 in
1978 1247 2071 1292 hoc

116 1312 240 1372 quod
266 1313 401 1357 dicit:
428 1314 543 1358 Deus
552 1329 569 1366 ;
598 1313 848 1371 potestatis,
866 1313 913 1355 in
931 1312 1021 1357 hoc
1041 1312 1163 1370 quod
1191 1313 1320 1356 dicit:
1349 1313 1531 1371 Magnus
1546 1314 1774 1368 Dominus,
1794 1314 1924 1372 quasi
1944 1313 2072 1359 nullo

115 1379 324 1439 indigens
352 1381 407 1424 ad
434 1394 543 1424 suae
559 1380 793 1439 potestatis
821 1378 1034 1423 effectum
1061 1378 1432 1437 producendum3
1461 1379 1756 1433 auctoritatis,
1775 1382 1819 1423 in
1841 1379 1932 1425 hoc
1950 1381 2075 1440 quod

116 1446 250 1492 dicit:
278 1449 365 1494 Rex
390 1462 562 1507 magnus
582 1456 702 1507 super
727 1462 863 1491 omnes
885 1446 988 1501 deos,
1015 1446 1135 1505 quia,
1161 1446 1245 1490 etsi
1278 1446 1368 1490 sint
1393 1446 1525 1490 multi
1541 1456 1768 1505 regentes,
1795 1448 1892 1506 ejus
1917 1457 2074 1493 tamen

116 1513 328 1573 regimini
353 1528 515 1559 omnes
540 1515 815 1568 subduntur;

206 1581 427 1626 Secundo·
449 1591 601 1625 autem
627 1581 758 1625 nobis
786 1579 998 1624 describit
1014 1578 1247 1638 regiminis
1266 1578 1483 1623 modum:
1509 1589 1552 1623 et
1574 1579 1758 1638 quidem
1776 1591 1997 1639 quantum
2016 1581 2074 1627 ad

118 1647 459 1702 intellectualia,
485 1661 616 1707 quae,
643 1649 738 1706 ejus
764 1647 970 1706 regimen
994 1645 1246 1705 sequentia,
1274 1646 1327 1689 ab
1360 1645 1459 1704 ipso
1489 1656 1829 1705 consequuntur
1858 1647 2073 1693 ultimum

118 1714 256 1758 finem
291 1714 368 1774 qui
399 1725 467 1759 est
499 1714 621 1773 ipse3
649 1724 693 1758 et
723 1714 827 1757 ideo
862 1713 992 1757 dicit:
1038 1714 1154 1770 Quia
1186 1727 1270 1756 non
1302 1713 1465 1772 repellet
1495 1714 1706 1758 Dominus
1729 1714 1891 1773 plebem
1921 1729 2072 1768 suam,-

116 1790 335 1840 quantum
362 1795 472 1826 vero
500 1781 555 1824 ad
582 1779 905 1839 corruptibilia,
933 1794 1063 1838 quae,
1090 1779 1269 1824 etiarnsi
1301 1780 1554 1824 exorbitent
1578 1780 1804 1824 interdum
1832 1795 1858 1824 a
1883 1783 2075 1840 propriis

116 1848 383 1903 actionibus,
419 1863 446 1892 a
476 1857 700 1908 potestate
731 1858 885 1892 tamen
913 1847 1046 1906 primi
1073 1841 1271 1904 regentis
1303 1861 1398 1890 non
1432 1846 1754 1902 excluduntur-3
1788 1849 1908 1893 unde
1941 1848 2073 1894 dicit:

121 1915 238 1973 Quia
254 1917 299 1959 in
315 1929 444 1959 manu
461 1918 547 1974 ejus
576 1921 671 1960 sunt
696 1929 833 1959 omnes
848 1915 955 1973 fines
976 1920 1111 1959 terrae
1121 1929 1137 1965 ,·
1168 1923 1389 1972 quantum
1410 1927 1520 1958 vero
1548 1914 1603 1958 ad
1630 1914 1848 1959 coelestia
1866 1929 2075 1975 corpora,

116 1994 232 2041 quae
264 1995 453 2026 ornnem
486 1981 771 2026 altitudinem
796 1991 942 2025 terrae
975 1980 1212 2034 excedunt,
1238 1980 1282 2023 id
1316 1990 1383 2024 est
1414 1980 1776 2039 corruptibilium
1810 1996 2071 2041 corporum,

115 2057 163 2093 et
183 2062 367 2108 semper
391 2059 567 2093 rectum
593 2048 801 2092 ordinem
818 2047 959 2091 divini
984 2047 1218 2106 regiminis
1238 2057 1444 2102 servant;
1470 2048 1588 2092 unde
1606 2047 1737 2092 dicit:
1764 2049 1821 2093 Et
1837 2050 2075 2096 altitudines

117 2117 324 2160 montium
350 2117 432 2175 ipse
455 2117 651 2175 conspicit
659 2131 676 2168 ;

206 2180 365 2227 Tertio
390 2196 499 2226 vero
525 2182 664 2241 ipsius
691 2181 956 2226 universalis
989 2181 1223 2240 regiminis
1250 2182 1476 2225 rationem
1510 2181 1724 2240 assignat,
1751 2182 1858 2241 quia
1882 2197 2072 2229 necesse

115 2259 183 2293 est
213 2259 262 2294 ut
287 2263 342 2294 ea
366 2262 483 2308 quae
510 2263 536 2293 a
560 2249 663 2293 Deo
690 2259 794 2293 sunt
826 2248 1010 2292 condita
1037 2248 1090 2291 ab
1113 2248 1214 2306 ipso
1247 2248 1386 2292 etiarn
1410 2258 1645 2307 regantur;
1673 2259 1717 2293 et
1737 2249 1829 2294 hoc
1859 2259 1928 2295 est
1949 2251 2072 2310 quod

114 2313 246 2361 dicit:
280 2317 495 2373 Quoniam
522 2318 648 2376 ipsius
679 2323 736 2361 est
766 2330 897 2370 mare,
923 2325 1008 2359 etc.

202 2381 328 2435 Quia
353 2396 479 2441 ergo,
511 2382 559 2427 in
590 2383 755 2442 primo,
781 2382 836 2426 de
868 2381 1147 2440 perfectione
1170 2382 1349 2426 divinae
1365 2392 1554 2426 naturae
1581 2383 1812 2442 prosecuti
1837 2397 2009 2438 sumus,
2026 2384 2074 2429 in

4 2443 39 2511 n'
113 2449 317 2496 secundo
344 2459 498 2494 autem
524 2449 580 2494 de
606 2449 886 2509 perfectione
912 2449 1147 2507 potestatis
1171 2449 1326 2508 ipsius,
1354 2449 1604 2493 secundum
1628 2450 1750 2509 quod
1774 2461 1843 2495 est
1865 2452 2074 2495 omnium

21 2522 30 2527 ’“
116 2529 268 2562 rerum
294 2518 543 2576 productor
574 2528 618 2562 et
644 2518 871 2571 dominus,
895 2516 1032 2562 restat
1048 2517 1200 2576 igitur,
1226 2519 1272 2562 in
1289 2517 1379 2561 hoc
1397 2517 1545 2571 tertio,
1569 2518 1783 2576 prosequi
1804 2518 1859 2562 de
1876 2518 2083 2578 perfecta*

117 2585 400 2639 auctoritate,
426 2585 521 2630 sive
548 2585 765 2644 dignitate
791 2584 945 2644 ipsius,
972 2583 1224 2629 secundum
1251 2583 1373 2643 quod
1401 2594 1468 2628 est
1494 2585 1702 2628 omnium
1728 2599 1880 2630 rerum
1903 2585 2004 2631 finis
2027 2596 2072 2631 et

121 2661 284 2696 rector.
302 2651 398 2697 Erit
423 2665 533 2711 ergo
565 2652 655 2696 hoc
683 2651 841 2696 ordine
863 2651 1218 2710 procedendum,
1245 2661 1294 2695 ut
1319 2651 1467 2709 primo
1495 2661 1655 2709 agatur
1687 2651 1742 2695 de
1773 2651 1888 2711 ipso,
1919 2667 2075 2697 secun-

113 2716 223 2762 dum
254 2718 379 2778 quod
421 2728 488 2763 est
531 2732 684 2765 rerum
716 2718 867 2762 omnis
899 2715 1027 2772 finis3
1060 2717 1279 2771 secundo,
1307 2718 1363 2761 de
1389 2718 1611 2777 regimine
1644 2718 1888 2763 universali
1917 2719 2074 2778 ipsius,

114 2786 367 2830 secundum
393 2785 517 2845 quod
544 2799 731 2830 omnem
765 2795 1020 2830 creaturam
1046 2785 1290 2844 gubernat;
1316 2786 1467 2840 tertio,
1499 2786 1555 2830 de
1577 2786 1764 2845 speciali
1793 2787 1934 2846 ipsius
1960 2790 2074 2849 regi-

114 2854 251 2909 mine,
277 2863 413 2916 prout
438 2854 659 2914 gubernat
684 2864 910 2899 creaturas
935 2853 1219 2899 intellectum
1243 2854 1476 2900 habentes.

909 3074 1164 3131 CAPUT
1205 3075 1277 3130 II.

486 3216 646 3262 QUOD
681 3216 836 3256 OMNE
869 3216 1044 3257 AGENS
1077 3218 1209 3256 AGIT
1236 3217 1483 3258 PROPTER
1514 3218 1699 3257 FINEM.

373 3324 428 3381 (Ι.
453 3332 569 3384 part.
602 3333 757 3384 quaest.
789 3327 945 3371 XLIV.
979 3334 1062 3373 art.
1094 3341 1136 3385 4.
1169 3334 1205 3372 et
1235 3328 1338 3372 I-II.
1371 3334 1522 3386 quaest.
1555 3344 1589 3373 1.
1623 3335 1703 3374 art.
1735 3330 1812 3388 2.)-

55 3493 62 3500 ·
209 3440 559 3486 Ostendendum
592 3451 660 3487 est
690 3442 827 3501 igitur
846 3444 994 3503 primo
1021 3445 1142 3504 quod
1170 3459 1308 3489 omne
1335 3459 1475 3504 agens
1503 3446 1547 3490 in
1570 3446 1750 3504 agendo
1772 3446 1964 3493 intendit
1995 3447 2072 3493 ali-

117 3519 254 3566 quem
280 3507 433 3552 finem.

204 3573 257 3620 Iu
282 3573 354 3619 his
380 3575 502 3619 enim
534 3589 650 3634 quae
677 3575 914 3622 manifeste
941 3586 1124 3636 propter
1150 3577 1287 3623 finem
1305 3588 1459 3638 agunt,
1476 3579 1567 3624 hoc
1594 3579 1788 3626 dicimus
1814 3595 1913 3627 esse
1930 3581 2068 3627 finem

44 3674 45 3677 η
76 3647 78 3649 ’
119 3636 319 3699 in-quod
343 3642 486 3687 tendit
510 3642 705 3702 impetus
739 3645 936 3702 agentis3
969 3643 1059 3689 hoc
1087 3645 1210 3689 enim
1234 3644 1486 3704 adipiscens
1513 3646 1674 3693 dicitur
1701 3648 1889 3708 adipisci
1913 3648 2068 3705 finem,

2213 319 2230 338 ἱ
