2332 3854
301 214 399 268 142
967 213 1122 251 LIBER
1161 213 1216 250 11.
1260 213 1381 250 CAP.
1422 213 1575 252 xxm.

381 317 469 362 Per
489 317 580 360 hoc
599 326 752 360 autem
769 326 1031 361 removetur
1052 330 1178 360 error
1204 316 1510 374 quorumdam
1536 316 1934 378 philosophorum,
1951 321 2028 379 qui
2041 319 2252 366 dicebant

291 383 443 428 Deum
470 398 605 442 agere
631 397 711 443 per
741 393 930 428 naturae
955 382 1292 427 necessitatem.
2156 405 2158 408 -

1021 536 1277 597 CAPUT
1319 538 1528 594 XXIV.

661 671 821 718 QUOD
864 671 1005 709 Deus
1047 672 1180 710 AGIT
1222 674 1322 712 PER
1355 673 1501 712 SUAM
1533 675 1879 714 SAPIENTIAM.

379 784 445 828 Ex
462 784 552 827 hoc
577 792 730 826 autem
758 792 944 841 apparet
965 782 1088 841 quod
1114 783 1240 828 Deus
1269 783 1455 830 effectus
1482 800 1590 830 suos
1611 786 1823 844 producit
1846 786 2100 831 secundum
2120 800 2251 832 suam

293 851 576 914 sapientiam.
604 849 830 894 Voluntas
858 850 982 893 enim
1008 850 1064 894 ad
1092 851 1321 909 agendum
1348 867 1403 896 ex
1435 852 1585 911 aliqua
1613 853 1976 912 apprehensione
2015 864 2250 900 movetur:

292 914 466 963 bonum
493 918 616 961 enim
644 917 979 975 apprehensum
1017 928 1085 962 est
1120 919 1350 977 objectum
1375 920 1638 966 voluntatis.
1675 923 1800 966 Deus
1833 931 1988 967 autem
2013 914 2251 982 estagens

289 1001 368 1045 per
393 984 693 1038 voluntatem,
727 994 774 1028 ut
807 993 1043 1028 ostensum
1077 995 1144 1030 est
1181 987 1242 1043 (c.
1275 987 1381 1044 23.).
1422 988 1541 1032 Cum
1573 989 1712 1047 igitur
1737 989 1784 1033 in
1819 989 1923 1033 Deo
1955 1002 2051 1034 non
2075 989 2135 1034 sit
2163 989 2251 1034 nisi

291 1051 611 1098 intellectualis
639 1052 956 1110 apprehensiO,
988 1052 1192 1111 nihilque
1218 1053 1442 1112 intelligat
1466 1055 1553 1099 nisi
1592 1055 1890 1114 intelligendo
1922 1070 1986 1110 se,
2018 1070 2167 1115 quem·
2188 1057 2253 1100 in·

291 1120 496 1178 telligere
524 1129 591 1163 est
616 1119 871 1177 sapientem
899 1133 1012 1173 esse,
1044 1119 1314 1178 relinquitur
1340 1120 1463 1179 quod
1490 1122 1647 1166 omnia
1679 1123 1806 1167 Deus
1833 1122 2088 1167 secundum
2118 1137 2250 1167 suam

290 1186 561 1245 sapientiam
595 1195 819 1243 operatur.
1764 1206 1769 1211 -

378 1254 517 1297 Item:
556 1267 694 1296 omne
728 1267 868 1311 agens
902 1252 998 1311 agit
1033 1253 1118 1297 sibi
1150 1253 1313 1308 simile,
1351 1254 1470 1298 unde
1507 1265 1687 1313 oportet
1725 1256 1847 1315 quod
1880 1256 2133 1300 secundum
2157 1256 2250 1301 hoc

289 1331 394 1379 agat
421 1320 782 1379 unumquodque
810 1334 949 1379 agens
976 1321 1228 1365 secundum
1254 1321 1377 1380 quod
1404 1321 1540 1366 habet
1566 1322 1913 1367 similitudinem
1947 1323 2017 1367 sui
2048 1322 2250 1378 effectus,

287 1390 403 1433 sicut
427 1389 544 1446 ignis
573 1387 780 1432 calefacit
812 1388 1064 1432 secundum
1102 1388 1293 1432 modum
1327 1389 1396 1433 sui
1429 1389 1606 1433 caloris.
1643 1389 1733 1433 Sed
1767 1389 2057 1449 inquolibet
2085 1400 2250 1448 agente

288 1471 367 1513 per
392 1455 692 1508 voluntatem,
714 1455 760 1498 in
787 1465 1008 1513 quantum
1026 1455 1305 1514 hujusmodi,
1333 1465 1398 1499 est
1416 1455 1665 1499 similitudo
1692 1458 1760 1500 sui
1787 1456 1975 1501 effectus
1997 1456 2249 1502 secundum

291 1523 548 1567 intellectus
577 1522 1011 1581 apprehensionem:
1045 1523 1083 1566 si
1107 1522 1228 1565 enim
1247 1523 1500 1566 secundum
1523 1533 1710 1567 naturae
1728 1523 2077 1583 dispositionem
2097 1523 2250 1568 solum

292 1591 459 1634 inesset
485 1590 736 1634 similitudo
756 1589 943 1633 effectus
971 1589 1124 1647 agenti
1140 1589 1414 1643 voluntario,
1431 1603 1525 1633 non
1543 1599 1697 1647 ageret
1722 1591 1809 1635 nisi
1830 1605 1988 1644 unum,
2006 1591 2111 1650 quia
2132 1591 2249 1636 ratio
2312 1621 2320 1628 .

291 1657 509 1701 naturalis
546 1659 677 1700 unius
714 1666 782 1700 est
818 1670 908 1699 una
938 1665 1131 1699 tantum.
1169 1656 1324 1700 Omne
1358 1656 1496 1715 igitur
1526 1671 1667 1715 agens
1698 1657 2009 1702 voluntarium
2040 1658 2251 1717 producit

290 1724 503 1769 effectum
523 1723 773 1786 secundum
791 1723 1018 1767 rationem
1035 1723 1105 1767 sui
1121 1722 1391 1767 intellectus.
1429 1724 1555 1767 Deus
1574 1734 1726 1768 autem
1743 1725 1840 1783 agit
1853 1738 1933 1784 per
1947 1724 2249 1779 voluntatem,

288 1801 335 1835 ut
363 1801 597 1835 ostensum
625 1801 714 1845 est3
741 1790 878 1849 igitur
903 1804 983 1849 per
1014 1790 1284 1848 sapientiam
1310 1789 1381 1833 sui
1406 1790 1664 1835 intellectus
1690 1805 1762 1835 res
1789 1793 1835 1835 in
1861 1804 1962 1836 esse
1987 1791 2235 1851 producit,

378 1859 615 1918 Amplius:
644 1859 896 1902 secundum
923 1857 1261 1916 Philosophum
1287 1858 1334 1900 in
1360 1857 1510 1916 primo
1527 1858 1730 1916 Metaph.
1757 1859 1822 1916 (c.
1844 1858 1924 1915 2.),
1950 1858 2162 1903 ordinare
2183 1873 2251 1904 sa·

286 1926 448 1985 pientis
476 1936 554 1970 est.
580 1925 823 1971 Ordinatio
852 1925 974 1968 enim
999 1924 1258 1982 aliquorum
1284 1924 1382 1967 fieri
1406 1938 1500 1968 non
1526 1935 1690 1983 potest,
1715 1925 1804 1969 nisi
1828 1939 1909 1984 per
1933 1925 2250 1984 cognitionem

285 1993 560 2038 habitudinis
588 2003 633 2036 et
658 1992 967 2051 proportionis
986 1991 1302 2035 ordinatorum
1320 1991 1376 2035 ad
1392 1991 1607 2045 invicem,
1625 2001 1670 2035 et
1686 1991 1739 2035 ad
1771 1991 1940 2050 aliquid
1959 1991 2107 2047 altius,
2125 1993 2249 2052 quod

286 2071 353 2104 est
369 2060 470 2104 finis
498 2074 684 2104 eorum:
712 2059 825 2103 ordo
846 2060 969 2103 enim
997 2059 1256 2118 aliquorum
1275 2059 1330 2101 ad
1355 2059 1554 2103 invicem
1573 2068 1640 2103 est
1655 2069 1841 2118 propter
1861 2059 2071 2104 ordinem
2087 2074 2249 2105 eorum

287 2128 343 2171 ad
378 2127 533 2171 finem.
578 2127 876 2185 Cognoscere
907 2136 1061 2170 autem
1098 2125 1402 2180 habitudines,
1435 2136 1479 2169 et
1515 2127 1863 2185 proportionem
1899 2126 2159 2187 aliquorum
2192 2128 2248 2172 ad

286 2195 499 2247 invicem,
535 2204 602 2238 est
637 2193 779 2238 solius
811 2193 1020 2237 habentis
1056 2192 1364 2237 intellectum:
1397 2192 1598 2251 judicare
1636 2203 1790 2238 autem
1826 2193 1885 2238 de
1914 2193 2138 2254 aliquibus
2169 2209 2250 2254 per

286 2275 473 2306 causam
501 2261 770 2306 altissimam
798 2261 1046 2319 sapientiae
1079 2270 1167 2304 est:
1196 2269 1240 2303 et
1266 2260 1330 2303 sic
1358 2269 1540 2318 oportet
1570 2260 1693 2319 quod
1725 2262 1876 2305 omnis
1910 2261 2138 2307 ordinatio
2168 2275 2249 2322 per

285 2331 555 2390 sapientiam
584 2330 773 2389 alicujus
799 2329 1093 2387 intelligentis
1120 2328 1220 2383 fiat;
1249 2330 1367 2372 unde
1394 2338 1439 2372 et
1459 2328 1506 2371 in
1533 2329 1814 2373 mechanicis
1840 2328 2134 2374 ordinatoresv
2150 2331 2249 2374 arti-

284 2400 510 2451 ficiorum,
537 2398 764 2456 sapientes
781 2397 902 2441 illius
922 2396 1098 2440 artificii
1124 2396 1347 2440 dicuntur.
1365 2395 1456 2440 Res
1473 2405 1627 2440 autem
1654 2409 1816 2441 omnes
1834 2410 1951 2455 quae
1977 2406 2082 2445 sunt
2101 2396 2247 2443 aDeo

284 2466 547 2526 productae,
575 2465 784 2508 ordinem
812 2463 868 2507 ad
894 2463 1093 2507 invicem
1125 2462 1296 2506 habent
1320 2475 1415 2506 non
1448 2462 1694 2516 casualem,
1723 2477 1830 2507 cum
1846 2462 1937 2508 sint
1956 2476 2151 2522 semper,
2172 2463 2250 2509 vel

285 2544 334 2578 ut
357 2535 404 2576 in
425 2531 653 2590 pluribus;
680 2540 724 2576 et
749 2531 814 2575 sic
848 2540 971 2588 patet
996 2529 1120 2588 quod
1146 2530 1271 2573 Deus
1308 2543 1378 2573 res
1414 2529 1461 2572 in
1488 2543 1586 2573 esse
1619 2529 1832 2588 produxit
1866 2543 1944 2575 eas
1976 2530 2246 2577 ordinando.

285 2601 411 2644 Deus
438 2600 574 2658 igitur
600 2613 679 2657 per
705 2612 837 2643 suam
864 2597 1136 2656 sapientiam
1162 2610 1233 2640 res
1264 2596 1311 2639 in
1339 2610 1438 2640 esse
1465 2597 1689 2656 produxit.

374 2666 565 2711 Adhuc:
594 2680 646 2710 ea
674 2679 790 2724 quae
818 2674 921 2709 sunt
947 2679 972 2708 a
998 2663 1247 2716 voluntate,
1273 2662 1349 2707 vel
1373 2673 1479 2707 sunt
1500 2663 1696 2722 agibilia,
1723 2663 1841 2708 sicut
1865 2672 1993 2709 actus
2013 2663 2247 2719 virtutum,

285 2734 362 2793 qui
382 2743 488 2777 sunt
513 2732 817 2791 perfectiones
849 2731 1095 2790 operantis,
1119 2729 1195 2774 vel
1219 2739 1454 2774 transeunt
1479 2730 1524 2774 in
1552 2730 1824 2775 exteriorem
1846 2730 2103 2786 materiam,
2126 2745 2247 2791 quae

285 2800 501 2845 factibilia
527 2800 757 2854 dicuntur;
785 2810 830 2843 et
862 2799 926 2843 sic
949 2807 1071 2857 patet
1097 2796 1219 2856 quod
1245 2811 1316 2840 res
1344 2807 1522 2841 creatae
1548 2807 1653 2841 sunt
1678 2811 1704 2841 a
1728 2797 1831 2842 Deo
1848 2797 1966 2842 sicut
1984 2796 2149 2842 factae.
2167 2797 2248 2843 Fa-

285 2867 507 2911 ctibilium
534 2877 688 2911 autem
724 2867 839 2911 ratio
869 2876 937 2910 est
963 2879 1049 2919 ars,
1082 2865 1198 2908 sicut
1234 2862 1544 2923 Philosophus
1583 2864 1704 2909 dicit.
1744 2864 2086 2924 Comparantur
2108 2865 2247 2925 igitur

285 2948 446 2979 omnes
473 2948 544 2978 res
572 2944 750 2978 creatae
778 2934 832 2978 ad
859 2933 1013 2976 Deum
1040 2932 1157 2977 sicut
1183 2930 1419 2975 artificiata
1445 2931 1501 2974 ad
1525 2931 1760 2977 artificem.
1778 2931 1870 2976 Sed
1891 2930 2051 2977 artifex
2071 2945 2152 2992 per
2172 2946 2246 2978 or-

284 3001 439 3045 dinem
467 3014 576 3045 suae
603 3000 866 3059 sapientiae,
894 3009 938 3043 et
953 2998 1210 3043 intellectus
1233 2997 1469 3042 artificiata
1489 2999 1536 3042 in
1558 3012 1657 3043 esse
1675 2998 1908 3057 producit3
1924 3009 2100 3058 ergoet
2118 3000 2245 3046 Deus

285 3082 449 3112 omnes
477 3077 703 3112 creaturas
732 3080 811 3126 per
836 3067 1045 3111 ordinem
1071 3065 1140 3109 sui
1166 3064 1423 3109 intellectus
1448 3064 1568 3110 facit.

374 3135 476 3178 Hoc
505 3145 658 3178 autem
685 3134 837 3178 divina
864 3135 1132 3177 auctoritate
1169 3131 1487 3193 confirmatur:
1513 3147 1622 3176 narn
1655 3133 1819 3177 dicitur
1846 3132 1943 3191 (Ps.
1971 3132 2093 3178 CIII.
2125 3133 2242 3192 24.):

289 3203 446 3247 Omnia
473 3203 517 3245 in
534 3203 736 3260 sapientia
743 3202 884 3260 fecisti
896 3217 912 3254 ;
943 3210 987 3244 et
1003 3200 1159 3258 (Prov.
1178 3199 1256 3242 111.
1284 3199 1394 3258 19.):
1413 3200 1625 3244 Dominus
1648 3201 1853 3259 sapientia
1859 3200 2064 3259 fundavit
2075 3207 2244 3248 terram.

375 3269 462 3312 Per
488 3269 578 3313 hoc
613 3279 765 3313 autem
792 3268 1044 3312 excluditur
1070 3266 1375 3325 quorumdam
1402 3279 1527 3310 error
1553 3267 1630 3325 qui
1648 3266 1871 3322 dicebant,
1888 3267 2046 3312 omnia
2065 3281 2121 3313 ex
2140 3268 2246 3314 sim·

286 3334 393 3394 plici
412 3335 570 3380 'divina
595 3335 829 3381 voluntate
855 3336 1110 3395 dependere
1138 3332 1306 3391 absque
1332 3332 1483 3392 aliqua
1509 3333 1698 3378 ratione.
2104 3356 2107 3359 >

2309 3727 2332 3790 vivif-0
2329 3676 2332 3684 -
