2332 3854
765 217 921 257 Lmen
958 217 1015 257 11.
1057 218 1177 257 CAP.
1222 216 1446 256 Lxxvm.
1972 218 2081 273 237

118 334 242 381 xquae
273 329 377 365 sunt
400 318 521 364 illius
547 320 741 377 generis,
768 330 811 364 et
836 320 1005 380 aliquid
1040 319 1170 379 quasi
1205 333 1360 379 agens,
1387 318 1509 378 quod
1542 318 1717 363 reducit
1752 318 2002 377 potentiam
2034 318 2082 362 in

117 397 293 440 actum,
318 386 434 431 sicut
463 386 509 429 in
543 385 850 430 artificialibus
883 397 951 431 est
981 401 1053 431 ars
1085 397 1130 431 et
1161 386 1373 440 materia;
1406 385 1485 430 sed
1517 385 1669 430 anima
1701 383 1979 429 intellectiva
2012 395 2080 430 est

27 453 40 492 52³
122 452 348 513 quaedam
374 461 533 496 natura
554 451 600 496 in
622 466 711 510 qua
736 452 962 497 invenitur
984 455 1186 512 potentia
1208 463 1253 498 et
1274 462 1414 507 actus,
1440 466 1581 512 quum
1604 452 1876 510 quandoque
1899 451 1956 495 sit
1979 461 2082 496 actu

122 518 382 578 intelligens
413 529 458 563 et
489 518 763 578 quandoque
795 520 840 562 in
874 523 1094 578 potentia3
1131 530 1199 565 est
1236 520 1387 579 igitur,
1423 519 1469 563 in
1506 529 1666 563 natura
1699 518 1879 562 animae
1910 518 2084 563 intelle-

23 572 64 651 ἐξ
125 584 286 639 ctivae,
312 585 480 644 aliquid
513 585 643 643 quasi
674 585 879 639 materia,
906 587 1028 644 quod
1064 596 1131 631 est
1166 586 1211 630 in
1246 586 1448 645 potentia
1482 584 1538 628 ad
1572 584 1728 629 omnia
1762 582 2082 641 intelligibilia,

49 666 56 669 <
122 651 247 712 quod
273 651 435 696 dicitur
459 651 717 696 intellectus
742 652 983 711 possibiliS,
1010 663 1055 697 et
1081 653 1247 711 aliquid
1274 653 1404 711 quasi
1425 666 1562 697 causa
1586 650 1801 703 efficiens,
1823 650 1946 710 quod
1971 650 2083 695 facit

26 706 51 767 1⁷
123 718 280 763 omnia
306 719 352 762 in
379 729 496 772 actu,
522 728 566 763 et
593 718 754 763 dicitur
780 718 1034 762 intellectus
1061 733 1213 777 agens.
1242 719 1445 777 Uterque
1468 718 1605 778 igitur
1628 717 1903 771 intellectus,
1926 731 2084 762 secun-

123 785 233 831 dum
259 785 698 830 demonstrationem
724 786 998 840 Aristotelis,
1024 795 1092 830 est
1121 786 1167 829 in
1200 796 1361 829 natura
1395 787 1588 843 animae,
1615 795 1659 829 et
1682 793 1778 829 non
1811 783 1980 844 aliquid
2013 798 2081 829 se-

122 861 346 911 paratum,
370 852 623 897 secundum
649 866 761 906 esse,
788 867 813 896 a
841 866 1033 910 corpore
1061 854 1189 910 cujus
1217 852 1370 895 anima
1397 862 1463 896 est
1491 862 1632 896 actus.

210 919 445 978 Amplius:
478 919 747 964 Aristoteles
779 919 888 963 dicit
919 919 1075 978 (tertio
1109 919 1180 963 De
1213 919 1380 973 anima,
1413 930 1442 963 t.
1478 934 1515 964 c.
1548 919 1636 977 18.)
1670 919 1794 978 quod
1824 917 2082 964 intellectus

37 975 41 1000 ³
109 999 263 1045 ,agens
283 996 353 1031 est
376 986 493 1030 sicut
515 986 708 1039 habitus,
736 986 858 1044 quod
886 997 953 1030 est
984 986 1154 1030 lumen.
1182 986 1373 1030 Habitus
1401 995 1555 1030 autern
1581 1000 1675 1030 non
1702 986 1906 1044 signatur
1933 996 1982 1030 ut
2008 985 2084 1030 ali-

122 1052 229 1112 quid
254 1066 335 1111 per
359 1066 407 1097 se
433 1053 664 1106 exsistens,
691 1053 770 1097 sed
797 1052 987 1110 alicujus
1012 1053 1232 1097 habentis.
1258 1052 1365 1096 Non
1394 1062 1462 1096 est
1487 1053 1622 1111 igitur
1648 1051 1906 1097 intellectus
1941 1066 2079 1111 agens

59 1123 65 1131 “
122 1118 273 1180 aliqua
297 1119 547 1164 substantia
573 1120 815 1178 separatim
838 1134 918 1178 per
939 1134 986 1163 se
1009 1119 1241 1173 exsistens,
1259 1119 1338 1163 sed
1362 1128 1428 1163 est
1451 1119 1619 1178 aliquid
1638 1119 1818 1164 animae
1835 1119 2079 1164 humanae.

120 1185 230 1232 Non
255 1196 408 1231 autem
434 1185 699 1245 intelligitur
723 1185 871 1231 littera
897 1185 1154 1230 Aristotelis
1181 1196 1229 1230 ut
1254 1186 1433 1229 habitus
1460 1186 1635 1229 dicatur
1668 1199 1767 1230 esse
1800 1184 1988 1230 effectus
2018 1185 2082 1230 in-

29 1248 31 1250 ’
98 1250 328 1300 ἑτεΙΙεεωε
355 1253 544 1311 agentis,
569 1253 649 1297 sed
675 1263 724 1297 ut
748 1253 806 1297 sit
831 1267 1013 1297 sensus:
1041 1252 1300 1297 Intellectus
1334 1266 1474 1311 agens
1506 1251 1613 1296 facit
1644 1252 1884 1297 hominem
1918 1251 2082 1296 intelli-

121 1332 228 1378 gere
254 1321 424 1376 omnia,
450 1319 570 1379 quod
597 1329 665 1364 est
687 1320 801 1364 sicut
827 1320 1021 1364 habitus.
1050 1320 1175 1363 Haec
1203 1319 1326 1363 enim
1353 1328 1420 1362 est
1445 1318 1654 1363 diffinitio
1676 1319 1872 1373 habitus,
1890 1329 1939 1364 ut
1961 1333 2083 1363 com-

121 1395 348 1434 mentator
373 1387 601 1431 Averroes
625 1386 795 1430 ibidem
829 1387 951 1440 dicit,
977 1387 1098 1445 quod
1125 1386 1297 1430 habens
1329 1385 1536 1430 habitum
1569 1385 1792 1444 intelligat
1822 1399 1902 1445 per
1933 1386 2082 1445 ipsum

23 1446 43 1499 γ’,
120 1452 244 1511 quod
270 1462 337 1497 est
362 1452 447 1497 sibi
471 1454 718 1512 proprium,
745 1467 800 1496 ex
825 1467 887 1508 se,
915 1463 959 1497 et
984 1453 1168 1511 quando
1194 1452 1405 1506 voluerit,
1428 1452 1596 1511 absque
1619 1453 1710 1496 hoc
1733 1453 1855 1512 quod
1882 1453 2084 1512 indigeat

106 1518 167 1565 in
189 1533 245 1563 eo
269 1519 421 1578 aliquo
449 1520 726 1574 extrinseco;
752 1534 962 1578 expresse
990 1520 1114 1564 enirn
1147 1519 1367 1564 assimilat
1397 1519 1573 1563 habitui
1598 1534 1692 1564 non
1718 1520 1869 1579 ipsum
1895 1519 2082 1575 factum,

119 1586 200 1632 sed
223 1586 508 1630 intellectum
534 1600 624 1645 quo
658 1596 727 1630 est
753 1587 910 1630 omnia
944 1586 1110 1631 facere.
1143 1586 1243 1630 Nec
1278 1596 1434 1630 tamen
1469 1585 1821 1644 intelligendum
1856 1597 1923 1631 est
1959 1587 2082 1646 quod

42 1679 44 1686 ν
121 1651 375 1698 intellectus
397 1667 537 1712 agens
564 1655 622 1697 sit
645 1653 826 1697 habitus
851 1667 931 1711 per
957 1653 1147 1697 modum
1182 1667 1273 1712 quo
1306 1652 1487 1696 habitus
1521 1663 1588 1697 est
1618 1654 1665 1696 in
1698 1653 1898 1697 secunda
1930 1653 2082 1713 specie

37 1716 43 1721 “
120 1718 362 1779 qualitatis,
387 1720 638 1765 secundum
655 1719 777 1778 quod
795 1720 979 1778 quidam
1003 1720 1210 1764 dixerunt
1226 1718 1507 1764 intellectum
1528 1729 1743 1778 agentem
1762 1733 1859 1763 esse
1874 1720 2081 1764 habitum

119 1787 468 1846 principiorum;
497 1789 602 1846 quia
627 1787 804 1832 habitus
830 1786 907 1831 ille
934 1787 1262 1846 principiorum
1295 1796 1364 1831 est
1395 1797 1608 1846 acceptus
1642 1801 1668 1830 a
1700 1786 1999 1842 sensibilibus,
2032 1797 2081 1831 ut

120 1853 282 1913 probat
302 1854 570 1898 Aristoteles
593 1854 639 1897 in
661 1854 862 1899 secundo
882 1854 1054 1898 Poster.
1076 1855 1127 1911 (t.
1146 1869 1184 1898 c.
1202 1853 1318 1908 ult.),
1337 1862 1381 1898 et
1396 1854 1460 1898 sic
1484 1863 1664 1913 oportet
1680 1854 1802 1912 quod
1821 1855 1877 1898 sit
1894 1854 2080 1899 effectus

119 1919 375 1965 intellectus
398 1923 587 1979 agentis,
620 1922 747 1979 cujus
780 1930 847 1964 est
878 1920 1210 1979 phantasmata,
1238 1935 1352 1980 quae
1378 1931 1490 1978 sunt
1520 1920 1751 1964 intellecta
1783 1922 1828 1964 in
1861 1922 2079 1980 potentia,

119 1985 270 2032 facere
291 1986 521 2032 intellecta
537 1987 583 2030 in
601 1997 718 2031 actu.
738 1986 828 2030 Sed
846 1987 1065 2046 accipitur
1086 1987 1264 2032 habitus
1282 1987 1531 2032 secundum
1551 1987 1672 2046 quod
1691 1987 1904 2031 dividitur
1921 1998 2080 2033 contra

120 2053 422 2113 privationem
447 2064 493 2098 et
517 2054 782 2113 potentiam,
809 2054 926 2098 sicut
952 2054 1102 2099 omnis
1124 2053 1272 2098 forma
1299 2064 1343 2098 et
1370 2064 1496 2098 actus
1519 2064 1669 2112 potest
1695 2054 1784 2098 dici
1804 2054 2007 2109 habitus;
2035 2066 2080 2100 et

119 2118 210 2165 hoc
238 2130 436 2179 apparet,
462 2123 568 2180 quia
600 2121 709 2166 dicit
738 2121 828 2165 hoc
861 2121 1003 2166 modo
1029 2121 1312 2166 intellectum
1345 2131 1558 2181 agentern
1592 2135 1691 2165 esse
1723 2121 1930 2166 habitum
1961 2122 2080 2166 sicut

118 2186 275 2232 lumen
300 2187 480 2233 habitus
503 2197 584 2232 est.

29 2297 49 2304 ⁷,
206 2254 385 2300 Deinde
410 2254 639 2313 subjungit
664 2254 818 2314 (tertio
846 2256 916 2300 De
943 2256 1109 2309 anima,
1131 2265 1162 2299 t.
1187 2271 1224 2301 c.
1258 2255 1346 2315 19.)
1369 2256 1491 2315 quod
1513 2255 1586 2299 hic
1613 2254 1886 2311 intellectus,
1904 2254 2080 2302 scilicet

38 2336 46 2346 ²
118 2333 274 2382 agens,
288 2332 358 2366 est
373 2332 619 2380 separatus,
636 2333 681 2367 et
697 2322 944 2376 immixtus,
962 2333 1006 2367 et
1022 2323 1325 2382 impassibilis,
1343 2334 1388 2367 et
1405 2323 1651 2367 substantia
1669 2333 1773 2366 actu
1792 2337 1884 2367 ens.
1900 2324 2079 2368 Horum

100 2384 271 2442 ,autem
297 2398 492 2447 quatuor
521 2403 638 2448 quae
665 2389 866 2433 attribuit
890 2389 1141 2434 intellectui
1168 2391 1333 2449 agenti,
1361 2390 1451 2434 duo
1475 2404 1609 2448 supra
1636 2404 1843 2448 expresse
1872 2390 1927 2434 de
1951 2390 2079 2435 intel-

34 2455 46 2507 ξ
98 2453 238 2505 ,lectu
263 2455 466 2515 possibili
493 2456 680 2510 dixerat,
702 2456 874 2501 scilicet
900 2457 1023 2516 quod
1049 2458 1107 2502 sit
1131 2458 1366 2502 immixtus
1393 2468 1437 2502 et
1464 2458 1586 2516 quod
1613 2457 1670 2501 sit
1696 2467 1942 2516 separatus.
1973 2456 2081 2502 Ter-

34 2518 52 2571 3³
116 2521 247 2575 tium,
272 2522 448 2567 scilicet
473 2523 594 2582 quod
626 2523 684 2574 sit
715 2523 1020 2582 impassibilis,
1054 2525 1135 2568 sub
1169 2525 1459 2569 distinctione
1493 2525 1692 2577 dixerat3
1726 2525 1924 2568 ostendit
1956 2525 2079 2569 enim

55 2624 57 2626 .
95 2589 267 2652 {primo
299 2590 351 2648 (t.
385 2603 424 2633 c.
456 2588 499 2634 6.
530 2600 576 2634 et
607 2589 670 2648 7.)
701 2591 823 2649 quod
856 2605 950 2635 non
982 2601 1050 2636 est
1081 2591 1304 2650 passibilis
1339 2592 1455 2636 sicut
1488 2605 1661 2644 sensus,
1699 2601 1743 2635 et
1782 2591 2078 2650 postmodum

50 2685 66 2720 5.
96 2655 171 2717 Q.
198 2669 237 2700 c.
269 2657 357 2714 14.)
383 2657 582 2702 ostendit
605 2658 744 2716 quod,
768 2658 1075 2702 communiter
1101 2659 1369 2718 accipiendo
1387 2659 1496 2718 pati,
1518 2658 1742 2716 passibilis
1770 2668 1850 2712 est,
1873 2659 1918 2701 in
1942 2673 2081 2718 quan-

105 2732 215 2769 ·-tum
241 2723 415 2768 scilicet
431 2733 498 2768 est
522 2724 569 2768 in
595 2724 799 2782 potentia
821 2724 877 2768 ad
893 2724 1210 2783 intelligibilia.
1231 2725 1461 2777 Quartum
1487 2739 1596 2769 vero
1615 2725 1807 2768 omnino
1833 2737 2080 2784 negaverat

37 2787 175 2851 §.⁷,de
197 2789 431 2837 intellectu
457 2790 676 2850 possibili,
702 2791 898 2836 dicendo
926 2791 1047 2850 quod
1072 2802 1166 2835 erat
1191 2791 1237 2834 in
1262 2792 1466 2850 potentia
1489 2791 1544 2835 ad
1566 2790 1881 2850 intelligibilia,
1899 2802 1945 2836 et
1963 2791 2079 2836 nihil

43 2862 62 2869 ”’
89 2855 285 2903 *horum
316 2867 413 2903 erat
449 2869 552 2902 actu
585 2867 688 2902 ante
721 2857 988 2916 intelligere.
1027 2858 1103 2902 Sic
1139 2858 1291 2916 igitur,
1324 2859 1371 2902 in
1408 2858 1584 2902 duobus
1617 2858 1788 2917 primi5‚
1821 2858 2076 2904 intellectus

45 2938 97 2954 ‘³
117 2922 343 2982 possibilis
365 2925 580 2969 convenit
605 2939 711 2969 cum
744 2935 930 2984 agente3
956 2925 1002 2968 in
1029 2925 1177 2979 tertio,
1211 2925 1375 2984 partim
1403 2925 1617 2969 convenit
1642 2935 1687 2968 et
1712 2925 1877 2984 partim
1903 2924 2075 2981 differt3

117 2988 164 3037 in
194 3000 355 3049 quarto
388 3001 557 3045 autem,
582 2992 775 3035 omnino
809 2991 959 3036 differt
990 3006 1129 3050 agens
1157 3006 1182 3035 a
1205 2991 1423 3050 possibili.

205 3056 301 3101 Has
332 3068 525 3116 quatuor
551 3058 836 3102 conditiones
864 3059 1038 3117 agentis
1063 3059 1224 3118 probat
1249 3074 1329 3118 per
1354 3074 1493 3103 unam
1526 3059 1767 3113 rationem,
1799 3059 2075 3118 subjungens

118 3122 170 3179 (t.
196 3137 236 3169 c.
268 3123 380 3183 19.):
416 3140 440 3165 «
463 3124 655 3184 Semper
687 3125 810 3171 enim
845 3125 1163 3170 honorabilius
1195 3136 1263 3170 est
1302 3140 1442 3184 agens
1471 3126 1684 3185 patiente,
1718 3136 1762 3170 et
1802 3125 2073 3185 principium
2147 3137 2150 3139 ·

39 3214 95 3238 ,01
117 3188 314 3247 (scilicet
338 3190 557 3248 activum)
586 3192 776 3236 materia
794 3208 842 3246 »3
875 3206 1010 3250 supra
1047 3193 1167 3236 enim
1197 3194 1250 3250 (t.
1277 3207 1315 3236 c.
1349 3194 1436 3251 17.)
1465 3193 1637 3236 dixerat
1662 3191 1784 3251 quod
1817 3192 2074 3238 intellectus

23 3254 258 3315 ’,ἶ-5438113
285 3267 352 3302 est
383 3259 499 3302 sicut
529 3272 666 3303 causa
697 3257 912 3312 efficiens,
945 3269 990 3303 et
1020 3259 1248 3318 possibilis
1284 3260 1401 3304 sicut
1436 3260 1640 3303 materia.
1677 3260 1766 3304 Per
1797 3260 1886 3304 hoc
1920 3271 2074 3305 autem

21 3322 319 3371 '·f-medium
357 3322 690 3369 concluduntur
723 3325 814 3371 duo
846 3328 994 3384 prima
1026 3327 1110 3371 sic:
1150 3327 1305 3385 Agens
1347 3337 1414 3371 est
1444 3326 1759 3372 honorabilius
1799 3327 1998 3386 patiente
2030 3339 2074 3372 et

88 3391 333 3445 »materia
365 3390 444 3436 sed
469 3390 713 3451 possibilis,
739 3392 817 3451 qui
843 3402 910 3436 est
935 3393 1050 3437 sicut
1072 3393 1246 3451 patiens
1270 3403 1315 3437 et
1337 3393 1540 3447 materia,
1568 3404 1635 3438 est
1655 3404 1887 3453 separatus
1919 3403 1964 3439 et
1993 3394 2074 3438 im-

31 3462 61 3503 ἶ
96 3455 298 3512 futinus,
324 3466 372 3502 ut
397 3471 531 3517 supra
556 3458 618 3515 (c.
651 3456 746 3515 62)
772 3458 1013 3516 probatum
1046 3470 1135 3513 est;
1168 3474 1278 3518 ergo
1305 3459 1452 3504 multo
1485 3460 1631 3519 magis
1654 3474 1807 3519 agens.
1834 3461 1939 3506 Alia
1961 3476 2071 3507 vero

36 3562 54 3580 ἰ
94 3567 99 3569 ,
118 3522 200 3582 per
222 3522 314 3569 hoc
336 3523 538 3568 medium
566 3524 630 3568 sic
658 3523 977 3571 excluduntur.
1005 3527 1199 3602 Agens'
1188 3541 1232 3570 m
1261 3526 1351 3571 hoc
1378 3537 1446 3572 est
1470 3527 1783 3573 honorabilius
1809 3530 2005 3605 patiente
2028 3541 2071 3574 et

91 3589 324 3644 materia,
349 3590 471 3650 quod
499 3600 789 3650 comparatur
814 3591 907 3636 ad
894 3605 1043 3653 ipsum
1066 3592 1183 3637 sicut
1205 3607 1344 3653 agens
1363 3602 1407 3639 et
1428 3603 1531 3640 actu
1555 3608 1634 3640 ens
1660 3594 1716 3639 ad
1733 3595 1906 3656 patiens
1928 3606 1973 3642 et
1990 3611 2069 3642 ens
