2332 3854
317 194 425 245 616
961 208 1116 264 LIBER
1155 204 1226 246 tv.
1270 207 1388 246 cAP.
1430 205 1618 269 xxxxv,

298 309 384 352 sim
411 310 507 366 ipse
533 306 673 363 Deus,
701 309 779 352 sed
803 308 954 353 solum
986 308 1174 352 haberet
1199 303 1351 355 Deum
1383 303 1862 357 inhabitantem.'Hoc
1896 317 2052 352 autem
2078 307 2262 353 homini

297 375 484 420 Christo
519 390 612 419 non
645 376 879 433 competit,
907 375 983 433 qui
1019 376 1074 418 de
1109 389 1156 418 se
1193 375 1303 419 dicit
1328 375 1510 433 (Matth.
1537 374 1615 419 XI.
1643 375 1759 434 29.):
1793 376 1952 420 Discite
1988 389 2014 420 a
2044 390 2125 430 me,
2156 375 2262 434 quia

295 443 406 486 mitis
430 457 521 486 sum
547 448 582 486 et
609 442 776 485 humilis
802 441 934 485 corde.
969 441 1046 484 Est
1073 441 1209 498 igitur
1235 441 1398 485 eadem
1424 452 1619 499 person-a
1643 442 1845 485 hominis
1871 440 1991 485 illius
2018 450 2063 485 et
2087 439 2190 485 Dei.

383 509 644 552 Praeterea:
672 509 787 551 sicut
813 506 979 565 legitur
1005 508 1049 550 in
1079 507 1321 566 Scripturis
1343 508 1465 566 quod
1488 508 1632 552 homo
1655 507 1731 552 ille
1754 516 1820 552 est
1839 504 2076 562 exaltatus,
2094 507 2262 555 dicitur

297 575 418 618 enim
445 575 569 632 (Act.
597 575 651 616 II.
683 575 792 631 33.):
821 574 1007 617 Dextera
1033 574 1117 617 Dei
1148 575 1366 628 exaltatus,
1389 584 1490 628 etc.,
1517 575 1579 618 ita
1605 574 1770 633 legitur
1792 574 1918 633 quod
1939 575 2066 619 Deus
2088 573 2258 621 31001ιί-

293 642 473 684 nanitus
497 640 712 698 (Philipp.
740 640 795 682 11.
820 640 906 696 7.):
934 641 1189 684 Exinanivit
1212 642 1483 700 semetipsum,
1502 651 1586 685 etc.
1612 641 1740 685 Sicut
1761 641 1898 699 igitur
1916 639 2254 699 sublimiacpos-

292 717 397 750 sunt
422 707 511 750 dici
537 707 590 749 de
617 706 805 749 homine
837 705 917 749 illo
944 708 1119 750 ratione
1152 707 1348 760 unionis,
1381 717 1431 750 ut
1457 708 1579 765 quod
1606 708 1663 750 sit
1687 708 1828 762 Deus,
1859 707 1983 766 quod
2014 707 2265 752 resuscitet

291 783 498 817 mortuos
525 784 568 816 et
595 772 683 815 alia
708 772 986 830 hujusmodi,
1004 775 1066 817 ita
1087 773 1143 817 de
1159 774 1262 817 Deo
1285 784 1475 832 possunt
1501 774 1591 817 dici
1617 773 1826 828 humilia,
1843 783 1892 818 ut
1906 773 2031 833 quod
2047 774 2105 819 sit
2120 782 2262 818 natus
2280 783 2283 785 ’

290 839 344 883 de
372 839 575 896 Virgine,
602 853 774 897 passus,
801 848 1009 883 mortuus
1036 849 1080 883 et
1106 839 1322 898 sepultus.

378 906 568 950 Adhuc:
593 905 781 949 relativa
807 916 903 949 tam
930 906 1068 950 verba
1094 921 1232 964 quarn
1258 907 1534 965 pronomina
1565 906 1688 950 idem
1719 907 2004 966 suppositum
2030 904 2253 960 refer-nnn

290 972 397 1015 dicit
423 974 546 1020 enim
572 971 823 1031 Apostolus
850 972 1057 1031 (Coloss.
1090 973 1123 1016 1.
1158 971 1262 1030 16.),
1288 973 1481 1032 loquens
1513 972 1569 1016 de
1601 972 1718 1017 Filio
1743 972 1856 1018 Dei:
1889 973 1951 1018 In
1972 974 2065 1032 ipso·
2085 973 2254 1018 condita

288 1045 380 1082 sunt
411 1040 607 1083 universa
631 1040 676 1082 in
703 1040 837 1094 coelis,
865 1046 901 1083 et
922 1041 966 1083 in
998 1046 1126 1094 terra,
1149 1040 1337 1084 visibilia
1369 1046 1405 1085 et
1435 1040 1669 1084 invisibilia
1680 1055 1696 1092 ;
1725 1048 1770 1083 et
1794 1049 1954 1098 postea
1985 1037 2161 1091 subdit:
2194 1040 2250 1084 Et

288 1108 371 1164 ipse
396 1113 453 1150 est
477 1112 603 1164 caput
628 1108 815 1164 corporis
830 1107 1053 1161 Ecclesiae,
1077 1108 1150 1165 qui
1174 1113 1228 1151 est
1248 1109 1525 1166 principium,
1547 1108 1851 1165 primogenitus
1874 1121 1926 1151 ex
1945 1108 2135 1157 mortui&
2155 1107 2253 1150 Ma·

287 1172 501 1216 nifestum
529 1182 596 1216 est
621 1182 774 1216 autem
802 1174 923 1230 quod
950 1173 1040 1217 hoc
1068 1174 1188 1232 quod
1221 1173 1406 1218 dicitur:
1440 1174 1492 1217 In
1523 1176 1609 1232 ipso
1642 1174 1807 1218 condita
1836 1180 1932 1218 sunt
1953 1171 2167 1230 unitum,
2194 1173 2252 1218 ad
2274 1209 2285 1217 .

287 1238 490 1282 Verbum
516 1239 604 1282 Dei
627 1240 843 1296 pertinet3
870 1240 993 1298 quod
1027 1249 1181 1284 autem
1214 1240 1398 1284 dicitur:
1432 1241 1736 1298 Primogenitus
1766 1254 1815 1284 ex
1846 1240 2055 1294 mortuis,
2070 1238 2251 1285 honuni

289 1304 475 1349 Christo
502 1306 735 1364 competit.
765 1306 840 1349 Sic
867 1307 1003 1365 igitur
1027 1307 1118 1350 Dei
1142 1307 1346 1350 Verbum
1373 1317 1416 1351 et
1442 1307 1588 1350 homo
1613 1305 1823 1351 Christus
1845 1316 1950 1351 sunt
1973 1317 2135 1351 unum
2134 1319 2248 1365 sup-

285 1372 484 1429 positum
511 1382 555 1416 et
576 1387 655 1431 per
681 1387 967 1431 consequens
993 1387 1083 1416 una
1109 1387 1330 1431 persona;
1357 1382 1401 1417 et
1423 1382 1603 1432 oportet
1623 1373 1746 1432 quod
1768 1373 1986 1433 quidquid
2007 1369 2181 1417 dicitm·
2193 1368 2251 1417 de

286 1438 475 1482 homine
501 1439 598 1492 illo,
625 1439 800 1483 dicatur
825 1440 881 1483 de
906 1439 1059 1484 Verbo
1086 1440 1190 1495 Dei,
1217 1450 1263 1484 et
1289 1454 1312 1484 e
1341 1453 1580 1484 converso.

372 1506 510 1549 Item:
535 1505 786 1564 Apostolus
815 1506 924 1550 dicit
950 1507 1004 1564 (Ι
1033 1507 1144 1551 Cor.
1169 1475 1293 1551 VIII.
1320 1505 1405 1563 6):
1443 1508 1558 1551 Unus
1582 1512 1640 1552 est
1659 1507 1875 1551 Dominus
1895 1507 2012 1563 Jaesus
2045 1487 2250 1561 Christus,
2330 1562 2332 1567 Ι

278 1580 358 1630 per
390 1587 508 1630 quem
540 1574 696 1616 omnia.
724 1572 1017 1617 Manifestum
1044 1584 1111 1617 est
1138 1584 1291 1618 autem
1319 1573 1441 1632 quod
1462 1574 1577 1629 Iesus
1602 1572 1808 1627 Christus,
1830 1582 2004 1618 nomen
2025 1567 2150 1617 ifflus
2169 1567 2254 1618 ho-

283 1639 418 1683 minis
444 1653 524 1697 per
549 1653 686 1699 quem
713 1640 884 1693 omnia,
911 1640 1127 1683 convenit
1143 1639 1298 1684 Verbo
1321 1640 1423 1684 Dei.
1449 1640 1525 1683 Sic
1548 1640 1684 1698 igitur
1701 1638 1905 1685 Verbum
1926 1639 2016 1684 Dei
2038 1649 2084 1684 et
2102 1639 2249 1699 homo

280 1705 358 1750 ille
384 1715 486 1749 sunt
513 1720 629 1750 unus
655 1706 902 1760 Dominus,
924 1721 1008 1750 nec
1035 1706 1128 1750 duo
1155 1706 1346 1759 domini,
1362 1720 1448 1750 nec
1467 1706 1558 1749 duo
1585 1705 1680 1759 filii,
1706 1715 1756 1750 ut
1779 1705 2021 1753 Nestorius
2042 1702 2245 1760 diceban

284 1782 328 1816 et
353 1786 407 1816 ex
432 1773 523 1816 hoc
549 1772 735 1816 ulterius
762 1773 962 1831 sequitur
988 1773 1110 1832 quod
1137 1772 1276 1817 Verbi
1301 1773 1390 1817 Dei
1416 1783 1461 1816 et
1486 1772 1688 1816 hominis
1713 1772 1772 1817 sit
1796 1786 1888 1816 una
1913 1783 2161 1832 persona-⁵*

375 1838 424 1882 Si
464 1841 563 1898 qu1s
605 1849 756 1883 autern
789 1839 1029 1897 diligenter
1061 1839 1332 1892 consideret,
1365 1840 1481 1883 haec
1512 1838 1714 1883 Nestorii
1746 1839 1903 1898 opinio
1928 1844 2156 1899 ‘quantam
2190 1838 2247 1883 ad

286 1907 611 1950 incarnationis
645 1906 916 1965 mysterium
956 1920 1118 1964 parum
1155 1905 1303 1949 differt
1339 1906 1392 1949 ab
1428 1906 1644 1964 opinione
1677 1904 1879 1959 photini,
1908 1904 2016 1965 quia
2044 1915 2247 1964 'uterque

283 1972 522 2016 hominem
566 1972 698 2015 illum
738 1973 890 2017 Deum
932 1973 1159 2016 asserebat
1198 1971 1352 2016 solum
1380 1981 1576 2030 propter
1614 1969 1996 2016 inhabitationem
2038 1971 2217 2030 gratiae
2238 1985 2250 2026 ;

282 2039 489 2097 quamvis
516 2039 739 2083 Photinus
766 2039 926 2083 dixerit
952 2040 1073 2098 quod
1100 2038 1177 2083 ille
1203 2039 1349 2082 homo
1382 2052 1557 2082 nomen
1582 2035 1836 2083 divinitatis
1862 2048 1913 2083 et
1938 2037 2149 2097 glorian»
2167 2051 2256 2098 per
2318 2032 2332 2107 T}

280 2107 540 2162 passionem
568 2115 612 2149 et
636 2105 757 2149 bona
783 2120 923 2164 opera
950 2106 1127 2150 meruit.
1156 2105 1396 2150 Nestorius
1417 2115 1571 2148 autem
1594 2104 1835 2149 confessus
1849 2104 2064 2163 estquod
2082 2116 2116 2148 a
2131 2104 2256 2164 prin*
2330 2119 2332 2123 ·

280 2172 399 2230 cipio
425 2186 534 2215 suae
562 2173 875 2231 conceptionis
901 2172 1166 2248 hujusmodi
1192 2186 1364 2215 nomen
1388 2181 1432 2215 et
1458 2171 1656 2230 gloriam
1682 2171 1841 2216 habuit
1870 2178 2056 2231 propter
2084 2170 2249 2230 plenis·
2307 2125 2332 2262 »ᾖ

280 2238 446 2281 simam
468 2238 798 2288 habitationem
820 2238 945 2282 Dei·
935 2253 981 2282 m
1009 2239 1122 2300 ipso.
1144 2238 1280 2283 Circa
1298 2238 1643 2296 generationem
1666 2247 1819 2282 autern
1844 2248 2077 2282 aeternam
2092 2236 2258 2292 Verbi,

281 2303 477 2348 multum
503 2301 794 2359 differebant3
820 2318 929 2348 narn
955 2305 1194 2350 Nestorius
1217 2319 1321 2349 earn
1345 2304 1659 2387 confitebatur,
1677 2304 1903 2349 Photinus
1917 2317 2029 2349 vero
2042 2302 2261 2402 nega’bw
2314 2263 2332 2419 ἦ

283 2385 489 2415 Omssan.

1005 2518 1261 2574 CAPUT
1302 2518 1538 2575 XXXV.

809 2652 1035 2693 CONTRA
1067 2652 1323 2692 ERROREM
1354 2605 1723 2691 EuTYcHET1S.

373 2761 496 2814 Quia
521 2776 646 2822 ergo,
671 2763 788 2807 sicut
813 2762 1124 2821 multipliciter
1150 2773 1385 2807 ostensum
1413 2771 1493 2815 est,
1519 2761 1581 2806 ita
1609 2771 1790 2820 oportet
1811 2759 2080 2820 mysterium
2103 2760 2247 2806 incat—

279 2829 475 2873 nationis
501 2829 694 2888 intelligi
720 2827 845 2888 quod⁴
868 2829 1006 2873 Verbi
1033 2829 1121 2873 Dei
1148 2839 1192 2874 et
1217 2829 1420 2873 hominis
1453 2829 1510 2872 sit
1542 2842 1632 2872 una
1663 2827 1916 2886 eademque
1940 2839 2253 2891 persona-re·

276 2894 492 2954 linquitur
523 2907 677 2940 tamen
710 2896 935 2955 quaedam
973 2897 1094 2939 circa
1124 2896 1257 2953 hujus
1291 2895 1493 2939 veritatis
1526 2894 1940 2941 considerationem
1981 2891 2254 2942 difficultas*

279 2962 501 3006 Naturam
526 2964 648 3007 enirn
671 2964 873 3007 divinam
895 2976 1081 3006 necesse
1099 2972 1166 3012 est
1191 2973 1239 3006 ut
1266 2976 1347 3006 sua
1368 2961 1668 3022 personalitas
1687 2967 2005 3020 consequatur.
2022 2958 2244 3008 Similiter

280 3039 428 3073 autem
452 3030 628 3074 videtur
653 3040 698 3075 et
725 3031 777 3074 de
805 3030 1008 3073 humana
1025 3039 1210 3082 natura3
1234 3043 1342 3072 nam
1360 3042 1497 3072 omne
1516 3028 1639 3087 quod
1656 3026 1887 3072 subsistit
1875 3041 1924 3075 m
1940 3024 2254 3075 intellectuali·
2279 3026 2332 3092 i„

277 3095 351 3139 vel
376 3097 586 3140 rationali
610 3107 769 3142 natura
796 3097 933 3140 habet
959 3096 1185 3140 rationem
1210 3109 1445 3154 personae.
1480 3095 1614 3139 Unde
1645 3108 1739 3139 non
1761 3094 1939 3141 videtu-r
1966 3106 2068 3140 esse
2099 3091 2241 3172 possi·⁷
2290 3107 2326 3155 ³3:

276 3162 365 3206 bile
393 3164 512 3221 quod
540 3164 596 3207 sit
622 3178 710 3207 una
737 3177 932 3221 persona
959 3174 1002 3207 et
1023 3163 1115 3206 sint
1140 3162 1255 3206 duae
1282 3173 1484 3214 naturae,
1513 3161 1666 3207 divina
1690 3170 1736 3206 et
1760 3160 1980 3207 humana.
2205 3178 2235 3207 ι
2251 3160 2331 3216 ''jsj

366 3223 438 3273 Ad
465 3230 597 3288 hujus
625 3240 775 3274 autem
803 3228 1078 3273 difficultatis
1105 3228 1385 3273 solutionem
1418 3228 1586 3272 diversi
1611 3228 1811 3272 diversas
1840 3227 2091 3287 positiones
2122 3235 2255 3279 ω,-
2289 3207 2328 3269 25

277 3294 437 3339 lerunt.
466 3296 694 3355 Eutyches
721 3298 855 3355 (teste
882 3296 1004 3354 Aug.
1029 3295 1107 3341 lib.
1132 3295 1256 3340 haer.
1284 3309 1329 3338 n.
1356 3308 1427 3354 90.
1457 3304 1500 3339 et
1527 3285 2254 3358 Synod.ChaL..nct·.1)m
2291 3292 2320 3358 {s

278 3372 327 3405 ut
352 3363 569 3407 unitatem
597 3378 818 3422 personae
846 3372 1005 3406 contra
1032 3362 1297 3406 Nestorium
1325 3371 1524 3406 servaret
1550 3361 1596 3405 in
1624 3358 2025 3415 Chnsto,dne1tm
2048 3352 2237 3409 Christi>
2290 3362 2317 3444 ἒ

279 3442 375 3472 esse
402 3432 539 3473 etiam
567 3444 702 3473 unam
727 3440 952 3479 naturam
978 3430 1038 3472 ita
1066 3428 1204 3487 quod,
1233 3427 1442 3487 quamvis
1470 3437 1573 3472 ante
1599 3427 1819 3472 unionem
1838 3434 1993 3475 essent
2016 3425 2134 3474 duze
2152 3435 2250 3480 m-
2300 3487 2302 3490 y

277 3505 403 3538 turae
429 3496 679 3549 distinctae,
706 3496 857 3539 divina
884 3506 928 3539 et
954 3495 1206 3548 humana,
1195 3509 1242 3538 m
1270 3495 1440 3538 unione
1461 3504 1617 3539 tamen
1644 3493 1851 3540 coierunt
1875 3493 1924 3541 in
1948 3505 2095 3542 unm
2104 3501 2250 3540 Μαι·

279 3576 401 3616 ram;
428 3573 473 3607 et
497 3563 560 3607 sic
588 3563 767 3607 dicebat
793 3563 965 3608 Christi
991 3576 1233 3620 personam
1261 3575 1315 3606 ex
1341 3561 1515 3606 duabus
1541 3561 1711 3606 naturis
1737 3574 1851 3614 esse,
1875 3567 2154 3608 nouantem
2184 3571 2255 3611 ins
2305 3554 2312 3562 ’
