2332 3854
244 170 344 240 198
903 185 1057 224 LIBER
1097 185 1152 222 11.
1196 184 1317 223 cAP.
1361 184 1511 223 Lvm.

235 302 331 331 non
365 287 619 342 discordat3
652 287 852 345 ponebat
884 290 1006 331 enim
1039 288 1242 331 animam
1268 287 1541 332 rationalem
1568 289 1614 332 in
1629 287 1844 344 ¹cerebro,
1869 288 2130 334 nutritivam
2155 290 2202 334 in

236 356 418 413 hepate,
442 354 845 414 concupiscibilem
863 355 909 398 in
928 355 1079 399 corde.
1107 355 1208 399 Hoc
1232 364 1386 399 autem
1414 364 1599 413 apparet
1625 369 1724 400 esse
1749 355 1915 400 falsum
1942 354 2204 414 dupliciter:

235 422 387 481 primo
421 422 620 480 quidem,
654 422 756 479 quia
792 421 941 479 aliqua
974 435 1075 478 pars
1108 431 1175 464 est
1201 421 1395 476 animae,
1424 435 1540 480 quae
1566 435 1660 466 non
1686 432 1836 481 potest
1862 421 2042 466 attribui
2067 421 2204 473 alicui

236 489 353 547 parti
381 490 600 546 corporis,
634 487 809 532 scilicet
835 487 1108 542 intellectus,
1134 487 1189 531 de
1216 501 1307 546 quo
1334 502 1470 547 supra
1495 489 1556 546 (c.
1587 486 1677 547 56.)
1706 499 1941 533 ostensum
1968 497 2049 544 est,
2081 488 2204 548 quod

236 569 330 599 non
365 565 433 598 est
466 564 591 598 actus
626 554 815 611 alicujus
848 555 985 611 partis
1019 554 1247 612 corporis;
1281 554 1498 610 secundo,
1531 557 1636 613 quia
1663 554 1956 600 manifestum
1983 565 2052 600 est
2081 555 2206 615 quod

237 622 283 665 in
317 622 478 665 eadem
511 631 636 679 parte
671 621 874 677 corporis
909 630 1127 679 apparent
1158 620 1438 666 diversarum
1466 621 1663 680 partium
1691 622 1872 666 animae
1899 622 2206 681 operationes,

239 689 356 732 sicut
371 698 493 746 patet
519 688 565 730 in
593 687 864 730 animalibus
890 701 1007 745 quae
1033 687 1185 731 decisa
1205 688 1375 742 vivunt,
1403 689 1508 747 quia
1534 687 1694 732 eadem
1721 702 1824 747 pars
1850 688 1990 733 habet
2010 698 2206 745 motum,

240 765 284 799 et
314 768 516 807 sensum,
550 763 595 797 et
627 753 877 811 appetitum
910 767 1001 812 quo
1029 763 1290 798 moveatur:
1325 764 1370 799 et
1390 754 1597 803 similiter
1620 754 1781 799 eadem
1807 769 1910 814 pars
1931 754 2207 814 plantaevde-

239 822 332 865 cisa
364 820 571 873 nutritur,
606 829 809 877 augetur,
842 830 887 864 et
919 820 1166 878 germinat3
1201 834 1254 865 ex
1287 835 1378 880 quo
1406 831 1606 880 apparet,
1648 822 1774 880 quod
1814 822 2020 867 diversae
2056 831 2206 881 partes

239 888 418 930 animae
445 887 491 929 in
518 900 608 929 una
635 896 679 929 et
704 886 867 930 eadem
889 897 1015 946 parte
1043 887 1246 946 corporis
1262 888 1364 931 sint.
1391 888 1498 932 Non
1520 888 1656 947 igitur
1674 898 1778 933 sunt
1793 888 1996 948 diversae
2023 889 2205 934 animae

238 956 283 998 in
306 954 453 1006 nobis,
481 953 668 996 diversis
693 953 893 1010 partibus
922 954 1127 1011 corporis
1154 954 1406 998 attributae.

326 1018 561 1078 Amplius:
590 1018 795 1064 diversae
822 1020 941 1064 vires
973 1034 1089 1079 quae
1121 1035 1216 1064 non
1248 1021 1507 1065 radicantur
1538 1022 1584 1065 in
1616 1035 1708 1065 uno
1740 1021 1965 1082 principio
1996 1036 2092 1067 non
2122 1022 2208 1079 im·

236 1086 425 1145 pediunt
451 1100 498 1130 se
523 1085 723 1130 invicem
754 1087 801 1129 in
828 1087 1023 1146 agendo,
1055 1087 1142 1131 nisi
1173 1087 1289 1131 forte
1322 1102 1481 1132 earum
1514 1088 1717 1132 actiones
1750 1098 1902 1133 essent
1933 1089 2203 1144 contrariae,

237 1153 359 1212 quod
397 1153 443 1196 in
480 1153 717 1212 proposito
750 1167 845 1197 non
887 1154 1123 1213 contingit.
1156 1153 1378 1198 Videmus
1411 1165 1564 1199 autem
1597 1154 1720 1213 quod
1758 1154 1964 1200 diversae
2002 1155 2204 1201 actiones

238 1222 417 1263 animae
443 1220 697 1278 impediunt
722 1235 796 1264 se:
825 1235 929 1265 cum
965 1221 1088 1265 enim
1114 1235 1204 1264 una
1237 1231 1305 1265 est
1330 1221 1522 1276 intensa,
1550 1221 1690 1266 altera
1714 1222 1971 1267 remittitur.
2005 1222 2204 1282 Oportet

236 1286 373 1344 igitur
400 1286 522 1345 quod
548 1287 661 1331 istae
689 1287 907 1342 actiones,
927 1297 971 1332 et
987 1287 1105 1333 vires
1133 1302 1248 1347 quae
1272 1298 1376 1332 sunt
1397 1302 1555 1332 earum
1582 1289 1791 1348 proxima
1817 1289 2052 1348 principia,
2078 1289 2207 1334 redu-

238 1363 397 1397 cantur
421 1354 467 1396 in
495 1368 637 1398 unum
664 1354 953 1413 principium.
981 1355 1084 1399 Hoc
1113 1364 1267 1399 autem
1293 1355 1567 1414 principium
1593 1370 1688 1399 non
1714 1365 1864 1415 potest
1889 1370 1989 1401 esse
2015 1370 2207 1416 corpus:

236 1430 335 1464 tum
363 1420 468 1479 quia
495 1420 646 1479 aliqua
670 1421 790 1465 actio
809 1432 877 1466 est
898 1422 943 1465 in
970 1436 1059 1481 qua
1085 1436 1179 1466 non
1206 1423 1521 1466 communicat
1538 1436 1717 1481 corpus,
1735 1421 1908 1467 scilicet
1923 1422 2206 1483 intelligere3

235 1497 334 1530 tum
357 1487 462 1546 quia
487 1487 526 1531 si
550 1488 825 1547 principium
851 1489 1015 1533 harum
1042 1489 1220 1544 virium,
1239 1499 1283 1533 et
1301 1490 1534 1533 actionum
1564 1499 1681 1534 esset
1707 1503 1887 1549 corpus,
1913 1491 1960 1534 in
1986 1500 2207 1550 quantum

235 1554 514 1612 hujusmodi,
547 1555 824 1599 inveniretur
856 1556 902 1600 in
937 1556 1150 1600 omnibus
1184 1557 1475 1614 corporibus:
1511 1556 1634 1616 quod
1660 1566 1783 1616 patet
1814 1570 1912 1601 esse
1943 1555 2128 1604 falsum.
2150 1557 2209 1603 Et

236 1621 301 1665 sic
329 1621 596 1680 relinquitur
627 1622 748 1681 quod
777 1622 834 1667 sit
858 1623 1132 1682 principium
1165 1637 1323 1667 earum
1349 1622 1499 1667 forma
1526 1623 1678 1682 aliqua
1709 1638 1813 1679 una,
1840 1637 1921 1682 per
1945 1638 2083 1684 quam
2104 1623 2206 1681 hoc

238 1702 402 1748 corpus
422 1699 489 1732 est
504 1687 594 1733 tale
614 1703 793 1748 corpus,
813 1704 929 1749 quae
949 1700 1016 1734 est
1034 1690 1199 1734 anima.
1223 1689 1510 1750 Relinquitur
1526 1690 1664 1749 igitur
1681 1690 1803 1750 quod
1822 1704 1984 1735 omnes
2001 1690 2206 1736 actiones
2251 1738 2258 1745 ,

238 1755 418 1800 animae
445 1771 561 1815 quae
588 1766 691 1801 sunt
716 1757 763 1800 in
789 1757 936 1812 nobis,
970 1757 1022 1802 ab
1050 1757 1149 1816 ipsa
1174 1772 1264 1802 una
1290 1757 1565 1817 procedunt:
1595 1767 1637 1802 et
1664 1759 1728 1802 sic
1755 1771 1850 1802 non
1876 1758 2049 1803 suntin
2074 1757 2206 1803 nobis

235 1822 387 1882 plures
414 1823 607 1868 animae.
1754 1872 1763 1880 ‚
2048 1882 2058 1887 ,
2227 1824 2230 1825 ⁷

328 1890 446 1934 Huic
473 1892 611 1934 etiarn
639 1901 863 1935 consonat
880 1891 1002 1949 quod
1021 1891 1183 1934 dicitur
1200 1892 1245 1935 in
1266 1891 1379 1935 libro
1397 1892 1468 1935 De
1487 1890 1734 1936 ecclesiast.
1753 1891 1955 1950 dogmat.
1975 1891 2206 1950 (Gennad.

237 1971 276 2000 c.
305 1957 414 2014 15.):
446 1972 470 1998 <c
491 1957 652 2016 Neque
680 1958 790 2001 duas
818 1960 993 2002 animas
1020 1972 1118 2002 esse
1146 1959 1372 2002 credimus
1393 1958 1439 2001 in
1463 1972 1554 2002 uno
1576 1958 1779 2013 homine,
1797 1958 1913 2002 sicut
1927 1957 2139 2016 Jacobus,
2164 1968 2210 2003 et

237 2023 315 2066 alii
341 2023 564 2082 Syrorum
590 2024 806 2078 scribunt,
826 2039 965 2068 unam
993 2024 1255 2079 animalem,
1284 2039 1372 2084 qua
1399 2026 1625 2085 animatur
1651 2039 1830 2084 corpuS,
1858 2032 1903 2069 et
1927 2025 2136 2070 immixta
2151 2026 2210 2070 sit

236 2090 462 2148 sanguini,
495 2099 539 2135 et
564 2091 756 2135 alteram
773 2091 1070 2151 spiritualem,
1097 2106 1214 2151 quae
1241 2093 1464 2136 rationem
1489 2092 1739 2136 ministrat:
1758 2091 1835 2136 sed
1854 2091 2209 2149 dicimus‘unam

239 2157 542 2216 eamdemque
568 2172 666 2202 esse
693 2158 894 2202 animam
917 2160 962 2202 in
979 2159 1170 2203 homine
1197 2173 1312 2218 quae
1335 2169 1378 2204 et
1401 2173 1565 2219 corpus
1594 2173 1675 2204 sua
1696 2158 1917 2204 societate
1937 2158 2148 2216 vivificet,
2161 2168 2210 2204 et

239 2224 537 2284 semetipsum
563 2239 645 2270 sua
665 2227 842 2271 ratione
868 2225 1080 2286 disponat
1112 2242 1152 2270 >›.
1915 2223 1917 2225 ’

1011 2380 1266 2438 CAPUT
1301 2382 1447 2437 LIX.

632 2509 792 2555 QUOD
834 2509 1213 2548 INTELLECTUS
1254 2509 1545 2547 POSSIBILIS
1588 2508 1818 2550 HOMINIS

737 2583 854 2624 NON
893 2583 994 2622 EST
1035 2584 1376 2623 SUBSTANTIA
1415 2583 1710 2623 SEPARATA.

330 2691 529 2735 Fuerunt
555 2701 709 2736 autem
735 2701 780 2736 et
806 2691 882 2735 alii
909 2692 998 2736 alia
1025 2692 1348 2737 adinventione
1374 2702 1551 2737 utentes
1581 2692 1628 2736 in
1655 2692 1934 2747 sustinendo,
1961 2691 2083 2751 quod
2110 2691 2209 2737 sub-

242 2759 406 2802 stantia
438 2758 755 2804 intellectualis
787 2773 881 2804 non
913 2760 1057 2819 possit
1088 2761 1204 2804 uniri
1239 2760 1421 2819 corpori
1447 2770 1496 2804 ut
1525 2759 1687 2804 forma.
1719 2760 1893 2804 Dicunt
1917 2759 2056 2814 enirn,
2082 2758 2205 2819 quod

241 2825 513 2880 intellectus,
547 2827 684 2870 etiam
717 2840 855 2886 quem
901 2827 1172 2871 Aristoteles
1205 2826 1470 2887 possibilem
1507 2837 1644 2872 vocat
1692 2827 1847 2884 (tertio
1878 2826 1951 2871 De
1973 2820 2152 2882 anima,
2175 2835 2207 2870 t.

242 2907 279 2936 c.
313 2894 387 2950 5.)‚
414 2903 481 2937 est
506 2893 730 2952 quaedem
756 2895 1004 2941 substantia
1027 2905 1249 2953 separata,
1275 2909 1370 2938 non
1398 2895 1641 2952 conjuncta
1663 2893 1794 2938 nobis
1820 2903 1870 2938 ut
1893 2891 2058 2947 forma.

333 2960 389 3004 Et
408 2960 499 3004 hoc
518 2960 790 3004 confirmare
815 2961 1040 3005 nituntur:
1070 2962 1216 3019 primo
1241 2976 1293 3005 ex
1319 2961 1468 3005 verbis
1494 2960 1767 3015 Aristotelis,
1791 2961 1868 3020 qui
1892 2959 2015 3015 dicit,
2037 2959 2094 3005 de
2116 2958 2207 3004 hoc

243 3026 476 3093 intellectu
504 3027 712 3087 loquens,
745 3029 868 3087 quod
902 3039 969 3073 est
994 3039 1242 3087 separatus,
1280 3038 1324 3073 et
1349 3029 1582 3073 immixtus
1619 3028 1814 3088 corpori,
1848 3038 1894 3073 et
1927 3027 2133 3088 simplex,
2165 3036 2210 3072 et

244 3094 557 3154 impassibilis:
582 3109 697 3154 quae
723 3109 816 3139 non
844 3106 1029 3154 possent
1061 3096 1151 3139 dici
1177 3096 1231 3140 de
1256 3110 1326 3150 eo,
1353 3095 1390 3140 si
1418 3105 1535 3139 esset
1560 3094 1710 3139 forma
1737 3094 1956 3154 corporis.

334 3162 475 3207 Item:
502 3176 583 3221 per
608 3163 1048 3207 demonstrationem
1072 3163 1289 3221 ejusdem,
1307 3177 1394 3222 qua
1411 3163 1572 3222 probat
1599 3163 1752 3219 (tertio
1775 3162 1846 3207 De
1873 3161 2040 3216 anima,
2057 3170 2087 3207 t.
2107 3174 2146 3207 c.
2164 3173 2206 3217 4.

245 3238 289 3273 et
315 3228 466 3285 infra),
492 3230 615 3288 quod
648 3230 752 3288 quia
778 3229 1035 3274 intellectus
1062 3229 1287 3288 possibilis
1314 3229 1472 3288 recipit
1500 3243 1662 3274 omnes
1688 3229 1862 3289 species
1887 3242 2039 3274 rerum
2065 3227 2206 3274 sensi-

243 3295 417 3349 bilium,
443 3296 489 3339 in
515 3298 717 3355 potentia
750 3296 805 3340 ad
839 3310 915 3340 eas
948 3298 1180 3351 exsistens,
1208 3306 1389 3355 oportet
1405 3297 1526 3355 quod
1547 3296 1759 3341 omnibus
1786 3305 1952 3350 careat,
1982 3295 2208 3355 sicutpu-

242 3362 352 3421 pilla
380 3377 495 3421 quae
518 3363 677 3422 recipit
703 3378 863 3408 omnes
881 3363 1053 3422 species
1073 3362 1298 3417 colorum,
1317 3373 1440 3408 caret
1457 3363 1585 3408 omni
1604 3363 1784 3408 colore:
1811 3363 1850 3409 si
1876 3362 1999 3408 enim
2019 3361 2209 3407 haberet

243 3431 297 3473 de
325 3444 372 3473 se
400 3430 598 3489 aliquem
625 3430 846 3485 colorem,
879 3430 955 3475 ille
984 3429 1112 3475 color
1137 3430 1399 3489 prohiberet
1414 3431 1557 3475 videri
1584 3431 1697 3475 alios
1724 3429 1918 3485 colores,
1936 3428 2206 3490 quinimmo

242 3496 354 3539 nihil
381 3497 607 3541 videretur
623 3498 710 3541 nisi
735 3498 816 3542 sub
844 3497 923 3542 illo
951 3497 1121 3542 colore.
1149 3497 1205 3542 Et
1230 3497 1436 3542 similiter
1463 3498 1750 3557 contingeret
1774 3497 1829 3542 de
1855 3495 2085 3556 intellectu
2103 3508 2207 3555 pos-

243 3563 374 3617 sibili,
407 3564 442 3607 si
469 3564 655 3609 haberet
677 3564 731 3609 de
758 3579 805 3609 se
833 3564 1032 3625 aliquam
1065 3563 1277 3619 formam,
1310 3578 1389 3610 seu
1422 3575 1632 3610 naturam
1659 3565 1714 3610 de
1741 3563 1877 3610 rebus
1898 3561 2203 3615 sensibilibus.
