2332 3854
785 226 941 267 LIBER
978 226 1036 265 11.
1077 225 1198 266 CAP.
1238 225 1444 264 Lxxxu.
1987 222 2092 280 247

141 330 419 375 contrarium
439 327 618 382 habeat,
638 341 787 387 neque
813 328 870 373 sit
885 341 938 373 ex
956 328 1192 373 contrariis
1216 327 1487 387 composita.
1510 325 1796 385 Relinquitur
1815 326 1952 386 igitur
1971 328 2095 387 quod

141 397 201 442 sit
231 395 422 441 omnino
448 394 814 454 incorruptibilis.

228 462 393 508 Adhuc
419 462 556 506 etiam
582 461 819 506 videbatur
845 461 990 506 redire
1016 460 1222 506 Platonis
1253 461 1384 516 ratio,
1418 474 1506 520 qua
1532 460 1753 520 probabat
1783 474 1971 505 omnem
2005 460 2096 504 ani-

142 543 266 574 mam
292 543 390 574 esse
407 527 732 582 immortalem,
750 528 855 587 quia
872 527 1046 572 scilicet
1072 528 1225 572 anima
1246 538 1313 573 est
1329 541 1520 572 movens
1537 527 1748 587 seipsam.
1768 527 1923 573 Omne
1942 537 2095 572 autem

142 609 333 641 movens
358 596 557 655 seipsum
585 605 764 654 oportet
786 609 885 639 esse
917 594 1203 648 immortale3
1227 608 1392 654 corpus
1419 595 1541 639 enim
1567 608 1662 638 non
1692 594 1885 639 moritur
1907 595 1994 639 nisi
2028 594 2098 638 ab·

141 662 355 708 scedente
382 676 438 707 eo
466 677 491 707 a
523 676 614 722 quo
640 661 934 715 movebatur;
965 661 1087 705 idem
1122 671 1276 706 autem
1313 676 1338 705 a
1365 661 1515 720 seipso
1540 675 1636 706 non
1667 671 1818 720 potest
1849 661 2096 714 discedere,

136 729 258 774 >unde
283 729 486 788 sequitur
515 728 766 773 secundum
792 728 943 785 ipsum
976 728 1099 786 quod
1133 742 1324 772 movens
1359 729 1558 787 seipsum
1589 742 1684 772 non
1712 728 1855 787 possit
1881 729 2014 772 mori.
2041 727 2099 771 Et

139 794 204 840 sic
228 794 567 854 relinquebatur
599 794 720 853 quod
753 795 905 838 anima
932 794 1083 838 omnis
1109 795 1282 838 motiva
1316 804 1435 839 esset
1458 793 1748 848 immortalis,
1779 795 1918 839 etiam
1943 795 2098 838 bruto-

138 875 255 906 rum.
286 862 395 907 Ideo
414 872 566 906 autem
584 862 701 905 hanc
724 861 949 905 rationem
972 861 1018 904 in
1039 861 1160 904 idem
1185 861 1331 905 redire
1354 862 1549 906 diximus
1574 876 1680 907 cum
1697 862 1959 921 praemissa,
1977 862 2097 921 quia,

141 928 559 988 quum,secundum
575 927 781 972 Platonis
806 928 1083 987 positionem
1112 928 1315 984 (decimo
1338 929 1408 972 De
1426 928 1637 987 legibus),
1660 928 1776 973 nihil
1801 939 1987 974 moveat
2008 929 2096 973 nisi

138 1006 333 1052 motum,
358 996 403 1041 id
429 996 550 1055 quod
577 1006 645 1041 est
675 996 875 1055 seipsum
902 1009 1094 1039 movens
1121 1005 1190 1039 est
1215 1009 1294 1054 per
1320 997 1520 1054 seipsum
1546 996 1788 1050 motivum,
1807 1006 1853 1041 et
1872 996 1937 1040 sic
1959 996 2099 1040 habet

138 1062 339 1122 aliquam
366 1063 679 1122 operationem
707 1077 787 1122 per
821 1077 886 1107 se.
908 1063 1015 1107 Non
1051 1062 1202 1106 solum
1231 1072 1383 1107 autern
1415 1063 1462 1106 in
1490 1063 1737 1117 movendo,
1769 1063 1848 1107 sed
1885 1063 2022 1107 etiam
2050 1062 2098 1106 in

63 1119 68 1126 ⁸
137 1130 390 1184 sentiendo,
430 1130 630 1189 ponebat
668 1129 801 1174 Plato
844 1130 912 1187 (in
940 1128 1100 1186 Tim.),
1139 1129 1341 1173 animam
1380 1129 1645 1174 sensitivam
1681 1130 1914 1188 propriam
1941 1136 2098 1189 opera·

134 1196 311 1242 tionem
336 1196 528 1251 habere;
555 1196 734 1241 dicebat
759 1197 882 1241 enim
908 1196 1031 1255 quod
1058 1197 1223 1240 sentire
1250 1206 1318 1240 est
1348 1206 1502 1241 motus
1529 1196 1716 1255 quidam
1741 1197 1882 1254 ipsius
1915 1197 2096 1240 animae

135 1263 384 1318 sentientis,
415 1274 460 1308 et
491 1266 589 1323 ipsa
614 1264 678 1308 sic
705 1274 832 1308 mota
859 1263 1076 1308 movebat
1101 1277 1266 1322 corpus
1293 1263 1349 1307 ad
1376 1264 1690 1319 sentiendum;
1716 1264 1852 1318 unde,
1875 1262 2098 1308 diffiniens

135 1343 334 1386 sensum,
367 1330 547 1375 dicebat
579 1331 701 1390 quod
729 1341 796 1375 est
820 1340 972 1375 motus
1000 1331 1181 1375 animae
1207 1344 1287 1389 per
1313 1345 1512 1391 corpus.-

226 1397 353 1441 Haec
387 1407 541 1442 autem
567 1412 684 1456 quae
710 1398 830 1442 dicta
856 1408 960 1442 sunt
986 1407 1110 1457 patet
1142 1412 1241 1442 esse
1266 1396 1394 1441 falsa.

222 1463 331 1509 Non
357 1465 483 1510 enim
509 1467 676 1509 sentire
703 1475 770 1509 est
795 1479 999 1519 movere,
1025 1465 1104 1509 sed
1127 1464 1276 1522 magis
1301 1464 1503 1519 moveri;
1536 1478 1645 1508 nam
1672 1477 1726 1508 ex
1762 1463 1966 1523 potentia
2002 1477 2101 1508 sen-

133 1529 274 1576 tiente
305 1530 355 1576 fit
387 1531 557 1575 animal
583 1542 685 1576 actu
716 1532 915 1576 sentiens
948 1546 1031 1591 per.
1061 1530 1291 1583 sensibilia
1328 1545 1354 1575 a
1390 1531 1552 1589 quibus
1589 1545 1747 1575 sensus
1784 1532 2096 1586 immutantur.

132 1597 241 1642 Non
268 1607 420 1643 autem
446 1607 596 1658 potest
621 1599 711 1642 dici
743 1598 951 1643 similiter
975 1601 1161 1643 sensum
1194 1597 1287 1657 pati
1320 1611 1346 1641 a
1382 1597 1583 1642 sensibili
1614 1597 1732 1641 sicut
1768 1599 1936 1656 patitur
1965 1597 2097 1642 intel-

133 1662 276 1708 lectus
302 1664 357 1708 ab
382 1664 669 1724 intelligibili,
702 1675 751 1709 ut
775 1665 840 1709 sic
868 1665 1032 1709 sentire
1057 1664 1201 1724 possit
1227 1677 1326 1708 esse
1353 1664 1558 1723 operatio
1593 1664 1773 1708 animae
1805 1664 1974 1723 absque
2001 1677 2098 1708 cor-

132 1744 275 1789 poreo
307 1731 627 1785 instrumento,
654 1731 771 1776 sicut
802 1742 870 1776 est
894 1731 1174 1790 intelligere3
1200 1745 1309 1774 nam
1335 1730 1593 1775 intellectus
1620 1730 1918 1790 apprehendit
1948 1745 2019 1775 res
2050 1731 2098 1774 in

134 1797 436 1843 abstractione
469 1813 495 1842 a
525 1801 718 1843 materia
749 1809 794 1843 et
824 1798 1133 1843 materialibus
1172 1798 1525 1854 conditionibus,
1553 1812 1669 1857 quae
1711 1807 1816 1842 sunt
1850 1797 2099 1841 individua-

131 1863 270 1909 tionis
294 1865 528 1924 principia,
548 1880 645 1910 non
671 1876 825 1910 autem
851 1879 1032 1920 sensus;
1060 1865 1183 1924 quod
1202 1864 1364 1909 exinde
1392 1874 1579 1924 apparet
1604 1865 1709 1923 quia
1735 1879 1894 1909 sensus
1913 1874 1982 1909 est
2001 1879 2097 1922 par-

131 1930 405 1986 ticularium,
430 1932 689 1977 intellectus
709 1947 821 1978 vero
848 1932 1187 1977 universalium.
1216 1932 1351 1975 Unde
1378 1941 1502 1989 patet
1526 1932 1650 1990 quod
1676 1946 1834 1976 sensus
1867 1931 2098 1990 patiuntur

134 2011 160 2041 a
189 1997 323 2043 rebus
347 1999 601 2043 secundum
627 1999 749 2058 quod
775 2009 880 2043 sunt
910 2001 956 2044 in
992 2000 1198 2053 materia,
1225 2013 1319 2043 non
1347 2007 1501 2043 autem
1535 1998 1810 2057 intellectus,
1837 1998 1915 2043 sed
1941 2012 2097 2043 secun-

131 2063 244 2108 dum
268 2065 392 2124 quod
417 2076 522 2111 sunt
546 2066 812 2111 abstractae.
845 2067 1006 2111 Passio
1032 2067 1170 2126 igitur
1193 2065 1451 2111 intellectus
1485 2076 1554 2111 est
1589 2067 1758 2126 absque
1784 2066 1975 2110 materia
2002 2080 2098 2110 cor-

131 2131 292 2189 porali,
322 2146 416 2176 non
450 2142 602 2177 autem
627 2134 777 2192 passio
803 2147 977 2178 sensus.

220 2197 408 2243 Adhuc:
436 2199 602 2244 diversi
617 2214 775 2244 sensus
801 2210 906 2244 sunt
925 2200 1173 2259 perceptivi
1199 2200 1482 2245 diversorum
1508 2199 1804 2255 sensibilium,
1836 2200 1954 2244 sicut
1969 2199 2093 2244 visus

131 2263 356 2319 colorum,
383 2266 560 2310 auditus
583 2281 818 2311 sonorum.
847 2267 973 2311 Haec
1001 2277 1154 2311 autem
1181 2267 1414 2312 diversitas
1447 2266 1685 2311 manifeste
1708 2281 1762 2311 ex
1789 2266 2088 2326 dispositione

129 2344 411 2391 organorum
435 2333 612 2378 diversa
639 2334 887 2392 contingit;
918 2348 1027 2378 nam
1061 2348 1287 2393 organum
1313 2334 1436 2378 visus
1470 2343 1651 2393 oportet
1682 2348 1781 2378 esse
1807 2333 1854 2377 in
1880 2331 2088 2392 potentia

129 2397 187 2443 ad
212 2412 375 2444 omnes
401 2399 596 2454 colores,
629 2414 855 2460 organum
883 2401 1060 2445 auditus
1094 2402 1150 2445 ad
1177 2414 1339 2444 omnes
1366 2414 1521 2445 sonos.
1556 2400 1604 2444 Si
1632 2410 1786 2444 autem
1822 2400 1938 2444 haec
1970 2413 2090 2444 rece-

128 2464 224 2524 ptio
250 2464 378 2510 fieret
409 2466 578 2526 absque
611 2481 788 2526 organo
823 2466 1067 2526 corporali,
1094 2467 1254 2511 eadem
1288 2469 1491 2525 potentia
1518 2477 1636 2512 esset
1667 2468 1876 2511 omnium
1909 2466 2094 2510 sensibi-

127 2530 243 2575 lium
267 2533 544 2592 susceptiva;
570 2548 678 2578 nam
703 2534 846 2578 virtus
872 2533 1188 2579 immaterialis
1206 2548 1254 2578 se
1271 2534 1409 2579 habet
1431 2533 1692 2593 aequaliter,
1719 2542 1940 2593 quantum
1964 2533 2019 2577 de
2042 2546 2090 2577 se

129 2606 211 2652 est,
237 2599 293 2643 ad
319 2613 481 2644 omnes
508 2600 770 2659 hujusmodi
793 2600 1057 2660 qualitates;
1084 2600 1204 2644 unde
1230 2599 1503 2662 intellectus,
1530 2601 1608 2659 qui
1634 2614 1727 2644 non
1750 2600 1888 2645 utitur
1911 2612 2088 2658 organo

128 2665 372 2723 corporali,
398 2666 555 2712 omnia
580 2666 811 2712 sensibilia
844 2667 1100 2726 cognoscit.
1129 2666 1308 2711 Sentire
1340 2667 1477 2726 igitur
1508 2681 1603 2712 non
1633 2667 1684 2711 fit
1717 2667 1886 2726 absque
1913 2679 2089 2725 organo

128 2744 367 2791 corporeo.

215 2797 478 2843 Praeterea:
505 2813 665 2844 sensus
691 2799 996 2859 corrumpitur
1022 2800 1075 2844 ab
1100 2799 1369 2844 excellentia
1395 2799 1695 2854 sensibilium,
1720 2813 1815 2844 non
1842 2809 1994 2844 autem
2023 2800 2086 2843 in-

127 2862 356 2918 tellectus;
387 2865 493 2923 quia
527 2866 605 2923 qui
643 2866 857 2925 intelligit
888 2866 1049 2910 altiora
1080 2866 1438 2925 intelligibilium
1479 2880 1574 2910 non
1616 2867 1766 2911 minus
1798 2867 1965 2925 poterit
2001 2866 2090 2910 alia

127 2929 364 2990 speculari,
396 2931 474 2975 sed
501 2931 661 2989 magis.
687 2930 887 2975 Alterius
913 2933 1048 2988 igitur
1075 2933 1254 2988 generis
1281 2943 1349 2978 est
1370 2933 1521 2992 passio
1549 2947 1707 2978 sensus
1741 2947 1766 2977 a
1799 2933 2016 2988 sensibili,
2043 2942 2089 2978 et

127 2996 383 3043 intellectus
410 2998 464 3042 ab
490 2997 789 3055 intelligibili;
822 2996 1078 3041 intellectus
1105 2995 1291 3054 quidem
1316 3000 1470 3054 passio
1502 2999 1552 3039 fit
1583 3000 1752 3054 absque
1785 3014 1961 3059 organo
1994 3014 2089 3045 cor-

128 3064 302 3123 porali;
327 3065 479 3125 passio
505 3078 616 3109 vero
642 3078 800 3108 sensus
827 3078 934 3108 cum
967 3076 1142 3122 organo
1177 3061 1419 3122 corporali,
1452 3062 1581 3120 cujus
1615 3060 1861 3105 harmonia
1896 3065 2088 3105 solvitur

126 3144 207 3190 per
230 3130 512 3176 sensibilium
544 3130 874 3176 excellentiam.

219 3197 360 3250 Quod
387 3207 540 3243 autem
566 3196 699 3242 Plato
731 3197 841 3241 dixit
873 3195 1077 3254 (decimo
1109 3196 1181 3240 De
1213 3194 1426 3254 legibus),
1454 3194 1657 3238 animam
1689 3207 1789 3238 esse
1821 3202 2086 3238 moventem

128 3262 342 3323 seipsam,
367 3272 541 3309 certum
577 3277 676 3308 esse
708 3263 886 3308 videtur
922 3277 976 3308 ex
1007 3262 1099 3307 hoc
1136 3262 1256 3321 quod
1292 3276 1400 3321 erga
1435 3274 1628 3319 corpora
1659 3269 1860 3319 apparet.
1894 3258 2086 3305 Nullum

128 3331 250 3375 enim
288 3344 453 3390 corpus
494 3330 670 3375 videtur
705 3343 906 3384 movere,
938 3329 1025 3374 nisi
1056 3329 1112 3373 sit
1153 3339 1353 3382 motum;
1390 3326 1509 3371 unde
1544 3326 1676 3371 Plato
1713 3326 1911 3385 ponebat
1946 3340 2085 3371 omne

128 3410 319 3442 movens
344 3397 541 3452 moveri;
568 3406 626 3450 et,
652 3398 757 3455 quia
782 3410 876 3440 non
900 3396 989 3440 itur
1013 3395 1060 3439 in
1085 3394 1310 3438 infinitum
1345 3404 1394 3438 ut
1418 3392 1778 3452 unumquodque
1816 3402 1994 3437 motum
2028 3392 2082 3437 ab

129 3462 220 3508 alio
246 3473 498 3517 moveatur,
530 3462 729 3522 ponebat
758 3463 957 3522 primum
990 3475 1182 3505 movens
1215 3461 1261 3504 in
1293 3473 1572 3519 unoquoque
1609 3459 1767 3504 ordine
1799 3473 1987 3504 movere
2019 3473 2086 3503 se-

127 3528 291 3589 ipsum.
317 3529 374 3575 Et
399 3544 455 3575 ex
478 3529 569 3575 hoc
595 3528 866 3588 sequebatur
891 3528 1108 3582 animam,
1135 3541 1251 3586 quae
1278 3536 1346 3572 est
1366 3525 1565 3586 primurn
1597 3539 1790 3571 movens
1815 3525 1862 3570 in
1882 3525 2081 3570 motibus

131 3594 413 3660 animalium,
439 3609 536 3642 esse
563 3594 732 3654 aliquid
757 3607 948 3640 movens
973 3594 1189 3653 seipsum.
