2332 3854
789 244 943 283 mma
982 242 1054 282 tv.
1095 243 1215 282 CAP.
1249 242 1436 281 xxxw.
1989 227 2091 295 613

143 349 264 397 sunu
291 353 337 389 et
361 342 551 401 (Psalm.
579 342 830 393 LXXXIII.
862 344 976 400 12.):
1003 344 1203 390 Gratiam
1234 350 1273 388 et
1302 343 1483 402 gloriam
1513 341 1628 385 dabit
1650 341 1862 386 Dominus
1871 356 1887 392 ,-
1916 351 1960 385 et
1993 340 2099 385 alibi

145 409 241 468 (Ps.
268 410 478 456 XXXVI.
509 411 619 469 39.):
655 409 777 459 Salus
808 417 943 455 autem
979 413 1191 468 justorum
1223 425 1249 454 a
1282 411 1482 454 Domino,
1517 406 1812 452 Manifestum
1857 417 1923 451 est
1962 407 2098 465 igitur

142 487 266 523 recte
291 477 380 520 dici
406 477 573 529 Deum,
606 475 693 520 Dei
723 475 941 529 Verbum,
976 490 1075 520 esse
1108 491 1291 535 passum
1326 486 1370 520 et
1402 485 1648 520 mortuum.

229 542 489 589 Praeterea:
518 541 814 600 licet.aliquis
840 543 983 587 horno
1011 543 1354 601 participatione
1381 541 1521 586 divini
1548 539 1736 584 dominii
1770 539 1983 584 dominus
2007 540 2097 584 dici

139 609 297 669 possit,
323 608 474 658 nullus
504 609 648 654 hom'o
675 619 828 652 tamen
855 623 1002 667 neque
1030 619 1234 652 creatura
1267 609 1418 666 aliqua
1445 618 1592 666 potest
1625 607 1713 651 dici
1746 606 1976 650 Dominus
2003 606 2098 664 glo-

140 674 258 730 riae3
285 675 390 736 quia
416 675 613 734 gloriam
644 673 819 719 futurae
847 675 1134 719 beatitudinis
1166 674 1291 719 solus
1328 675 1454 719 Deus
1487 688 1539 718 ex
1581 683 1742 717 natura
1779 673 1993 730 possidet,
2021 673 2097 716 alii

140 754 251 790 vero
277 755 355 801 per
382 742 554 789 donum
581 742 776 800 gratiae3
801 741 918 784 unde
945 751 988 785 et
1013 741 1203 798 (Psalm.
1242 741 1408 784 XXIII.
1451 739 1538 795 ιο.)
1562 739 1747 783 dicitur:
1775 740 1987 784 Dominus
1999 741 2097 785 ,vir-

141 813 274 853 tutum
299 811 381 867 ipse
404 815 459 853 est
484 810 571 854 Rex
593 809 765 866 gloriae.
795 807 884 854 Sed
912 808 1163 866 Apostolus
1192 809 1248 866 (Ι.
1283 807 1492 852 Corinth.
1519 807 1573 850 11.
1603 805 1667 863 8.)
1699 806 1808 850 dicit
1838 806 2096 850 Dominum

139 875 314 934 gloriae
346 890 444 921 esse
472 875 761 921 crucifixum:
797 875 843 920 Si
868 877 976 919 enim
1003 877 1295 933 cognovissent,
1327 888 1542 932 nunquam
1567 874 1804 917 Dominum
1824 873 1983 931 gloriae
1998 887 2096 918 cru·

138 943 372 1002 afflixissent.
404 942 524 986 Vere
549 942 685 1000 igitur
716 941 804 987 dici
830 950 979 999 potest
1006 941 1127 999 quod
1156 942 1280 985 Deus
1306 941 1365 985 sit
1391 939 1643 985 crucifixus.

229 1008 417 1057 Adhuc:
451 1008 655 1052 Verbum
691 1008 780 1052 Dei
816 1008 977 1051 dicitur
1003 1008 1089 1051 Dei
1131 1007 1270 1052 Filius
1296 1021 1375 1065 per
1399 1017 1623 1059 naturam,
1661 1015 1709 1051 ut
1741 1020 1795 1050 ex
1827 1005 2095 1064 supradictis

137 1072 199 1133 (c.
236 1087 302 1120 11.
328 1084 375 1120 et
400 1074 489 1131 14.)
521 1084 671 1133 patet3
698 1074 844 1118 homo
870 1083 1038 1127 autem,
1065 1084 1249 1132 propter
1274 1074 1653 1118 inhabitationem
1679 1072 1782 1126 Dei,
1809 1072 1973 1116 dicitur
2004 1072 2094 1116 Dei

136 1139 255 1191 filius
279 1155 360 1200 per
391 1141 584 1200 gratiam
612 1140 882 1199 adoptionis.
917 1141 992 1184 Sic
1015 1140 1151 1198 igitur
1176 1140 1221 1183 in
1248 1140 1456 1184 Domino
1476 1139 1582 1197 Jesu
1611 1139 1812 1192 Christo,
1839 1139 2094 1183 secundum

135 1207 413 1267 positionem
446 1207 740 1266 praedictam,
773 1217 840 1251 est
872 1208 1075 1265 accipere
1098 1217 1338 1264 utrumque
1356 1205 1585 1251 filiationis
1612 1206 1829 1260 modum;
1854 1219 1963 1249 nam
1985 1203 2095 1249 Ver-

134 1274 246 1325 bum
275 1274 532 1319 inhabitans
555 1284 623 1318 est
646 1274 735 1318 Dei
766 1273 905 1317 Filius
937 1287 1016 1332 per
1036 1284 1261 1326 naturam,
1288 1274 1432 1317 homo
1464 1273 1742 1317 inhabitatus
1768 1282 1836 1317 est
1858 1272 1950 1316 Dei
1974 1271 2093 1317 filius

134 1352 216 1399 per
245 1341 439 1400 gratiam
465 1341 736 1399 adoptionis.
760 1341 895 1385 Unde
919 1341 1066 1385 homo
1092 1340 1168 1386 ille
1194 1355 1287 1384 non
1314 1350 1464 1399 potest
1489 1339 1579 1384 dici
1605 1340 1814 1399 proprius
1835 1339 1909 1384 vel
1936 1340 2092 1398 unige-

133 1408 254 1458 nitus
277 1407 368 1457 Dei
398 1407 551 1461 Filius,
581 1407 662 1452 sed
689 1406 839 1452 solum
865 1407 952 1452 Dei
984 1407 1202 1461 Verbum,
1229 1407 1352 1465 quod
1383 1406 1637 1450 secundum
1662 1407 1992 1465 proprietatem
2018 1420 2095 1450 na-

134 1474 323 1525 tivitatis
353 1474 640 1535 singulariter
665 1489 691 1518 a
717 1474 849 1518 Patre
882 1474 1088 1532 genitum
1119 1484 1199 1518 est.
1234 1474 1451 1518 Attribuit
1472 1483 1625 1518 autem
1644 1474 1877 1533 Scriptura
1904 1474 2090 1533 proprio

135 1551 181 1586 et
205 1541 440 1600 unigenito
471 1542 560 1586 Dei
584 1540 700 1586 Filio
727 1541 989 1600 passionem
1022 1549 1066 1584 et
1091 1552 1314 1594 mortem3
1347 1540 1455 1584 dicit
1487 1540 1611 1584 enim
1645 1540 1897 1599 Apostolus
1932 1540 2092 1598 (Rom.

134 1607 258 1652 VIII.
290 1608 400 1666 32.):
429 1608 612 1667 Proprio
641 1608 749 1652 Filio
774 1622 846 1651 suo
867 1622 951 1651 non
976 1609 1173 1666 pepercit,
1198 1606 1265 1651 sed
1289 1614 1370 1664 pro
1397 1607 1514 1650 nobis
1534 1608 1726 1651 omnibus
1752 1607 1926 1652 tradidit
1942 1607 2091 1661 illum5

124 1676 180 1720 'et
205 1674 388 1732 (Joann.
414 1673 492 1718 ΙΙΙ.
526 1671 637 1731 16.):
660 1674 728 1720 Sic
754 1675 869 1718 Deus
894 1673 1036 1718 dilexit
1056 1672 1272 1725 mundum,
1290 1678 1337 1716 ut
1357 1673 1516 1717 Filium
1541 1687 1661 1717 suum
1683 1675 1940 1732 unigenitum
1957 1674 2091 1730 daret,

130 1746 178 1786 ut
202 1741 337 1788 omnis
365 1741 439 1799 qui
458 1740 587 1787 credit
616 1742 662 1784 in
692 1740 811 1784 illum
833 1755 917 1784 non
935 1746 1092 1799 pereat,
1120 1739 1187 1784 sed
1211 1739 1357 1785 habeat
1381 1741 1515 1783 vitam
1546 1746 1776 1785 aeternam.
1798 1739 1856 1784 Et
1880 1741 2002 1799 quod
2029 1741 2093 1785 lo-

132 1810 284 1870 quitur
314 1811 370 1856 de
393 1811 637 1856 traditione
667 1810 725 1855 ad
751 1821 963 1865 mortem,
990 1820 1113 1870 patet
1138 1825 1218 1869 per
1234 1810 1279 1854 id
1307 1810 1429 1868 quod
1446 1810 1619 1854 eadem
1642 1811 1779 1854 verba
1801 1825 1938 1870 supra
1963 1826 2092 1871 prae-

131 1877 333 1932 miserat,
365 1877 421 1923 de
452 1877 568 1923 Filio
603 1877 805 1940 hominis
848 1877 1063 1922 crucifixo
1090 1877 1269 1921 dicens:
1299 1877 1416 1921 Sicut
1446 1877 1606 1935 Moyses
1636 1878 1842 1922 exaltavit
1870 1884 2091 1937 serpentem

130 1945 177 1990 in
206 1943 377 1999 deserto,
399 1945 462 1989 ita
492 1950 652 2004 oportet
675 1944 855 1989 exaltari
881 1945 1040 1989 Filium
1067 1945 1260 1998 hominis,
1292 1950 1340 1988 ut
1364 1945 1498 1988 omnis
1529 1945 1600 2002 qui
1621 1944 1750 1988 credit
1774 1945 1974 2000 inillam,
2006 1961 2091 1990 non

127 2017 286 2071 pereat,
316 2010 383 2056 sed
402 2011 551 2056 habeat
578 2012 715 2056 vitam
741 2017 967 2056 aeternam.
1001 2010 1058 2054 Et
1083 2009 1335 2069 Apostolus
1362 2021 1562 2055 mortem
1591 2010 1759 2055 Christi
1782 2011 2006 2056 indicium
2029 2012 2091 2056 di-

130 2078 263 2123 vinae
289 2076 543 2124 dilectionis
570 2078 626 2122 ad
652 2077 875 2122 mundum
901 2092 1000 2122 esse
1017 2077 1229 2131 ostendit,
1248 2077 1402 2122 dicens
1421 2078 1579 2134 (Rom.
1612 2077 1669 2121 V.
1697 2077 1785 2134 8.):
1815 2077 2091 2124 Commendat

128 2158 248 2189 suam
291 2146 512 2198 *caritatem
541 2145 656 2189 Deus
696 2146 742 2189 in
767 2146 898 2198 nobis,
932 2146 1130 2203 quoniam
1164 2159 1292 2203 quum
1324 2144 1456 2189 adhuc
1489 2146 1653 2189 inimici
1684 2159 1865 2199 essemus,
1901 2146 2090 2192 Christus

123 2217 208 2270 pro
231 2211 351 2258 nobis
371 2216 557 2255 mortuus
580 2217 650 2256 est.
676 2210 819 2255 Recte
842 2210 978 2269 igitur
994 2210 1083 2255 dici
1109 2220 1258 2270 potest
1280 2210 1402 2269 quod
1428 2209 1632 2255 Verbum
1649 2211 1737 2255 Dei
1763 2211 1891 2256 Deus
1911 2212 1969 2257 sit
1990 2227 2089 2273 pas-

70 2329 86 2337 ,
128 2288 205 2323 sus
238 2287 284 2322 et
313 2287 536 2322 mortuus.

167 2363 169 2366 ·
216 2344 359 2405 sltem:
390 2358 446 2389 ex
470 2344 562 2389 hoc
595 2344 758 2389 dicitur
790 2344 951 2404 aliquis
982 2344 1101 2388 filius
1127 2342 1317 2403 alicujus
1358 2344 1530 2398 matris,
1568 2345 1674 2403 quia
1707 2351 1872 2404 corpus
1904 2346 2000 2404 ejus
2032 2359 2087 2390 ex

128 2424 185 2457 ea
213 2412 420 2466 sumitur,
450 2410 560 2457 licet
589 2412 742 2456 anima
767 2425 861 2456 non
887 2422 1092 2457 sumatur
1118 2425 1172 2456 ex
1197 2421 1358 2464 matre,
1383 2411 1462 2455 sed
1490 2411 1543 2454 ab
1567 2411 1782 2455 exteriori
1806 2411 1876 2456 sit.
1906 2412 2086 2471 Corpus

128 2484 283 2523 autem
305 2477 426 2522 illius
457 2478 657 2523 hominis
690 2492 745 2522 ex
775 2478 950 2538 virgine
976 2488 1123 2523 matre
1155 2479 1388 2536 sumptum
1421 2487 1516 2531 est;
1559 2487 1795 2522 ostensum
1833 2488 1902 2523 est
1927 2489 2084 2523 autem

128 2558 293 2604 corpus
317 2543 439 2589 illius
463 2544 665 2589 hominis
691 2559 791 2589 esse
818 2559 983 2602 corpus
1008 2543 1111 2589 Filii
1135 2544 1225 2603 Dei
1255 2543 1486 2598 naturalis,
1512 2543 1558 2587 id
1577 2554 1645 2588 est
1668 2543 1809 2588 Verbi
1834 2544 1939 2590 Dei.
1959 2545 2086 2590 Con·

126 2611 360 2656 venientes
382 2611 519 2670 igitur
544 2611 705 2655 dicitur
731 2610 852 2670 quod
881 2611 1020 2655 Beata
1036 2610 1180 2669 Virgo
1209 2611 1268 2655 sit
1291 2619 1437 2654 mater
1461 2610 1601 2654 Verbi
1632 2610 1735 2664 Dei,
1759 2620 1802 2654 et
1819 2611 1957 2655 etiam
1980 2612 2084 2666 Dei,

126 2676 235 2723 licet
258 2676 468 2722 divinitas
488 2677 628 2722 Verbi
661 2692 687 2721 a
712 2687 857 2722 matre
882 2692 978 2722 non
1003 2688 1231 2732 sumatur3
1264 2691 1358 2721 non
1386 2677 1509 2721 enim
1536 2687 1717 2736 oportet
1742 2679 1863 2736 quod
1879 2677 1998 2723 filius
2014 2679 2086 2724 to-'

126 2753 227 2788 tum
249 2743 369 2802 quod
388 2752 456 2788 est
477 2743 533 2788 de
549 2757 631 2787 sua
651 2743 900 2787 substantia
918 2757 943 2787 a
966 2754 1110 2787 matre
1127 2753 1292 2797 sumat,
1314 2743 1392 2787 sed
1412 2742 1562 2788 solum
1582 2757 1760 2802 corpus.

214 2809 450 2869 Amplius:
484 2809 736 2868 Apostolus
768 2809 876 2853 dicit
902 2809 1075 2867 (Galat.
1098 2809 1176 2854 IV.
1204 2809 1290 2866 4.):
1319 2811 1440 2854 Misit
1458 2811 1571 2854 Deus
1597 2810 1757 2854 Filium
1777 2826 1898 2856 suum
1922 2812 2083 2868 factum

30 2859 55 2896 ³³
126 2890 176 2922 ex
189 2877 386 2928 muliere;
410 2890 464 2920 ex
482 2877 642 2936 quibus
659 2876 806 2921 verbis
824 2877 1075 2920 ostenditur
1091 2876 1283 2935 qualiter
1297 2876 1454 2920 missio
1472 2875 1572 2920 Filii
1589 2876 1678 2921 Dei
1699 2877 1756 2921 sit
1771 2876 2082 2938 intelligenda.

126 2941 340 2988 Eoenim
365 2944 528 2988 dicitur
549 2944 729 3001 missus,
752 2957 843 3002 quo
860 2941 1006 2987 factus
1033 2953 1101 2987 est
1122 2957 1175 2987 ex
1202 2942 1406 2997 muliere,
1440 2943 1561 3002 quod
1588 2944 1771 3002 quidem
1797 2959 1956 2990 verum
1984 2959 2083 2992 esse

37 3010 59 3064 j}
124 3022 220 3054 non
245 3019 411 3069 posset,
441 3010 529 3054 nisi
545 3009 684 3054 Filius
714 3010 804 3054 Dei
826 3020 929 3054 ante
955 3008 1112 3054 fuisset
1138 3023 1276 3068 quam
1309 3009 1453 3054 factus
1486 3019 1604 3054 esset
1636 3024 1690 3054 ex
1716 3010 1932 3066 muliere;
1959 3013 2082 3071 quod

55 3071 57 3073 ’
125 3075 247 3120 enim
273 3075 320 3120 in
345 3076 516 3135 aliquid
548 3077 739 3120 mittitur
763 3077 885 3135 prius
913 3090 1010 3120 esse
1037 3076 1303 3133 intelligitur
1329 3090 1465 3135 quam
1494 3076 1550 3120 sit
1571 3077 1618 3120 in
1645 3090 1702 3121 eo
1734 3077 1781 3120 in
1803 3078 1926 3136 quod
1949 3079 2096 3124 mitti-'

27 3150 55 3189 θ
123 3150 208 3186 tur.
233 3141 323 3187 Sed
348 3142 493 3187 homo
525 3141 602 3187 ille
634 3143 722 3201 qui·
744 3152 809 3187 est
841 3142 957 3186 filius
991 3143 1244 3201 adoptivus,
1277 3143 1529 3187 secundum
1561 3143 1842 3197 Nestorium,
1876 3159 1969 3189 non
1995 3144 2083 3191 fuit

125 3217 370 3268 antequam
400 3219 534 3254 natus
565 3219 684 3254 esset
715 3223 770 3254 ex
801 3209 1004 3253 muliere.
1035 3208 1174 3261 Quod
1198 3223 1308 3266 ergo
1328 3209 1458 3252 dicit:
1478 3210 1598 3253 Misit
1623 3210 1738 3254 Deus
1763 3211 1921 3254 Filium
1941 3227 2080 3267 suum,

38 3283 57 3324 ’,
122 3288 218 3320 non
242 3285 392 3335 potest
421 3274 614 3333 intelligi
645 3276 701 3320 de
733 3275 828 3319 filio
865 3276 1097 3335 adoptivo,
1130 3276 1207 3319 sed
1240 3285 1421 3334 oportet
1452 3277 1575 3335 quod
1607 3276 1885 3333 intelligatur
1907 3278 1963 3322 de
1984 3278 2080 3325 filio

122 3341 332 3396 naturali,
356 3341 403 3386 id
443 3352 511 3386 est
551 3341 606 3386 de
633 3342 736 3386 Deo
763 3342 850 3386 Dei
875 3341 1045 3387 Verbo.
1072 3342 1162 3386 Sed
1204 3356 1257 3386 ex
1289 3342 1379 3387 hoc
1407 3343 1528 3401 quod
1556 3342 1718 3402 aliquis
1748 3342 1894 3388 factus
1921 3355 1989 3389 est
2023 3358 2081 3390 ex

0 3426 3 3437 ⁸
39 3415 47 3454 ³2
121 3406 311 3452 muliere
343 3407 504 3452 dicitur
534 3407 652 3453 filius
683 3407 900 3453 mulieris.
932 3409 1057 3452 Deus
1092 3422 1202 3465 ergo
1235 3408 1325 3452 Dei
1355 3408 1559 3453 Verbum
1595 3419 1663 3454 est
1697 3409 1816 3454 filius
1859 3410 2080 3458 mulieris.

0 3502 2 3512 ›
124 3472 216 3519 Sed
245 3472 363 3519 forte
388 3474 558 3519 diceret
581 3474 742 3533 aliquis
762 3488 857 3520 non
889 3474 1054 3519 debere
1080 3475 1268 3518 verbum
1292 3474 1507 3534 Apostoli
1534 3475 1598 3520 sic
1629 3475 1822 3535 intelligi
1849 3478 1970 3536 quod
1990 3478 2082 3523 Dei

50 3539 63 3547 ’
122 3537 262 3585 Filius
282 3539 344 3585 ad
373 3540 465 3585 hoc
498 3540 556 3585 sit
579 3540 759 3594 missus,
786 3551 834 3586 ut
859 3542 922 3585 sic
954 3539 1099 3585 factus
1132 3555 1185 3585 ex
1217 3540 1423 3597 muliere,
1456 3542 1536 3586 sed
1566 3541 1629 3586 ita
1661 3542 1783 3601 quod
1810 3543 1899 3587 Dei
1924 3543 2079 3600 Filius,

0 3601 2 3675 J
38 3607 57 3659 I„
123 3606 201 3665 qui
233 3616 299 3651 est
328 3605 473 3652 factus
499 3620 552 3651 ex
578 3605 767 3652 muliere
794 3617 837 3652 et
869 3606 949 3652 sub
972 3606 1090 3666 lege,
1124 3607 1178 3651 ad
1211 3607 1300 3652 hoc
1333 3607 1391 3653 sit
1410 3608 1574 3653 missus
1597 3618 1645 3654 ut
1671 3623 1751 3654 eos
1775 3610 1851 3669 qui
1872 3611 1952 3655 sub
1975 3610 2078 3671 lege
