2332 3854
827 226 981 266 unua
1020 225 1098 265 111.
1140 225 1260 265 cAP.
1301 225 1390 264 cv.
1954 228 2059 282 449

879 408 1134 465 CAPUT
1171 408 1289 465 CV.

315 544 466 583 UNDE
500 542 774 583 MAGORUM
806 543 1187 582 OPERATIONES
1220 543 1552 582 EFFICACIAM
1582 540 1856 582 HABEANT-

497 621 510 641 θ
533 620 535 624 “
1784 636 1787 639 Α

194 653 563 712 Investigandum
589 663 740 697 autem
760 651 1024 711 relinquitur
1046 652 1164 697 unde
1183 663 1299 697 artes
1327 653 1532 711 magicae
1560 651 1812 696 efficaciam
1838 652 2059 698 habeant:

105 721 227 780 quod
259 720 442 779 quidem
466 719 599 765 facile
626 719 843 778 perpendi
868 728 1031 778 potest,
1057 720 1094 763 si
1120 720 1284 764 modus
1312 720 1588 778 operationis
1608 734 1765 764 earum
1792 719 2060 779 attendatur.

105 788 157 831 In
182 787 273 831 suis
302 787 423 831 enim
456 787 796 845 operationibus
823 795 1007 830 utuntur
1038 786 1227 830 vocibus
1255 787 1525 845 quibusdam
1558 786 1868 844 significativis
1894 776 1949 832 ad
1977 788 2064 832 de—

101 854 368 898 terminatos
401 852 588 897 effectus
620 851 952 929 producendos.
986 853 1089 897 Vox
1126 862 1294 906 autem,
1321 854 1368 896 in
1395 862 1613 910 quantum
1649 863 1715 896 est
1746 853 2062 912 significativa,

104 933 198 965 non
224 920 362 965 habet
381 920 590 964 virtutem
618 920 703 963 nisi
720 933 773 964 ex
792 919 945 978 aliquo
968 919 1216 973 intellectu,
1243 919 1316 964 vel
1343 934 1396 963 ex
1424 919 1655 963 intellectu
1682 920 1965 978 proferentis,
1988 920 2063 965 vel

61 1021 66 1027 .
105 1000 160 1031 ex
184 986 417 1032 intellectu
444 988 540 1043 ejus
564 986 619 1030 ad
647 1000 780 1044 quem
808 984 1045 1045 profertur.
1074 986 1138 1030 Ex
1161 985 1427 1044 proferentis
1454 986 1635 1044 quidem
1663 986 1912 1040 intellectu,
1945 987 2063 1032 sicut

105 1053 143 1098 si
169 1052 328 1112 aliquis
354 1052 606 1097 intellectus
635 1053 691 1096 sit
716 1062 867 1096 tantae
894 1052 1083 1105 virtutis,
1111 1052 1233 1111 quod
1261 1066 1340 1095 sua
1367 1052 1668 1110 conceptione
1696 1066 1767 1095 res
1793 1055 1933 1111 possit
1961 1067 2064 1098 cau-

105 1134 229 1175 sare;
255 1134 393 1179 quam
419 1120 602 1179 quidem
629 1120 979 1179 conceptionem
1012 1120 1136 1163 vocis
1171 1118 1322 1163 officio
1356 1118 1660 1177 producendis
1694 1118 1928 1163 effectibus
1954 1134 2063 1179 quo·

106 1187 356 1231 dammodo
391 1196 660 1245 praesentat.
693 1186 758 1230 Ex
784 1186 1019 1230 intellectu
1062 1196 1214 1230 autem
1256 1188 1351 1243 ejus
1391 1186 1446 1229 ad
1483 1199 1621 1244 quem
1656 1200 1808 1230 sermo
1843 1187 2062 1245 dirigitur,

105 1254 220 1298 sicut
245 1268 350 1299 cum
382 1268 462 1312 per
492 1254 873 1312 significationem
898 1253 1026 1298 vocis
1058 1253 1103 1296 in
1136 1252 1418 1297 intellectum
1446 1261 1677 1311 receptam
1711 1253 1898 1297 audiens
1932 1254 2061 1297 indu-

104 1321 221 1365 citur
245 1321 300 1364 ad
324 1320 492 1379 aliquid
517 1320 790 1365 faciendum.
817 1321 925 1365 Non
952 1330 1106 1365 autem
1132 1330 1280 1379 potest
1306 1320 1396 1364 dici
1413 1319 1534 1379 quod
1551 1333 1690 1365 voces
1713 1320 1818 1365 illae
1841 1321 2064 1380 significa-

103 1389 222 1432 tivae
254 1401 279 1431 a
312 1388 458 1446 magis
490 1387 693 1445 prolatae
732 1386 982 1431 efficaciam
1021 1388 1216 1431 habeant
1257 1401 1310 1430 ex
1345 1386 1578 1430 intellectu
1615 1385 1897 1445 proferentis.
1942 1389 2064 1433 Cum

103 1456 227 1498 enim
250 1453 390 1498 virtus
417 1454 661 1498 essentiam
689 1465 1006 1513 consequatur,
1032 1454 1207 1498 virtutis
1230 1454 1465 1498 diversitas
1492 1453 1801 1498 essentialium
1818 1455 2065 1514 principio-

103 1535 203 1565 rum
235 1521 540 1566 diversitatem
580 1522 789 1565 ostendit.
827 1521 1088 1565 Intellectus
1126 1531 1278 1565 autem
1315 1521 1621 1564 communiter
1652 1521 1895 1565 hominum
1926 1523 2062 1580 hujus

103 1587 412 1647 dispositionis
426 1588 667 1642 invenitur,
685 1588 807 1647 quod
831 1590 927 1647 ejus
947 1588 1150 1647 cognitio
1178 1603 1231 1632 ex
1258 1588 1390 1632 rebus
1416 1598 1627 1635 causetur
1647 1588 1794 1647 magis
1820 1603 1958 1647 quam
1981 1604 2063 1635 sua

105 1655 405 1714 conceptione
429 1669 501 1699 res
528 1669 714 1699 causare
740 1656 896 1714 possit.
924 1655 974 1699 Si
999 1656 1135 1713 igitur
1161 1657 1248 1699 sint
1276 1655 1414 1714 aliqui
1439 1656 1651 1699 homines
1679 1656 1757 1714 qui
1781 1656 1929 1700 verbis
1958 1670 2062 1701 con-

104 1722 363 1780 ceptionem
389 1722 458 1767 sui
481 1721 738 1766 intellectus
766 1722 1119 1781 exprimentibus
1143 1737 1213 1766 res
1241 1723 1414 1781 possint
1440 1731 1742 1766 transmutare
1768 1723 1950 1781 propria
1972 1723 2060 1768 vir-

104 1797 213 1843 tute,
239 1797 370 1832 erunt
394 1786 577 1833 alterius
604 1789 785 1846 speciei,
812 1798 857 1832 et
882 1789 1088 1833 dicentur
1115 1790 1364 1848 aequivoce
1390 1789 1617 1833 homines.

193 1854 427 1912 Amplius:
452 1854 591 1898 virtus
622 1854 819 1899 faciendi
849 1869 943 1900 non
977 1856 1220 1914 acquiritur
1251 1870 1332 1915 per
1364 1855 1666 1914 disciplinam,
1699 1855 1777 1900 sed
1804 1856 1954 1900 solum
1990 1871 2063 1901 co-

105 1921 251 1980 gnitio
282 1920 452 1981 aliquid
477 1920 685 1966 faciendi.
712 1922 800 1967 Per
825 1922 1112 1981 disciplinam
1141 1933 1294 1967 autern
1327 1923 1467 1982 aliqui
1499 1923 1737 1981 acquirunt
1769 1924 1891 1982 quod
1914 1924 2066 1983 hujus-

105 1988 234 2032 modi
249 1988 539 2048 operationes
558 1988 761 2047 magicas
780 1987 990 2033 efficiant.
1008 1989 1117 2033 Non
1134 1990 1270 2047 igitur
1288 1999 1355 2034 est
1371 1990 1417 2033 in
1436 1989 1500 2033 eis
1523 1990 1578 2033 ad
1595 1990 1862 2048 hujusmodi
1877 1990 2065 2037 effectus

105 2053 424 2114 producendos
444 2055 585 2099 virtus
612 2054 778 2114 aliqua,
808 2056 888 2100 sed
917 2056 1118 2114 cognitio
1145 2055 1256 2101 sola.

194 2121 245 2166 Si
276 2121 375 2181 quis
406 2132 559 2166 autem
591 2121 726 2177 dicat,
759 2123 881 2181 quod
913 2123 1177 2181 hujusmodi
1213 2123 1423 2167 homines
1459 2137 1483 2166 a
1516 2137 1598 2166 sua
1627 2123 1860 2168 nativitate
1895 2139 1948 2169 ex
1981 2125 2065 2169 vir-

103 2198 199 2234 tute
229 2187 466 2233 stellarum
498 2188 745 2232 sortiuntur
770 2202 877 2247 prae
910 2189 1073 2233 ceteris
1107 2190 1318 2234 virtutem
1350 2190 1645 2248 praedictam,
1677 2190 1740 2234 ita
1772 2193 1895 2250 quod
1928 2207 2064 2251 quan-

102 2265 400 2315 tumcumque
428 2255 504 2299 alii
529 2255 806 2299 instruantur
836 2256 915 2314 qui
949 2256 1040 2299 hoc
1074 2270 1128 2300 ex
1163 2256 1397 2301 nativitate
1430 2271 1523 2300 non
1556 2257 1739 2311 habent,
1773 2258 1984 2304 efficaces
2016 2261 2062 2304 in

102 2322 368 2381 hujusmodi
388 2322 600 2381 operibus
618 2336 718 2365 esse
734 2336 829 2366 non
845 2332 1058 2387 possunt:
1085 2323 1234 2398 primo
1253 2323 1437 2381 quidem
1457 2323 1702 2367 dicendum
1719 2334 1800 2378 est,
1827 2326 1950 2384 quod
1969 2341 2066 2371 cor-

103 2403 215 2448 pora
241 2387 457 2433 coelestia
488 2402 622 2447 super
652 2388 931 2432 intellectum
966 2389 1230 2447 imprimere
1261 2403 1356 2432 non
1389 2399 1593 2448 possunt,
1625 2401 1674 2434 ut
1706 2405 1840 2450 supra
1873 2393 1934 2451 (c.
1969 2393 2063 2450 84.)

103 2466 336 2501 ostensum
363 2465 442 2499 est.
464 2455 599 2499 Non
587 2455 723 2527 igitur
740 2469 794 2499 ex
818 2456 982 2499 virtute
1009 2455 1243 2500 stellarum
1261 2456 1412 2500 sortiri
1427 2466 1575 2515 potest
1595 2456 1853 2502 intellectus
1872 2459 2063 2518 alicujus

103 2523 223 2568 hanc
255 2523 483 2576 virtutem,
501 2522 624 2581 quod
650 2522 1005 2590 repraesentatio
1031 2537 1140 2567 suae
1167 2524 1480 2583 conceptionis
1508 2538 1589 2582 per
1610 2539 1776 2569 vocem
1800 2526 1854 2570 sit
1872 2526 2063 2586 alicujus

105 2588 330 2634 effectiva.·

195 2656 243 2700 Si
284 2666 437 2700 autern
479 2655 670 2709 dicatur,
701 2656 824 2716 quod
857 2657 996 2700 etiarn
1028 2657 1296 2715 imaginatio
1330 2657 1497 2716 aliquid
1530 2659 1575 2701 in
1602 2658 1860 2716 prolatione
1891 2675 2062 2705 vocum

105 2721 507 2782 significativarum
535 2731 760 2781 operatur,
793 2736 926 2781 super
943 2737 1082 2781 quam
1107 2734 1298 2782 possunt
1324 2738 1516 2782 corpora
1544 2725 1759 2769 coelestia
1784 2727 2063 2786 imprimere,

108 2802 214 2833 cum
245 2788 509 2846 hujusmodi
535 2789 739 2847 operatio
773 2789 830 2833 sit
861 2803 941 2848 per
978 2803 1205 2848 organum
1237 2791 1501 2849 corporale;
1537 2792 1628 2835 hoc
1661 2806 1755 2836 non
1788 2804 1938 2853 potest
1963 2809 2063 2841 esse

106 2865 326 2915 quantum
362 2855 417 2899 ad
455 2868 616 2899 omnes
649 2855 834 2899 effectus
872 2856 949 2914 qui
980 2869 1060 2915 per
1091 2857 1356 2914 hujusmodi
1392 2868 1509 2902 artes
1553 2857 1686 2902 fiunt:
1726 2870 1962 2905 ostensum
1996 2873 2065 2907 est

106 2922 229 2966 enim
254 2922 378 2981 quod
393 2935 487 2966 non
513 2931 703 2980 possunt
729 2936 888 2966 omnes
904 2922 1170 2981 hujusmodi
1196 2923 1381 2968 effectus
1407 2925 1570 2969 virtute
1597 2924 1831 2970 stellarum
1857 2928 2062 2987 produci.

106 2988 228 3047 Ergo
244 3000 392 3048 neque
409 3002 462 3032 ex
478 2988 640 3032 virtute
658 2988 890 3033 stellarum
911 2988 1071 3048 aliquis
1089 2990 1239 3034 sortiri
1256 3000 1403 3049 potest
1419 2991 1539 3035 hanc
1556 2991 1785 3047 virtutem,
1803 3003 1852 3038 ut
1874 2995 2064 3040 eosdem

106 3055 291 3100 effectus
316 3055 550 3115 producat.

195 3122 479 3182 Relinquitur
510 3122 647 3180 igitur
671 3122 793 3182 quod
819 3123 1083 3182 hujusmodi
1110 3123 1295 3168 effectus
1324 3124 1641 3185 compleantur
1667 3141 1746 3186 per
1772 3126 1973 3188 aliquem
1999 3129 2066 3173 in-

104 3189 354 3244 tellectum,
387 3189 443 3233 ad
477 3203 614 3248 quem
646 3203 797 3234 sermo
824 3189 1094 3248 proferentis
1120 3191 1383 3249 hujusmodi
1415 3205 1552 3236 voces
1586 3193 1806 3252 dirigitur.

194 3257 338 3315 Hujus
379 3266 532 3300 autem
573 3252 760 3314 signum
789 3267 869 3310 est,
910 3271 1018 3300 nam
1056 3257 1319 3315 hujusmodi
1351 3258 1678 3317 significativae
1716 3274 1867 3315 voces,
1901 3262 2063 3321 quibus

107 3323 232 3383 magi
258 3333 455 3376 utuntur,
477 3321 791 3367 invocationes
813 3334 930 3377 sunt,
957 3323 1327 3383 supplicationes,
1360 3326 1679 3384 adiurationes,
1708 3338 1784 3372 aut
1816 3328 1956 3373 etiam
1983 3330 2063 3374 im-

106 3390 229 3450 peria
261 3390 389 3449 quasi
416 3390 471 3433 ad
500 3389 692 3433 alterum
718 3389 1036 3450 colloquentis.

194 3458 334 3501 Item:
367 3457 413 3500 in
440 3456 831 3501 observationibus
856 3457 990 3515 hujus
1017 3458 1122 3502 artis
1155 3468 1341 3502 utuntur
1372 3459 1641 3518 quibusdam
1676 3461 1992 3519 caracteribus,
2020 3472 2064 3507 et

107 3523 261 3583 figuris
287 3523 611 3569 determinatis.
631 3523 796 3581 Figura
819 3533 972 3569 autem
998 3524 1165 3569 nullius
1193 3525 1384 3570 actionis
1404 3526 1675 3585 principium
1699 3537 1780 3581 est,
1801 3542 1950 3588 neque
1968 3544 2064 3589 pas-

107 3590 272 3646 sionis;
299 3589 408 3636 alias
441 3590 766 3635 mathematica
793 3604 986 3650 corpora
1011 3602 1161 3638 essent
1191 3592 1339 3637 activa
1371 3601 1414 3638 et
1436 3593 1628 3652 passiva.
1652 3593 1759 3639 Non
1779 3609 1889 3655 ergo
1912 3607 2063 3656 potest

240 3693 287 3729 S..
304 3686 459 3728 Tuomst.
485 3693 618 3729 Summa
641 3699 750 3728 contra
777 3692 932 3730 Gentiles.
1886 3708 1927 3742 29
