2332 3854
238 200 348 268 236
886 212 1042 251 LIBER
1081 212 1137 250 11.
1180 211 1301 250 cAP.
1343 209 1548 250 Lxxvn.

236 314 605 359 manifestissima
638 330 685 360 se
710 315 848 359 habet
869 315 984 359 sicut
1007 313 1167 358 oculus
1189 323 1386 357 noctuae
1414 313 1469 357 ad
1493 312 1665 369 solem;
1687 313 1812 357 unde
1829 322 2020 372 parvum
2040 314 2200 360 lumen

233 381 517 440 intelligibile
551 383 673 441 quod
701 392 768 426 est
798 382 930 425 nobis
958 379 1254 424 connaturale
1288 379 1453 424 sufficit
1485 380 1540 424 ad
1572 392 1781 425 nostrum
1806 379 2078 439 intelligere.

326 448 466 500 Quod
495 460 645 492 autem
672 449 828 491 lumen
855 446 1139 505 intelligibile
1165 455 1347 491 nostrae
1376 448 1554 491 animae
1582 446 1877 491 connaturale
1910 446 2104 492 sufficiat
2135 447 2191 492 ad

234 513 493 560 faciendum
522 516 751 559 actionem
778 514 1035 558 intellectus
1064 514 1252 572 agentis,
1270 523 1406 573 patet,
1424 515 1461 558 si
1483 514 1581 573 quis
1605 514 1861 558 consideret
1880 516 2198 559 necessitatem

233 582 435 640 ponendi
461 581 744 626 intellectum
773 590 1000 639 agentern.
1035 580 1355 624 Inveniebatur
1387 581 1510 625 enim
1544 580 1697 624 anima
1728 590 1885 624 nostra
1915 580 1963 624 in
1995 581 2200 640 potentia

235 648 290 692 ad
316 648 633 706 intelligibilia,
661 649 776 692 sicut
802 661 961 691 sensus
989 647 1045 691 ad
1071 646 1323 702 sensibilia3
1350 647 1467 692 sicut
1493 648 1615 691 enim
1640 661 1735 690 non
1762 660 1944 706 semper
1963 649 2199 702 sentimus,

233 715 296 758 ita
331 729 425 759 non
461 729 639 773 semper
674 713 987 771 intelligimus.
1023 713 1150 758 Haec
1179 724 1332 758 autem
1358 713 1676 772 intelligibilia,
1703 728 1819 773 quae
1847 715 1998 758 anima
2030 711 2203 759 intelle-

235 782 353 826 ctiva
374 782 577 825 humana
593 780 818 838 intelligit,
835 779 968 824 Plato
986 780 1138 838 posuit
1153 794 1251 825 esse
1269 780 1569 839 intelligibilia
1586 795 1665 840 per
1682 781 1843 840 seipsa,
1861 779 2036 825 scilicet
2049 781 2199 836 ideas;

234 850 352 893 unde
378 863 471 892 non
506 858 600 892 erat
633 849 672 892 ei
705 848 1015 892 necessarium
1041 861 1212 907 ponere
1238 847 1522 892 intellectum
1556 857 1771 907 agentem
1801 845 2116 907 intelligibilia.
2150 848 2202 892 Si

235 926 385 960 autem
416 915 509 959 hoc
544 925 663 959 esset
693 929 868 968 verum,
903 924 1133 973 oporteret
1164 915 1302 974 quod,
1335 925 1506 974 quanto
1547 915 1699 974 aliqua
1731 924 1835 959 sunt
1866 915 2119 959 secundum
2149 929 2199 960 se

234 982 381 1040 magis
407 981 723 1040 intelligibilia,
743 996 799 1026 eo
820 982 967 1040 magis
984 980 1346 1040 intelligerentur
1368 996 1393 1025 a
1415 982 1571 1037 nobis;
1598 982 1720 1040 quod
1742 991 1865 1040 patet
1888 995 1987 1026 esse
2007 980 2199 1037 falsum3

233 1063 342 1092 narn
369 1049 514 1107 magis
541 1058 645 1092 sunt
670 1049 802 1092 nobis
829 1047 1132 1107 intelligibilia
1159 1062 1274 1107 quae
1302 1058 1405 1092 sunt
1430 1048 1582 1092 sensui
1608 1048 1903 1107 proximiora,
1929 1062 2046 1107 quae
2070 1049 2118 1092 in
2149 1062 2199 1094 se

233 1126 337 1160 sunt
361 1116 511 1159 minus
544 1114 861 1173 intelligibilia.
890 1114 1024 1159 Unde
1052 1114 1322 1159 Aristoteles
1350 1114 1435 1159 fuit
1472 1125 1624 1159 motus
1658 1115 1714 1159 ad
1749 1115 2015 1173 ponendum
2042 1114 2199 1172 (tertio

231 1183 302 1226 De
336 1183 503 1237 anima,
529 1192 560 1226 t.
588 1196 625 1226 c.
659 1196 725 1240 17.
755 1192 799 1227 et
830 1182 920 1240 18.)
947 1181 1073 1241 quod*
1103 1196 1156 1226 ea
1190 1195 1305 1241 quae
1338 1193 1443 1227 sunt
1472 1182 1604 1226 nobis
1637 1181 1941 1240 intelligibilia
1970 1195 2066 1226 non
2096 1180 2202 1227 sunt

233 1249 382 1308 aliqua
425 1249 685 1294 exsistentia
721 1248 1024 1308 intelligibilia
1061 1263 1141 1307 per
1176 1251 1341 1308 seipsa,
1378 1250 1457 1294 sed
1493 1249 1606 1293 fiunt
1638 1264 1692 1293 ex
1728 1249 2040 1304 sensibilibus;
2079 1249 2200 1294 unde

231 1316 432 1375 oportuit
448 1316 570 1375 quod
586 1327 779 1374 poneret
793 1316 1010 1360 virtutem
1028 1330 1144 1375 quae
1162 1316 1259 1360 hoc'
1277 1315 1471 1371 faceret3
1490 1327 1534 1360 et
1550 1316 1664 1360 haec
1689 1325 1755 1360 est
1771 1315 2029 1361 intellectus
2046 1327 2198 1375 agens.

231 1384 304 1427 Ad
330 1383 421 1428 hoc
449 1397 559 1443 ergo
587 1384 771 1442 ponitur
801 1382 1060 1428 intellectus
1094 1398 1235 1443 agens
1269 1393 1317 1427 ut
1349 1382 1487 1427 faciat
1517 1383 1822 1442 intelligibilia
1852 1383 1985 1428 nobis
2016 1392 2202 1443 propor-

230 1452 415 1494 tionata.
444 1451 546 1494 Hoc
574 1461 727 1495 autem
753 1465 847 1495 non
876 1450 1053 1494 excedit
1079 1451 1271 1495 modum
1297 1450 1483 1495 luminis
1509 1449 1805 1508 intelligibilis
1826 1449 1959 1495 nobis
1983 1459 2207 1495 connatu-⁴

230 1517 350 1561 ralis.
374 1517 509 1562 Unde
535 1517 649 1562 nihil
682 1517 893 1586 prohibet
931 1517 1015 1576 ipsi
1052 1517 1216 1562 lumini
1250 1528 1433 1562 nostrae
1472 1519 1652 1561 animae
1691 1517 1934 1562 attribuere
1970 1517 2200 1562 actionem

228 1583 484 1629 intellectus
512 1585 702 1644 agentis,
730 1595 774 1629 et
799 1585 1043 1644 praecipue
1070 1599 1212 1644 quum
1239 1583 1510 1629 Aristoteles
1537 1583 1691 1664 (tertio
1714 1583 1785 1628 De
1812 1583 2199 1642 anima,t'.c.18.)

231 1651 517 1696 intellectum
545 1662 759 1711 agentem
787 1661 1023 1712 comparet
1047 1651 1225 1696 lumini.

915 1838 1170 1895 CAPUT
1213 1838 1529 1895 LXXVIII.

600 1976 760 2021 QUOD
795 1977 913 2016 NON
950 1975 1074 2014 FUIT
1110 1974 1419 2015 SENTENTIA
1445 1973 1804 2013 ARISTOTELIS

415 2050 574 2096 QUOD
608 2050 988 2089 INTELLECTUS
1023 2050 1198 2090 AGENS
1233 2049 1320 2087 SIT
1354 2046 1695 2088 SUBSTANTIA
1728 2045 2025 2099 SEPARATA,

645 2126 745 2163 SED
781 2125 945 2163 MAGIS
981 2125 1141 2171 QUOD
1178 2124 1263 2163 SIT
1297 2124 1529 2170 ALIQUID
1563 2122 1788 2163 ANIMAE.

324 2234 447 2287 Quia
472 2248 582 2278 vero
609 2234 760 2294 plures
788 2234 995 2294 opinioni
1020 2234 1333 2294 suprapositae
1362 2233 1625 2286 assentiunt,
1652 2231 1890 2276 credentes
1923 2244 2028 2276 eam
2058 2229 2201 2277 fuisse

233 2302 496 2362 opinionem
526 2302 802 2357 Aristotelis,
835 2302 1170 2346 ostendendum
1203 2311 1283 2355 est,
1311 2314 1366 2344 ex
1390 2300 1538 2344 verbis
1572 2301 1683 2357 ejus,
1710 2299 1833 2358 quod
1864 2299 1962 2357 ipse
1986 2297 2078 2343 hoc
2104 2311 2199 2342 non

233 2370 369 2413 sentit
395 2369 450 2413 de
476 2369 711 2413 intellectu
738 2379 915 2428 agente,
943 2370 1064 2428 quod
1092 2370 1148 2412 sit
1173 2368 1422 2412 substantia
1448 2376 1670 2425 separata.

323 2437 448 2479 Dicit
473 2436 596 2479 enirn
622 2437 772 2494 primo
801 2437 955 2494 (tertio
981 2436 1052 2479 De
1080 2436 1247 2488 anima,
1269 2445 1299 2479 t.
1328 2449 1365 2478 c.
1399 2446 1464 2491 17.
1493 2443 1537 2477 et
1568 2434 1658 2489 18.)
1686 2432 1824 2490 quod,
1850 2432 1966 2476 sicut
1991 2433 2039 2476 in
2070 2431 2201 2476 omni

234 2512 393 2547 natura
420 2513 487 2546 est
509 2502 677 2562 aliquid
701 2504 830 2562 quasi
855 2503 1047 2546 materia
1074 2502 1119 2545 in
1147 2515 1425 2560 unoquoque
1452 2514 1632 2558 genere,
1657 2510 1702 2544 et
1723 2500 1813 2543 hoc
1840 2509 1908 2544 est
1928 2500 1975 2543 in
1997 2499 2202 2558 potentia

236 2571 290 2614 ad
319 2571 475 2614 omnia
502 2584 617 2628 quae
645 2581 747 2614 sunt
768 2569 888 2614 illius
911 2570 1105 2628 generis,
1129 2579 1174 2612 et
1197 2568 1365 2627 aliquid
1393 2568 1520 2626 quasi
1548 2566 1748 2611 efficiens
1771 2566 1893 2625 quod
1914 2565 2024 2611 facit
2044 2565 2202 2610 omnia

237 2652 352 2696 quae
389 2647 493 2681 sunt
526 2636 647 2681 illius
682 2638 876 2695 generis,
904 2637 1022 2681 sicut
1058 2650 1105 2680 se
1141 2636 1279 2680 habet
1306 2649 1376 2679 ars
1403 2635 1458 2678 ad
1486 2635 1741 2688 materiam,
1768 2647 1955 2678 necesse
1981 2643 2049 2678 est
2079 2643 2124 2677 et
2152 2633 2199 2676 in

236 2706 388 2749 anima
411 2719 509 2749 esse
531 2705 614 2748 has
637 2704 926 2758 differentias,
947 2715 990 2748 et
1012 2703 1278 2761 hujusmodi
1299 2703 1499 2762 quidem,
1516 2701 1713 2745 scilicet:
1738 2700 1860 2760 quod
1886 2701 1932 2744 in
1959 2700 2113 2744 anima
2134 2709 2202 2745 est

235 2773 352 2816 sicut
377 2773 568 2815 materia
595 2782 662 2816 est
687 2771 944 2815 intellectus
967 2770 1209 2830 possibilis,
1236 2770 1283 2814 in
1310 2784 1401 2828 quo
1434 2769 1546 2812 fiunt
1579 2769 1736 2812 omnia
1767 2766 2094 2826 intelligibilia;
2124 2766 2200 2812 ille

237 2854 348 2883 vero
375 2840 452 2898 qui
478 2839 523 2882 in
552 2839 704 2882 anima
732 2849 799 2883 est
825 2839 943 2882 sicut
969 2838 1169 2882 efficiens
1198 2851 1334 2880 causa
1361 2846 1429 2880 est
1454 2835 1713 2880 intellectus
1739 2849 1831 2893 quo
1859 2844 1927 2878 est
1953 2836 2110 2879 omnia
2140 2833 2202 2877 fa·

236 2921 352 2960 cere,
376 2906 550 2950 scilicet
575 2905 879 2964 intelligibilia
899 2907 944 2949 in
973 2915 1090 2958 actu,
1108 2905 1153 2948 id
1172 2914 1239 2948 est
1255 2903 1512 2947 intellectus
1536 2916 1690 2961 agens,
1709 2902 1787 2960 qui
1803 2911 1871 2946 est
1887 2901 2004 2946 sicut
2022 2900 2203 2945 habitus

239 2983 283 3017 et
307 2987 401 3017 non
429 2974 545 3017 sicut
570 2974 786 3032 potentia.
818 2973 1028 3025 Qualiter
1055 2982 1207 3016 autem
1236 2970 1394 3015 dixerit
1420 2969 1704 3014 intellectum
1738 2978 1950 3027 agentem
1981 2967 2202 3022 habiturn,

236 3041 422 3100 exponit
448 3041 726 3098 subjungens
755 3041 806 3097 (t.
840 3054 877 3083 c.
911 3040 997 3096 18.)
1033 3040 1154 3097 quod
1189 3048 1256 3082 est
1292 3038 1408 3081 sicut
1440 3036 1623 3090 lumen;
1662 3036 1863 3094 quodam
1899 3034 2023 3079 enim
2058 3034 2202 3079 modo

235 3108 391 3151 lumen
418 3107 525 3150 facit
550 3109 751 3166 potentia
776 3106 953 3150 colores
983 3120 1080 3150 esse
1108 3115 1211 3149 actu
1240 3104 1432 3157 colores,
1466 3104 1511 3146 in
1539 3114 1758 3161 quantum
1786 3101 1959 3146 scilicet
1983 3100 2093 3146 facit
2123 3115 2203 3147 eos

234 3174 431 3218 visibiles
460 3184 583 3226 actu3
611 3174 700 3217 hoc
730 3184 882 3217 autem
911 3176 1030 3216 circa'
1055 3171 1358 3229 intelligibilia
1386 3170 1639 3215 attribuitur
1665 3168 1915 3214 intellectui
1942 3168 2109 3228 agenti.
2136 3167 2202 3212 Ex

235 3242 306 3285 his
333 3252 485 3285 autem
513 3240 752 3285 manifeste
779 3240 983 3294 habetur,
1010 3240 1129 3298 quod
1159 3238 1414 3282 intellectus
1440 3252 1579 3295 agens
1606 3251 1700 3281 non
1722 3236 1780 3280 sit
1800 3235 2051 3280 substantia
2076 3248 2204 3294 sepa-

237 3319 345 3362 rata,
373 3309 450 3353 sed
478 3309 624 3366 magis
652 3308 821 3367 aliquid
850 3309 1054 3361 animae3
1088 3319 1295 3364 expresse
1329 3307 1452 3348 enim
1486 3305 1594 3348 dicit
1626 3303 1748 3362 quod
1780 3301 2038 3347 intellectus
2064 3303 2203 3361 possi·

235 3375 349 3430 bilis,
378 3386 421 3419 et
447 3390 602 3433 agens,
628 3385 733 3419 sunt
759 3373 1038 3418 differentiae
1066 3373 1259 3426 animae,
1283 3382 1328 3416 et
1353 3371 1475 3430 quod
1499 3381 1603 3415 sunt
1627 3371 1674 3414 in
1703 3369 1877 3425 anima;
1904 3378 2064 3414 neutra
2091 3380 2202 3427 ergo

237 3456 392 3486 carum
418 3453 485 3486 est
510 3442 758 3486 substantia
786 3451 1005 3500 separata.

327 3509 513 3552 Adhuc:
542 3509 656 3553 ratio
684 3510 780 3566 ejus
806 3509 896 3552 hoc
924 3508 1046 3551 idem
1074 3506 1293 3552 ostendit:
1323 3505 1447 3557 Quia
1472 3505 1519 3548 in
1547 3504 1674 3548 omni
1706 3513 1867 3547 natura
1890 3501 1938 3547 in
1961 3514 2053 3561 qua
2076 3501 2200 3547 inve-

238 3576 358 3620 nitur
383 3579 584 3634 potentia
612 3586 656 3620 et
683 3586 808 3620 actus
835 3585 902 3619 est
928 3574 1097 3633 aliquid
1132 3573 1261 3632 quasi
1298 3571 1503 3625 materia,
1525 3571 1648 3630 quod
1676 3580 1744 3615 est
1767 3570 1814 3614 in
1839 3570 2047 3629 potentia
2065 3567 2122 3613 ad
2146 3581 2201 3612 ea

2319 2259 2332 2323 asma-‚12
2326 2222 2332 2249 τ-.
2324 2167 2332 2193 ..Q
