2332 3854
175 212 211 266 4
771 183 774 187 ’
891 206 1046 246 Lmen
1084 206 1119 245 1.
1163 205 1283 245 CAP.
1323 205 1400 244 111.

261 323 301 354 2.
328 309 516 354 Adhuc:
548 323 602 353 ex
637 307 991 366 intelligibilium
1028 306 1240 366 gradibus
1274 305 1397 350 idem
1434 314 1504 351 est
1534 305 1669 351 facile
1704 305 1872 350 videre.
1915 307 2128 350 Duorum

174 377 312 430 enim,
340 390 535 435 quorum
563 388 677 418 unus
705 375 794 418 alio
821 388 918 418 rem
946 374 1146 432 aliquam
1170 371 1404 417 intellectu
1431 372 1637 417 subtilius
1661 373 1873 427 intuetur,
1897 372 1975 416 ille
2001 373 2129 431 cujus

171 443 428 488 intellectus
455 453 522 486 est
539 442 758 485 elevatior
775 440 917 484 multa
936 439 1147 497 intelligit
1169 453 1284 498 quae
1307 438 1421 483 alius
1441 441 1631 483 omnino
1650 453 1814 499 capere
1845 453 1940 483 non
1956 448 2139 498 potest;·

171 512 288 554 sicut
314 519 437 567 patet
462 509 507 551 in
536 509 719 561 rustico,
750 508 825 566 qui
853 506 981 550 nullo
1008 506 1148 549 modo
1176 505 1497 564 philosophiae
1528 505 1714 550 subtiles
1743 506 2131 550 considerationes

172 590 333 634 capere
359 586 520 635 potest.
563 574 822 618 Intellectus
863 582 1013 616 autem
1042 572 1193 630 angeli
1224 571 1324 630 plus
1351 573 1526 616 excedit
1549 572 1833 617 intellectum
1858 573 2130 627 humanum,

171 656 309 701 quam
338 641 592 685 intellectus
618 641 780 699 optimi
803 639 1066 698 philosophi
1091 638 1372 683 intellectum
1409 639 1638 683 rudissimi
1661 639 1851 693 idiotae3
1874 639 1979 698 quia
2010 638 2126 683 haec

172 709 384 753 distantia
410 708 525 751 inter
551 707 719 765 speciei
745 707 973 749 humanae
999 705 1166 749 limites
1184 706 1455 760 continetur,
1481 719 1595 764 quos
1614 705 1847 764 angelicus
1871 705 2130 750 intellectus
2157 728 2160 731 ¹

173 775 365 819 excedit.
393 774 649 832 Cognoscit
674 773 858 831 quidem
893 771 1080 830 angelus
1106 772 1257 816 Deum
1281 786 1335 816 ex
1361 771 1575 816 nobiliori
1602 772 1764 816 effectu
1797 786 1935 831 quam
1964 773 2128 828 homo,

171 851 342 900 quanto
369 841 466 899 ipsa
489 840 736 884 substantia
767 837 930 896 angeli,
953 853 1032 897 per
1049 852 1187 897 quam
1213 838 1259 881 in
1285 838 1375 883 Dei
1393 839 1707 897 cognitionem
1730 838 1905 883 ducitur
1931 837 2128 884 naturali

172 907 450 965 cognitione,
479 917 544 950 est
570 905 749 964 dignior
775 905 906 948 rebus
930 903 1226 958 sensibilibus,
1254 914 1299 948 et
1324 905 1460 948 etiam
1488 906 1584 964 ipsa
1609 905 1774 959 anima,
1796 918 1877 964 per
1902 918 2040 965 quam
2065 905 2131 950 in-

171 973 379 1017 tellectus
404 973 632 1016 humanus
658 972 705 1015 in
731 972 819 1015 Dei
838 971 1151 1029 cognitionem
1169 971 1386 1015 ascendit.
1404 971 1641 1030 Multoque
1659 972 1852 1031 amplius
1875 971 2128 1016 intellectus

172 1039 349 1083 divinus
377 1039 551 1083 excedit
578 1038 853 1096 angelicum,
881 1051 1017 1096 quam
1042 1037 1276 1095 angelicus
1302 1038 1570 1082 humanum.
1598 1039 1700 1096 Ipse
1723 1039 1847 1082 enim
1871 1038 2129 1083 intellectus

172 1106 349 1149 divinus
376 1120 457 1149 sua
484 1106 734 1162 capacitate
776 1104 1072 1147 substantiam
1109 1117 1238 1146 suam
1282 1103 1519 1162 adaequat,
1557 1113 1599 1148 et
1624 1105 1729 1148 ideo
1762 1104 1960 1163 perfecte
1991 1105 2048 1150 de
2078 1118 2129 1151 se

172 1172 387 1229 intelligit
420 1171 525 1230 quid
555 1181 635 1224 est,
663 1180 706 1214 et
732 1170 888 1213 omnia
916 1169 1155 1227 cognoscit
1171 1183 1286 1228 quae
1313 1170 1368 1214 de
1391 1171 1540 1228 seipso
1567 1170 1868 1229 intelligibilia
1889 1181 2129 1226 sununon

173 1227 326 1282 autem
362 1237 557 1281 naturali
585 1237 848 1295 cognitione
891 1235 1078 1293 angelus
1102 1236 1157 1279 de
1183 1236 1286 1279 Deo
1314 1237 1552 1293 cognoscit
1580 1237 1686 1295 quid
1715 1245 1794 1292 eSt,
1831 1239 1935 1296 quia
1961 1247 2006 1282 et
2031 1227 2129 1297 ipsa

171 1303 421 1349 substantia
448 1303 611 1361 angeli,
634 1317 712 1361 per
740 1317 877 1360 quam
903 1302 949 1345 in
976 1302 1063 1345 Dei
1097 1301 1409 1359 cognitionem
1437 1302 1627 1357 ducitur,
1659 1313 1726 1347 est
1752 1302 1938 1348 effectus
1965 1318 2129 1349 causae

97 1395 105 1404 ·
171 1372 385 1415 virtutem
425 1384 518 1413 non
546 1370 820 1428 adaequans.
848 1368 983 1412 Unde
1008 1382 1103 1411 non
1139 1369 1310 1422 omnia,
1337 1383 1453 1427 quae
1488 1371 1534 1412 in
1571 1370 1721 1427 seipso
1748 1371 1873 1414 Deus
1903 1370 2131 1430 intelligit,

172 1437 360 1496 angelus
386 1435 581 1480 naturali
615 1436 878 1494 cognitione
907 1449 1066 1494 capere
1087 1443 1257 1494 potest;
1284 1449 1369 1479 nec
1397 1435 1454 1479 ad
1481 1436 1652 1490 omnia,
1685 1451 1800 1495 quae
1835 1437 2025 1495 angelus
2054 1451 2134 1483 ιωμ

169 1504 303 1549 turali
321 1518 401 1547 sua
433 1503 597 1547 virtute
625 1502 850 1559 intelligit,
876 1502 1078 1545 humana
1105 1503 1219 1545 ratio
1238 1501 1401 1546 sufficit
1418 1502 1652 1561 capienda.
1678 1503 1806 1547 Sicut
1830 1503 1967 1568 igitur
1988 1504 2129 1549 maxi·

171 1585 275 1615 mae
314 1570 540 1613 amentiae
575 1580 694 1613 esset
733 1569 888 1622 idiota,
929 1569 1006 1627 qui
1042 1582 1095 1612 ea
1137 1582 1252 1627 quae
1286 1582 1311 1612 a
1347 1568 1626 1628 philosopho
1663 1580 1982 1629 proponuntur
2011 1570 2131 1616 falsa
2207 1577 2214 1582 ”

174 1652 271 1682 esse
300 1646 530 1689 assereret,
558 1646 738 1695 propter
764 1636 869 1689 hoc,
893 1635 1014 1694 quod
1041 1649 1094 1678 ea
1118 1649 1278 1693 capere
1304 1650 1398 1679 non
1420 1645 1592 1694 potest;
1614 1637 1677 1680 ita
1695 1647 1739 1681 et
1765 1637 1911 1682 multo
1928 1637 2129 1696 amplius

172 1705 341 1749 nimiae
359 1704 573 1748 stultitiae
601 1713 718 1747 esset
738 1703 897 1756 hon10,
921 1703 957 1746 si
981 1716 1048 1755 ea,
1066 1716 1181 1760 quae
1205 1702 1416 1746 divinitus
1440 1703 1710 1761 angelorum
1731 1704 1986 1749 ministerio
2007 1709 2132 1750 reve-

171 1771 336 1825 lantur,
363 1770 475 1814 falsa
494 1784 591 1814 esse
615 1770 931 1827 suspicaretur,
959 1783 1012 1812 ex
1033 1769 1123 1812 hoc
1149 1768 1270 1827 quod
1288 1770 1463 1812 ratione
1479 1769 1739 1827 investigari
1762 1784 1855 1815 non
1881 1780 2084 1830 possunt.

265 1852 302 1896 3.
339 1837 529 1881 Adhuc:
567 1836 689 1879 idem
730 1834 968 1879 manifeste
1007 1845 1192 1893 apparet
1232 1849 1287 1879 ex
1313 1835 1507 1890 defectU,
1541 1850 1678 1895 quem
1713 1836 1760 1880 in
1800 1837 1934 1882 rebus
1960 1840 2130 1898 'cogno'-

172 1904 352 1948 scendis
385 1903 586 1961 quotidie
620 1903 889 1961 experimur.
922 1902 1093 1945 Rerum
1121 1902 1242 1945 enim
1276 1902 1557 1946 sensibilium
1583 1903 1798 1961 plurimas
1829 1904 2128 1964 proprietates

171 1971 454 2029 ignoramus,
494 1983 740 2028 earumque
776 1969 1118 2027 proprietatum,
1156 1983 1267 2026 quas
1304 1983 1437 2013 sensu
1475 1970 1871 2028 apprehendimus,
1902 1971 2129 2016 rationem

171 2035 368 2096 perfecte
396 2036 442 2078 in
469 2036 669 2093 pluribus
701 2036 902 2079 invenire
937 2049 1032 2078 non
1063 2049 1320 2093 possumus.
1357 2034 1503 2079 Multo
1535 2037 1671 2094 igitur
1693 2037 1887 2095 amplius
1910 2037 2032 2083 illius
2057 2053 2131 2083 ex-

172 2102 523 2147 cellentissimae
551 2102 842 2156 substantiae,
864 2101 1238 2155 transcendentis,
1266 2102 1422 2146 omnia
1457 2102 1759 2161 intelligibilia
1781 2104 1984 2148 humana
2009 2104 2126 2149 ratio

170 2170 444 2228 investigare
471 2183 564 2212 non
593 2168 770 2213 sufficit.
799 2169 919 2213 Huic
942 2169 1080 2212 etiam
1109 2177 1331 2212 consonat
1353 2169 1523 2212 dictum
1551 2170 1838 2228 Philosophi,
1864 2171 1942 2230 qui
1967 2171 2127 2217 asserit

172 2238 393 2296 (Metaph.
422 2237 476 2279 II.
504 2246 533 2280 t.
564 2251 602 2281 c.
635 2237 707 2293 1.),
736 2236 857 2295 quod
882 2254 903 2278 «
930 2235 1187 2279 intellectus
1214 2246 1368 2280 noster
1395 2236 1458 2280 sic
1482 2250 1529 2280 se
1551 2237 1686 2281 habet
1705 2239 1760 2281 ad
1778 2239 1924 2297 prima
1939 2230 2128 2294 entium,

173 2318 289 2363 quae
316 2314 420 2347 sunt
453 2302 820 2346 manifestissima
846 2302 892 2345 in
918 2312 1093 2357 natura,
1121 2302 1235 2346 sicut
1270 2302 1430 2346 oculus
1462 2304 1798 2362 vespertilionis
1830 2305 1885 2348 ad
1909 2304 2059 2350 solem
2084 2322 2127 2350 ».

263 2372 379 2415 Huic
414 2371 551 2414 etiam
583 2370 759 2413 veritati
786 2383 913 2413 sacra
947 2369 1178 2427 Scriptura
1210 2370 1524 2413 testimonium
1549 2371 1767 2429 perhibet.
1793 2372 1972 2416 Dicitur
2001 2372 2138 2417 enim·

169 2438 273 2497 (Job
300 2438 379 2481 XI.
415 2439 501 2495 7.):
544 2438 742 2482 Forsitan
767 2438 938 2494 vestigia
974 2437 1059 2479 Dei
1091 2434 1419 2495 comprehendes,
1447 2443 1486 2481 et
1510 2452 1633 2495 usque
1659 2437 1711 2481 ad
1737 2439 1969 2497 perfectum
1995 2428 2131 2485 obmi-

164 2513 366 2566 potentem
393 2506 599 2563 reperies?
630 2503 686 2547 Et
697 2503 944 2563 (XXXVI.
981 2501 1098 2559 26.):
1131 2504 1237 2547 Ecce
1271 2504 1386 2547 Deus
1411 2517 1587 2562 magnus
1615 2506 1784 2549 vincens
1807 2506 2024 2552 scientiam
2057 2518 2137 2551 no-

166 2580 313 2618 stram.
340 2571 396 2615 Et
423 2572 477 2628 (Ι.
507 2571 615 2615 Cor.
641 2570 763 2613 XIII.
792 2571 880 2630 9.).
910 2571 976 2614 Ex
997 2576 1118 2628 parte
1145 2572 1436 2627 cognosc-imus.
1463 2570 1570 2614 Non
1597 2571 1735 2646 igitur
1757 2584 1896 2616 omne
1920 2572 2045 2632 quod
2066 2572 2123 2619 de

171 2640 274 2684 Deo
297 2639 473 2693 dicitur,
500 2637 707 2697 quamvis
733 2637 908 2681 ratione
941 2635 1204 2694 investigari
1229 2650 1323 2679 non
1349 2636 1505 2694 possit,
1532 2637 1684 2681 statim
1714 2639 1844 2697 quasi
1868 2637 2036 2718 falsum
2057 2648 2127 2686 est

171 2706 487 2765 abiiciendum‚
515 2714 563 2749 ut
579 2703 838 2748 Manichaei
863 2713 906 2747 et
931 2702 1081 2762 plures
1108 2702 1360 2747 infidelium
1387 2712 1671 2762 putaverunt.

934 2850 1204 2940 'CAPUT
1239 2852 1336 2907 IV.

363 2986 521 3033 QUOD
564 2986 754 3044 DIVINA.
792 2986 1179 3025 NATURALITER
1220 2987 1469 3025 COGNITA
1512 2988 1933 3030 CONVENIENTER

587 3060 893 3115 IJIOMINIBUS
935 3061 1231 3100 CREDENDA
1269 3062 1692 3102 PROPONUNTUR.

259 3167 441 3227 Duplici
466 3168 602 3227 igitur
626 3168 813 3212 veritate
840 3167 1100 3212 divinorum
1125 3168 1480 3228 intelligibilium
1508 3170 1763 3225 exsistente,
1790 3186 1879 3217 una
1906 3173 1964 3218 ad
1985 3180 2133 3234 quum·

170 3236 357 3279 rationis
393 3235 622 3294 inquisitio
658 3235 913 3293 pertingere
941 3244 1102 3311 potest,
1140 3234 1280 3280 altera
1307 3250 1422 3295 quae
1450 3250 1588 3282 omne
1622 3238 1859 3297 ingenium
1893 3239 2125 3286 humanae

171 3302 358 3346 rationis
382 3302 571 3355 excedit,
598 3311 785 3360 utraque
803 3302 1127 3346 convenienter
1153 3303 1363 3348 divinitus
1387 3304 1565 3348 homini
1592 3305 1818 3351 credenda
1843 3307 2125 3373 proponim.

263 3368 362 3413 Hoc
384 3378 534 3412 autem
558 3369 612 3412 de
630 3368 706 3412 illa
725 3369 872 3427 primo
891 3370 1221 3414 ostendendum
1235 3380 1314 3424 est,
1334 3385 1448 3430 quae
1469 3371 1753 3431 inquisitioni
1769 3370 2127 3442 rationiepervra

173 3448 270 3480 esse
298 3445 458 3494 potest,
479 3434 639 3479 frustra
665 3435 709 3478 id
736 3436 1065 3494 supernaturali
1091 3436 1383 3514 inspiratione
1407 3439 1683 3484 credendum
1709 3441 1934 3489 tractim
1946 3445 2065 3489 &sea

263 3501 567 3561 Sequerentur
601 3511 754 3546 tamen
787 3502 869 3546 tria
903 3503 1286 3559 inconvenientia,
1312 3505 1350 3550 si
1375 3505 1509 3564 hujus
1543 3507 1712 3553 veritas
1735 3501 2050 3560 solummod&
2055 3519 2125 3558 ta·

168 3569 280 3614 tioni
309 3567 574 3627 inquirenda
600 3568 938 3628 relinqueretur
1245 3598 1247 3601 -
