2332 3854
314 187 424 254 576
476 207 478 209 ·
990 201 1146 240 mmm
1176 201 1257 242 ιν.
1301 201 1422 240 CAP.
1465 201 1574 250 mv,

314 316 412 346 esse
439 301 629 360 alicujus
656 303 904 349 exterioris.
918 302 1022 346 -Hoc
1040 302 1263 347 auternfin
1290 302 1452 350 diuinis
1477 302 1755 352 locumnon
1781 305 1932 361 habet,
1958 307 2064 366 quia
2088 317 2274 362 nona-,st
2311 330 2317 336 ⁴

306 368 358 414 -in
391 369 492 413 Deo
520 369 688 428 aliquid
717 369 837 415 aliud
871 383 968 414 esse
996 383 1133 427 quarn
1155 368 1438 423 substantia;
1465 370 1682 429 quidquid
1700 371 1831 416 enim
1857 372 1906 416 in
1923 372 2145 429 Demea,
2169 374 2271 427 sub-

311 436 476 480 stantia
499 447 578 482 est.
607 436 735 480 Sicut
759 436 896 493 igitur
922 449 1020 479 esse
1047 435 1295 494 sapientiae
1321 435 1368 479 in
1386 436 1492 481 Deo
1508 447 1700 482 non-est
1720 451 1819 483 esse
1843 438 2103 498 dependens
2119 442 2276 494 asub-

310 503 487 557 stantia,
510 503 614 562 quia
642 517 740 546 esse
767 502 1014 560 sapientiae
1040 511 1107 546 est
1133 516 1231 546 esse
1255 502 1519 557 substantia,
1536 503 1598 548 ita
1614 505 2070 554 nec-essev'relationis
2082 517 2274 558 est-esse

311 568 570 626 dependens
596 583 742 627 neque
777 583 802 611 a
829 568 1078 630 substantia
1104 582 1253 627 neque
1280 569 1333 612 ab
1362 568 1516 628 aliquo
1544 571 1767 624 exteriori,
1784 572 1898 630 quia
1925 573 2064 619 etiam
2091 587 2275 627 essere-

309 635 492 679 lationis
520 646 586 679 est
608 650 705 679 esse
733 635 1021 680 substantiae.
1045 634 1152 679 Non
1178 635 1328 694 igitur,
1351 650 1431 695 per
1456 636 1546 681 hoc
1574 638 1696 696 quod
1713 637 1875 683 relatio
1891 638 1939 684 in
1957 630 2273 699 Deoponitur,

310 702 510 759 sequitur
535 703 657 760 quod
683 702 740 746 sit
770 702 816 744 in
845 715 900 746 eo
935 702 1120 760 aliquod
1147 716 1246 747 esse
1272 702 1552 762 dependenS,
1582 705 1662 749 sed
1689 704 1842 749 solum
1865 706 1991 764 ,quod
2009 705 2064 757 jn
2082 705 2193 758 Deo
2212 708 2274 759 sit

310 778 539 826 respectus
567 768 743 827 aliquis,
770 768 816 811 in
845 782 935 827 quo
963 769 1078 812 ratio
1101 768 1334 814 relationis
1361 771 1592 824 consistit3
1619 771 1735 816 sicut
1760 786 1815 815 ex
1832 772 1924 817 hoc
1939 772 2074 831 ‘quod
2100 774 2274 833 sapien-

310 836 370 880 tia
397 836 441 879 in
464 836 571 880 Deo
605 837 800 895 ponitur,
833 851 928 880 non
960 837 1161 895 sequitur
1192 837 1314 896 quod
1342 837 1399 881 sit
1423 838 1469 881 in
1493 852 1552 882 eo
1580 837 1750 896 aliquid
1783 838 2077 894 accidentale,
2098 841 2185 885 sed
2200 854 2273 888 so-

308 902 406 946 lum
439 902 657 960 perfectio
681 903 921 962 quaedam,
954 903 1000 947 in
1033 918 1121 962 qua
1148 905 1264 948 ratio
1295 905 1542 962 sapientiae
1577 905 1795 949 consistit.

397 970 485 1013 Per
509 970 631 1029 quod
655 973 793 1014 etiam
819 980 940 1029 patet
962 970 1098 1029 quod,
1123 985 1177 1015 ex
1203 970 1547 1029 imperfectione
1574 986 1690 1030 quae
1713 972 1757 1015 in
1784 971 2080 1019 relationibus
2097 974 2270 1022 ,creatis

309 1050 408 1081 esse
432 1037 622 1090 videtur,
648 1051 742 1081 non
769 1039 970 1096 sequitur
996 1037 1118 1096 quod
1150 1051 1373 1096 personae
1400 1038 1581 1082 divinae
1613 1038 1702 1082 sint
1727 1037 2036 1098 imperfectae,
2067 1053 2184 1100 quae
2206 1055 2273 1085 re·

300 1103 552 1148 -lationibus
585 1105 934 1163 distinguuntur,
962 1104 1040 1150 sed
1066 1104 1269 1163 sequitur
1294 1104 1418 1164 quod
1454 1105 1709 1150 divinarum
1742 1118 2042 1165 personarum
2078 1107 2270 1158 minima

309 1171 364 1215 sit
391 1171 634 1216 distinctio.

397 1237 529 1284 Patet
546 1238 692 1284 :etiam
719 1252 774 1282 ex
791 1237 1040 1296 ‘praedictis
1072 1237 1211 1297 quod,
1238 1237 1352 1285 :licet
1375 1239 1502 1284 Deus
1528 1238 1584 1283 de
1609 1239 1744 1284 Patre
1779 1249 1824 1284 et
1852 1238 1973 1289 Filio
2005 1239 2272 1294 substantia-

310 1302 412 1348 liter
438 1305 735 1363 praedicetur,
755 1319 854 1350 non
887 1314 1041 1349 tamen
1069 1305 1283 1363 sequitur,
1329 1307 1367 1349 si
1397 1305 1533 1353 Pater
1559 1316 1604 1350 et
1629 1305 1767 1351 Filius
1808 1306 1901 1353 sint
1939 1306 2090 1366 plures
2112 1320 2272 1367 penso·

300 1385 408 1424 nae,
441 1372 564 1430 quod
597 1372 687 1416 sint
717 1371 868 1431 plures
901 1372 982 1426 dii;
1005 1382 1108 1416 sunt
1133 1372 1257 1416 enim
1284 1371 1435 1430 plures
1457 1383 1641 1432 propter
1670 1372 2011 1421 distinctionem
2029 1374 2272 1429 subsisten-

309 1439 421 1482 tium
451 1438 742 1493 relationum,
774 1439 852 1484 sed
881 1448 1042 1484 tamen
1084 1449 1195 1483 *sunt
1236 1453 1352 1483 unus
1394 1440 1520 1485 Deus
1561 1450 1746 1499 propter
1786 1440 2008 1491 unitatem
2035 1444 2270 1494 ‘essentiae

307 1505 604 1551 subsistentis.
623 1507 725 1550 Hoc
759 1516 913 1550 autern
934 1506 978 1549 in
997 1506 1261 1553 hominibus
1279 1520 1382 1550 non
1406 1506 1869 1584 contingitiutpluues
1893 1506 2032 1569 aliqui
2045 1508 2138 1561 sint
2153 1523 2269 1556 unus

306 1573 467 1627 homo,
500 1574 605 1632 quia
633 1574 828 1618 essentia
850 1573 1147 1619 huma-nitatis
1167 1588 1267 1618 non
1293 1584 1362 1618 est
1386 1589 1476 1618 una
1503 1589 1697 1619 numero
1719 1575 1770 1618 in
1797 1585 2006 1634 utroque,
2027 1589 2204 1635 neque
2196 1590 2272 1624 ,es-

307 1642 454 1687 senti-a
479 1642 776 1686 humanitatis
804 1651 871 1686 est
902 1642 1147 1686 subsistens
1175 1650 1230 1685 ut
1260 1641 1520 1686 humanitas
1553 1642 1610 1686 sit
1631 1642 1795 1687 homo.

396 1709 462 1754 Ex
487 1709 578 1754 hoc
607 1720 760 1754 autem
783 1709 941 1768 quod
931 1724 977 1752 m
1010 1709 1112 1753 Deo
1141 1718 1208 1753 est
1231 1710 1455 1752 essentiae
1475 1709 1624 1755 unitas
1650 1719 1695 1753 et
1721 1708 1998 1755 relationum
2024 1708 2269 1764 distinctio,

248 1800 251 1803 ·
308 1776 602 1821 manifestum
635 1776 682 1820 fit
710 1777 830 1835 quod
858 1775 978 1820 nihil
998 1775 1250 1834 prohibet
1238 1790 1286 1819 m
1313 1790 1405 1819 uno
1433 1777 1536 1820 Deo
1569 1776 1781 1835 opposita
1807 1775 2071 1835 quaedam
2059 1775 2269 1830 inveniri,

305 1843 383 1887 illa
416 1844 650 1888 dumtaxat
676 1843 886 1902 opposita
909 1857 1023 1902 quae
1051 1842 1286 1887 relationis
1314 1843 1654 1887 distinctionem
1683 1852 2043 1902 consequuntur,
2062 1852 2270 1903 utfgene-

305 1925 410 1955 rans
438 1922 482 1955 et
507 1911 728 1969 genitum,
756 1925 871 1968 quae
899 1920 1192 1969 opponuntur
1218 1909 1419 1963 relative,
1453 1920 1496 1954 et
1530 1910 1734 1969 genitum
1768 1920 1813 1954 et
1842 1909 2112 1968 ingenitum,
2151 1924 2269 1969 quae

306 1989 598 2037 opponuntur
624 1988 673 2022 ut
699 1977 938 2021 affirmatio
968 1987 1013 2022 et
1043 1977 1241 2034 negatio.
1271 1977 1560 2036 Ubicumque
1588 1977 1712 2021 enim
1739 1988 1807 2021 est
1832 1977 1984 2036 aliqua
2020 1976 2268 2032 distinctio,

306 2056 485 2103 oportet
505 2046 707 2089 invenire
731 2044 987 2103 negationis
1014 2054 1058 2088 et
1084 2043 1399 2089 affirmationis
1432 2045 1796 2102 oppositionem3
1824 2058 1940 2103 quae
1963 2043 2085 2088 enim
2102 2058 2270 2090 ‹secun-

305 2113 413 2156 dum
440 2112 615 2157 nullam
643 2111 995 2156 affirmationem
1025 2121 1067 2155 et
1093 2112 1389 2170 negationem
1417 2111 1629 2155 differunt
1654 2111 1833 2169 penitus
1858 2110 2118 2162 indistincta
2138 2121 2268 2166 sunt;

306 2190 486 2239 oportet
518 2180 640 2223 enim
668 2179 788 2238 quod
817 2189 1038 2238 quantum
1071 2178 1126 2222 ad
1155 2179 1310 2223 omnia
1343 2193 1484 2222 unum
1513 2189 1632 2224 esset
1657 2178 1779 2238 quod
1806 2189 1872 2225 est
1905 2178 2182 2234 alterum‚‹et
2201 2178 2267 2230 sic
2326 2191 2332 2207 ’-

306 2258 456 2291 essent
487 2248 665 2306 penitus
696 2246 819 2290 idem
848 2256 892 2290 et
916 2245 1045 2290 nullo
1079 2246 1219 2290 modo
1247 2246 1475 2290 distincta.

394 2314 520 2358 Haec
547 2314 684 2373 igitur
710 2314 764 2358 de
791 2314 1084 2372 generatione
1112 2312 1264 2357 divina
1292 2313 1410 2359 dicta
1442 2311 1682 2359 sufficiant.

639 2657 713 2694 DE
754 2656 966 2694 spuuw
1007 2655 1246 2706 sAN-CTO,
1285 2655 1448 2701 Quon
1491 2654 1576 2693 srr
1617 2655 1674 2692 IN
1715 2643 1936 2694 mvnvs.

391 2777 587 2826 Divinae
614 2790 767 2824 autem
796 2779 1055 2839 Scripturae
1089 2778 1333 2823 auctoritas
1359 2792 1454 2823 non
1480 2777 1634 2822 sol-um
1658 2777 1790 2822 nobis
1811 2779 1862 2823 in
1886 2776 2051 2833 diuinis
2081 2777 2264 2829 Patrem

304 2859 349 2893 et
374 2848 538 2893 Filium
567 2847 817 2901 annuntiat,
844 2847 922 2891 sed
959 2846 1030 2890 his
1065 2846 1241 2890 duobus
1280 2846 1498 2904 Spiritum
1540 2845 1760 2889 Sanctum
1796 2854 2123 2899 connumerat3
2152 2843 2265 2896 dicit
2323 2874 2332 2897 2-

296 2917 428 2963 enim
462 2915 691 2959 Dominus
724 2914 907 2967 (Matth.
935 2913 1145 2957 XXVIII.
1179 2912 1290 2971 19.):
1320 2914 1470 2958 Euntes
1501 2912 1639 2956 docete
1671 2926 1808 2957 omnes
1837 2918 1985 2971 gantas,
2011 2912 2265 2971 baptizantes

305 2999 369 3028 eos
395 2985 439 3026 in
461 2985 627 3026 nomine
653 2983 794 3026 Patris
821 2981 1004 3035 etFilii,
1031 2988 1068 3026 et
1094 2981 1274 3040 Spiritus
1297 2981 1442 3025 Sancti
1451 2995 1468 3032 ,⁰
1503 2989 1548 3024 et
1574 2979 1629 3036 (Ι.
1651 2979 1814 3036 Joann.
1845 2977 1903 3022 V.
1927 2977 2018 3037 ¹7.>):
2053 2978 2153 3024 Tres
2169 2984 2266 3023 suut

304 3052 379 3108 qui
412 3051 691 3095 testimonium
718 3049 818 3092 dant
842 3050 888 3092 in
915 3048 1049 3092 coelo:
1077 3048 1216 3100 Pater,
1254 3048 1432 3091 Verbum
1457 3054 1494 3092 et
1522 3046 1704 3105 Spiritus
1731 3045 1918 3092 Sanctus.
1945 3044 2095 3103 Hujus
2123 3045 2265 3092 etiam

307 3117 498 3174 Spiritus
527 3116 683 3160 Sancti
716 3115 1058 3174 processionem
1087 3114 1333 3173 quamdam
1360 3127 1489 3156 sacra
1517 3112 1748 3171 Scriptura
1775 3111 2267 3167 commemorat3dicit

307 3185 431 3227 enirn
474 3184 658 3241 (Joann.
694 3182 795 3226 XV.
829 3179 942 3239 26.):
984 3183 1127 3238 Quum
1165 3182 1325 3225 venerit
1357 3180 1618 3238 Paraclytus,
1653 3194 1773 3238 quam
1796 3192 1868 3237 ego
1900 3180 2066 3224 mittam
2097 3180 2216 3225 vohis
2236 3193 2267 3226 a

305 3252 442 3304 Patre,
479 3251 686 3311 Spiritum
719 3251 925 3303 veritatis,
952 3251 1024 3308 qui
1050 3263 1076 3293 a
1109 3249 1234 3294 Patre
1253 3245 1458 3308 procedit,
1484 3247 1552 3291 ille
1574 3247 1851 3293 testimonium
1861 3245 2099 3306 perhibebit
2113 3243 2266 3301 ‚de-nze.
2326 3251 2332 3325 Ξ·
