2332 3854
271 188 379 244 250
907 188 1062 228 LIBER
1102 189 1158 226 ΙΙ.
1201 188 1321 227 CAP.
1362 189 1590 228 Lxxxln.

274 292 527 336 attribuitur
552 291 796 350 unicuique
829 291 951 351 quod
979 291 1192 335 convenit
1218 291 1260 335 ei
1276 291 1530 336 secundum
1559 301 1783 346 naturam,
1809 306 1946 350 quam
1979 291 2100 350 quod
2123 305 2228 337 con-

270 358 395 402 venit
420 358 462 402 ei
493 369 668 418 praeter
692 368 923 412 naturam;
951 358 1074 416 quod
1107 359 1230 402 enim
1258 358 1472 402 convenit
1503 357 1638 402 alicui
1664 367 1841 417 praeter
1864 367 2090 413 naturam,
2110 358 2228 405 inest
2252 374 2257 378 ·

271 426 314 470 ei
339 440 420 485 per
438 426 672 480 accidens;
700 426 822 484 quod
845 435 999 468 autem
1019 425 1234 469 convenit
1259 425 1302 469 ei
1323 425 1575 470 secundum
1596 435 1821 479 naturam,
1843 426 1960 469 inest
1985 425 2024 469 ei
2042 439 2125 484 per
2153 439 2224 471 se:

271 493 395 552 quod
414 503 567 537 autem
584 507 663 551 per
682 492 893 536 accidens
917 501 998 546 est,
1017 506 1197 550 semper
1213 494 1436 551 posterius
1463 502 1531 536 est
1547 506 1602 537 eo
1626 491 1748 550 quod
1766 500 1834 536 est
1849 505 1930 550 per
1950 505 2012 536 se.
2030 491 2227 536 Animae

270 559 408 618 igitur
439 563 562 618 prius
590 559 804 602 convenit
846 572 945 603 esse
971 561 1145 603 unitam
1189 559 1371 618 corpori
1396 573 1532 618 quam
1562 573 1660 604 esse
1687 573 1713 602 a
1739 572 1932 617 corpore
1958 567 2227 618 separatam.

269 626 377 670 Non
405 637 471 670 est
496 627 633 684 igitur
656 635 807 669 creata
831 635 934 671 ante
964 639 1126 685 corpus
1155 625 1228 669 cui
1260 626 1424 670 unitur.

359 692 597 750 Amplius:
627 693 777 736 omnis
810 707 913 750 pars
941 707 966 736 a
993 707 1076 737 suo
1099 703 1199 737 toto
1222 702 1428 752 separata
1464 702 1529 736 est
1551 691 1830 751 imperfecta.
1858 691 2029 736 Anima
2061 700 2228 747 autem,

270 775 411 819 quum
438 761 494 803 sit
518 759 682 813 forma,
706 769 756 803 ut
786 759 1030 818 probatum
1063 769 1130 804 est
1153 760 1214 816 (c.
1245 760 1356 817 47.)‚
1383 769 1450 803 est
1470 774 1570 819 pars
1597 759 1767 818 speciei
1790 759 2038 803 humanae.
2069 753 2227 817 Igitur,

272 828 489 871 exsistens
516 841 597 885 per
623 841 671 870 se
705 827 874 885 absque
902 841 1111 886 corpore,
1139 835 1206 871 est
1226 825 1507 886 imperfecta.
1541 825 1800 870 Perfectum
1827 835 1980 870 autem
2007 834 2075 869 est
2104 825 2228 884 prius

269 893 557 953 imperfecto,
585 893 631 936 in
654 908 807 937 rerum
830 893 1105 938 naturalium
1129 893 1300 938 ordine.
1333 893 1441 937 Non
1467 893 1604 951 igitur
1626 892 1846 951 competit
1870 901 2058 936 naturae
2081 891 2230 936 ordini

270 962 391 1020 quod
426 962 579 1004 anima
604 959 740 1004 fuerit
764 962 885 1020 prius
919 970 1070 1004 creata
1097 974 1290 1019 corpore
1318 969 1466 1013 exuta,
1492 973 1631 1018 quam
1658 959 1841 1018 corpori
1866 959 2005 1003 unita.

358 1027 592 1086 Amplius:
621 1028 659 1071 si
686 1028 866 1071 animae
892 1037 996 1072 sunt
1022 1037 1200 1071 creatae
1223 1027 1392 1086 absque
1411 1026 1692 1085 corporibus,
1710 1025 2021 1084 quaerendum
2038 1034 2106 1070 est
2121 1039 2229 1084 quo-

268 1094 411 1139 modo
438 1096 527 1138 sint
553 1094 820 1153 corporibus
846 1094 1013 1138 unitae.
1036 1094 1130 1138 Aut
1153 1095 1275 1138 enim
1301 1093 1392 1137 hoc
1423 1092 1506 1137 fuit
1530 1091 1769 1146 violenter,
1802 1102 1879 1136 aut
1898 1106 1979 1150 per
2003 1101 2227 1136 naturam.

358 1161 408 1204 Si
430 1171 581 1205 autem
598 1161 837 1215 violenter,
856 1175 994 1205 omne
1012 1171 1164 1205 autem
1177 1159 1433 1204 violentum
1452 1168 1519 1203 est
1547 1169 1706 1203 contra
1722 1168 1949 1213 naturam,
1969 1158 2079 1202 unio
2094 1158 2231 1217 igitur

270 1228 451 1272 animae
485 1228 540 1272 ad
568 1243 733 1288 corpus
756 1238 824 1272 est
848 1238 1027 1286 praeter
1051 1237 1286 1282 naturam3
1323 1227 1469 1271 homo
1501 1227 1652 1284 igitur,
1685 1226 1762 1284 qui
1793 1239 1850 1269 ex
1880 1234 2074 1284 utroque
2105 1238 2230 1270 com-

267 1296 464 1354 ponitur,
491 1305 559 1339 est
591 1295 698 1355 quid
724 1295 1006 1350 innaturale;
1034 1295 1158 1354 quod
1183 1304 1308 1353 patet
1335 1308 1434 1339 esse
1459 1292 1638 1338 falsum.
1665 1293 1919 1347 Praeterea,
1951 1291 2228 1338 substantiae

266 1362 597 1406 intellectuales
612 1362 784 1407 altioris
802 1362 973 1406 ordinis
991 1371 1096 1406 sunt
1111 1376 1250 1421 quam
1263 1375 1457 1420 corpora
1473 1359 1691 1405 coelestia
1705 1375 1715 1414 ;
1728 1360 1776 1403 in
1794 1359 2059 1419 corporibus
2076 1369 2229 1404 autern

270 1429 542 1474 coelestibus
568 1429 684 1473 nihil
708 1429 936 1473 invenitur
966 1429 1237 1483 violentum,
1270 1442 1419 1487 neque
1446 1438 1604 1472 contra
1636 1436 1878 1481 naturam3
1914 1425 2061 1470 multo
2093 1426 2230 1485 igitur

267 1497 420 1540 minus
446 1496 493 1540 in
516 1496 776 1541 substantiis
810 1495 1206 1541 intellectualibus.
1946 1510 1953 1517 ·
2095 1545 2098 1548 Δ

358 1564 406 1607 Si
433 1574 586 1608 autem
618 1563 881 1608 naturaliter
914 1564 1094 1607 animae
1135 1572 1240 1607 sunt
1281 1562 1548 1622 corporibus
1590 1561 1758 1615 unitae,
1798 1559 2061 1606 naturaliter
2090 1560 2226 1620 igitur

269 1630 450 1675 animae
483 1631 529 1674 in
556 1631 626 1674 sui
659 1631 888 1674 creatione
918 1630 1200 1689 appetierunt
1218 1630 1483 1689 corporibus
1509 1629 1640 1672 uniri.
1667 1628 1909 1687 Appetitus
1932 1637 2084 1673 autem
2103 1637 2231 1674 natu-

267 1697 374 1742 ralis
400 1698 553 1742 statim
578 1698 729 1756 prodit
753 1697 800 1741 in
825 1707 992 1751 actum,
1019 1697 1107 1741 nisi
1133 1698 1189 1741 sit
1230 1696 1400 1756 aliquid
1426 1696 1694 1755 impediens,
1721 1695 1839 1739 sicut
1868 1704 1992 1754 patet
2020 1695 2068 1739 in
2098 1704 2228 1740 motu

268 1765 475 1823 gravium
503 1775 546 1808 et
567 1764 759 1819 levium;
785 1774 946 1808 natura
973 1764 1096 1808 enim
1122 1778 1304 1823 semper
1325 1778 1418 1807 uno
1446 1763 1586 1807 modo
1615 1772 1842 1822 operatur.
1872 1762 2036 1807 Statim
2069 1776 2179 1822 ergo
2202 1776 2233 1806 a

265 1832 488 1890 principio
508 1846 615 1875 suae
643 1831 884 1876 creationis
910 1830 1103 1875 fuissent
1134 1831 1400 1890 corporibus
1426 1830 1594 1884 unitae,
1619 1830 1707 1874 nisi
1739 1839 1858 1874 esset
1890 1828 2058 1888 aliquid
2090 1829 2230 1887 impe-

268 1899 409 1942 diens.
444 1899 534 1942 Sed
561 1912 701 1942 omne
722 1898 980 1957 ⁴impediens
1007 1898 1350 1942 exsecutionem
1367 1897 1584 1940 naturalis
1604 1896 1830 1955 appetitus
1868 1905 1936 1940 est
1959 1895 2229 1940 violentiam

267 1966 478 2010 inferens.
511 1966 599 2010 Per
629 1965 898 2010 violentiam
930 1965 1067 2024 igitur
1098 1965 1183 2009 fuit
1215 1965 1337 2024 quod
1377 1965 1556 2008 animae
1591 1973 1741 2008 essent
1777 1963 1930 2022 aliquo
1962 1972 2171 2023 tempore
2203 1978 2229 2008 a

269 2034 536 2092 corporibus
555 2043 810 2092 separatae;
840 2033 962 2091 quod
987 2042 1054 2077 est
1078 2033 1422 2085 inconveniens,
1439 2042 1537 2075 tum
1555 2031 1661 2090 quia
1677 2031 1724 2074 in
1749 2029 1838 2075 illis
1854 2030 2115 2076 substantiis
2133 2044 2229 2077 non

268 2110 418 2160 potest
451 2115 549 2145 esse
577 2100 746 2159 aliquid
773 2099 1042 2154 violentum,
1069 2109 1118 2143 ut
1154 2114 1289 2158 supra
1321 2108 1559 2143 ostensum
1592 2107 1672 2151 est,
1698 2107 1797 2141 tum
1839 2097 1944 2156 quia
1974 2096 2229 2147 violentum

269 2176 312 2212 et
339 2167 461 2226 quod
484 2177 552 2212 est
569 2177 728 2211 contra
744 2176 969 2221 naturam,
997 2181 1137 2226 quum
1165 2168 1223 2210 sit
1247 2180 1327 2225 per
1361 2165 1585 2219 accidens,
1611 2178 1707 2209 non
1733 2173 1885 2223 potest
1908 2177 2007 2211 esse
2032 2158 2154 2224 prius
2171 2177 2229 2208 eo

269 2236 391 2294 quod
425 2245 493 2279 est
518 2234 771 2279 secundum
797 2244 1023 2287 naturam,
1055 2247 1205 2292 neque
1226 2243 1372 2277 totam
1399 2232 1600 2290 speciem
1633 2245 1933 2290 consequens.

358 2302 615 2355 Praeterea,
642 2316 784 2360 quum
820 2301 1181 2360 unumquodque
1217 2299 1482 2345 naturaliter
1515 2308 1697 2358 appetat
1721 2312 1851 2342 suam
1884 2296 2229 2356 perfectionem,

269 2369 486 2412 materiae
506 2378 573 2413 est
590 2378 800 2428 appetere
826 2367 1023 2421 forman,
1056 2377 1100 2412 et
1125 2382 1220 2411 non
1247 2381 1270 2411 e
1299 2380 1535 2411 converso.
1563 2366 1733 2410 Anima
1760 2374 1914 2409 autern
1937 2374 2229 2424 comparatur

270 2436 326 2480 ad
354 2450 518 2494 corpus
545 2437 662 2480 sicut
685 2434 834 2479 forma
869 2435 925 2479 ad
952 2435 1209 2488 materiam,
1241 2444 1290 2478 ut
1316 2448 1452 2493 supra
1483 2433 1545 2492 (c.
1578 2445 1643 2490 57.
1678 2442 1722 2477 et
1759 2431 1852 2490 75.)
1880 2441 2117 2476 ostensum
2149 2442 2230 2477 est.

267 2503 375 2547 Non
408 2503 545 2562 igitur
571 2503 680 2546 unio
709 2502 889 2546 animae
917 2501 973 2546 ad
1000 2515 1165 2561 corpus
1191 2501 1241 2545 fit
1266 2516 1347 2560 per
1373 2501 1623 2560 appetitum
1652 2499 1847 2553 animae,
1873 2498 1953 2543 sed
1979 2499 2128 2558 magis
2147 2513 2229 2558 per

270 2571 522 2630 appetitum
554 2570 773 2629 corporis.

359 2638 409 2682 Si
436 2648 589 2682 autem
615 2638 791 2682 dicatur
812 2637 934 2696 quod
961 2647 1203 2695 utrumque
1226 2644 1292 2680 est
1325 2637 1504 2680 animae
1530 2633 1751 2687 naturale,
1778 2632 1955 2678 scilicet
1985 2632 2103 2677 uniri
2134 2646 2230 2677 cor-

269 2705 371 2764 pori
398 2715 442 2748 et
475 2719 572 2749 esse
600 2719 625 2748 a
652 2718 845 2764 corpore
878 2713 1135 2763 separatam
1162 2717 1244 2762 pro
1278 2702 1465 2747 diversis
1487 2700 1784 2759 temporibus,
1815 2700 1907 2744 hoc
1927 2698 2105 2744 videtur
2129 2713 2229 2744 esse

270 2771 570 2831 impossibile,
603 2772 709 2831 quia
735 2786 788 2816 ea
822 2785 937 2830 quae
974 2771 1238 2815 naturaliter
1276 2770 1508 2814 variantur
1549 2769 1670 2813 circa
1695 2768 1949 2826 subjectum
1980 2776 2086 2812 sunt
2117 2767 2231 2812 acci·

269 2840 436 2894 denna,
459 2841 574 2884 sicut
598 2841 808 2898 juventus
836 2849 880 2883 et
896 2849 1119 2883 senectus.
1139 2838 1188 2881 Si
1203 2837 1340 2896 igitur
1366 2837 1484 2881 uniri
1506 2835 1689 2893 corpori
1710 2845 1755 2879 et
1780 2834 1979 2893 separari
1994 2848 2022 2878 a
2036 2847 2229 2892 corpore

267 2906 534 2951 naturaliter
559 2906 680 2950 circa
712 2908 915 2950 animam
940 2906 1151 2955 varietur,
1179 2905 1262 2945 erit
1294 2903 1506 2945 accidens
1534 2902 1714 2944 animae
1741 2901 1924 2959 corpori
1939 2900 2081 2955 uniri;
2104 2900 2227 2946 etsie

269 2988 323 3018 ex
344 2974 432 3018 hac
461 2974 632 3017 unione
652 2973 798 3013 homo
822 2972 1060 3013 costitutus
1083 2982 1177 3012 non
1205 2968 1289 3012 erit
1314 2982 1394 3012 ens
1421 2982 1502 3027 per
1527 2981 1590 3022 se,
1613 2967 1692 3012 sed
1717 2981 1796 3027 per
1822 2967 2049 3012 accidens.

314 3078 317 3079 ⁷
356 3041 622 3079 Praeterea:
650 3049 788 3079 omne
810 3034 923 3079 illud
946 3035 1020 3078 cui
1052 3035 1217 3079 accidit
1244 3034 1440 3079 alteritas
1468 3034 1619 3093 aliqua
1636 3034 1890 3079 secundum
1920 3034 2228 3080 diversitatem

270 3112 546 3161 temporum,
563 3111 631 3146 est
647 3102 901 3159 subjectum
919 3101 1106 3146 coelesti
1124 3102 1285 3156 motui,
1303 3116 1440 3161 quem
1458 3104 1658 3160 sequitur
1679 3111 1800 3146 totus
1817 3101 2038 3160 temporis
2056 3115 2226 3147 cursus.

272 3169 561 3213 Substantiae
594 3178 746 3213 autem
771 3168 1103 3213 intellectuales
1136 3179 1181 3213 et
1205 3169 1521 3228 incorporeae,
1548 3171 1663 3214 inter
1685 3183 1797 3228 quas
1823 3179 1929 3214 sunt
1953 3169 2132 3215 animae
2163 3183 2228 3214 se-

267 3247 466 3295 paratae,
485 3236 708 3280 excedunt
732 3246 880 3280 totum
908 3236 1117 3281 ordinem
1145 3237 1373 3295 corporis;
1401 3237 1519 3280 unde
1545 3251 1640 3281 non
1656 3246 1847 3296 possunt
1877 3250 1977 3282 esse
1998 3237 2227 3295 subjectae

270 3303 543 3348 coelestibus
560 3303 774 3348 motibus.
788 3303 1075 3362 Impossibile
1094 3313 1161 3347 est
1176 3303 1312 3361 igitur
1330 3304 1452 3362 quod
1470 3303 1721 3365 secundum
1737 3303 1914 3349 diversa
1929 3312 2138 3363 tempora
2153 3317 2229 3348 na-

265 3371 468 3414 turaliter
481 3371 693 3415 uniantur
705 3371 977 3430 quandoque
991 3379 1034 3415 et
1046 3380 1309 3429 separentur
1325 3371 1612 3430 quandoque,
1623 3369 1696 3415 vel
1706 3369 1971 3416 naturaliter
1985 3384 2107 3415 nunc
2118 3369 2227 3425 hoc,

269 3451 389 3480 nunc
417 3437 527 3481 illud
555 3446 782 3497 appetant.

360 3503 408 3547 Si
435 3513 587 3548 autem
615 3504 790 3548 dicatur
811 3503 932 3563 quod
959 3518 1106 3564 neque
1133 3517 1211 3563 per
1236 3502 1503 3549 violentiam
1535 3518 1684 3564 neque
1715 3518 1796 3565 per
1825 3513 2036 3550 naturam
2063 3516 2224 3562 corpo-

266 3570 386 3614 ribus
419 3571 647 3626 uniuntur,
671 3572 747 3616 sed
775 3581 1027 3630 spontanea
1053 3570 1302 3626 voluntate,
1334 3570 1425 3616 hoc
1454 3585 1552 3617 esse
1578 3585 1672 3617 non
1705 3580 1868 3631 potest.
1900 3569 2066 3629 Nullus
2097 3570 2221 3617 enim

2316 2806 2332 2975 1²2.QO
2323 2730 2332 2797 :mam
2319 2619 2332 2715 ,nea-222
2323 2544 2332 2582 με
2330 2471 2332 2473 .
2323 2393 2332 2443 ..ηπ

2306 3465 2332 3854 22
