2332 3854
246 168 354 236 364
924 183 1079 221 LrnER
1117 182 1196 221 111.
1239 182 1359 222 car».
1400 183 1486 222 tv.

243 282 421 326 divinae
453 282 729 326 substantiae
755 293 799 326 et
827 282 1004 326 claritas
1030 282 1287 326 intellectus
1319 283 1460 327 divini
1483 295 1590 329 sunt
1614 285 1834 344 aequalia,
1861 286 2008 330 immo
2041 287 2188 346 magis

243 358 346 392 sunt
370 363 527 392 unum.
554 348 840 406 Impossibile
867 359 935 391 est
960 348 1110 406 igitur,
1137 350 1259 407 quod
1281 349 1538 395 intellectus
1565 362 1739 396 creatus
1772 365 1852 409 per
1883 351 2039 396 lumen
2058 364 2182 411 prae·

241 414 414 458 dictum
439 416 589 459 videat
621 416 821 458 divinam
854 416 1152 458 substantiam
1194 415 1255 459 ita
1286 415 1485 474 perfecte
1523 417 1639 461 sicut
1663 417 1862 475 perfecte
1887 429 1956 462 est
1986 418 2189 463 visibilis.

243 480 398 525 Omne
425 492 577 525 autem
600 482 720 538 quod
740 481 1139 538 comprehenditur
1156 482 1208 524 ab
1232 481 1385 541 aliquo
1404 495 1726 542 cognoscente,
1746 485 2040 542 cognoscitur
2057 485 2111 529 ab
2135 499 2191 529 eo

242 547 302 590 ita
328 547 523 605 perfecte
550 548 666 590 sicut
692 546 1001 604 cognoscibile
1028 557 1107 591 est.
1129 546 1224 599 Qui
1240 549 1361 591 enim
1389 550 1517 593 novit
1534 551 1655 608 quod
1672 550 1924 608 triangulus
1942 550 2080 595 habet
2103 561 2195 595 tres

244 613 434 670 angulos
462 613 674 670 aequales
701 613 875 656 duobus
906 613 1059 666 rectis,
1081 614 1211 671 quasi
1242 615 1470 671 opinabile
1496 617 1728 674 quoddam
1755 616 1980 675 probabili
2004 616 2195 671 ratione,

243 680 347 737 quia
380 679 444 722 sic
487 694 511 721 a
538 679 814 736 sapientibus
840 679 1017 732 dicitur,
1043 680 1250 724 nondum
1277 681 1367 724 hoc
1406 682 1777 739 comprehendit;
1803 683 1882 726 sed
1913 682 2066 726 solum
2101 682 2193 737 ille,

243 745 320 802 qui
350 745 440 788 hoc
473 745 601 787 novit
631 745 760 802 quasi
791 745 1023 802 quoddam
1054 745 1225 800 scibile,
1251 761 1330 805 per
1362 749 1567 791 medium
1596 747 1719 805 quod
1751 758 1820 793 est
1845 751 1996 792 causa'.
2022 748 2198 807 Impos-

243 810 370 854 sibile
399 821 465 854 est
485 811 622 868 igitur
648 811 770 868 quod
793 810 1050 855 intellectus
1073 822 1249 856 creatus
1271 813 1470 857 divinam
1494 814 1792 858 substantiam
1818 815 2195 873 comprehendat.

332 877 518 920 Adhuc:
550 877 692 920 virtus
724 876 850 920 finita
880 891 974 921 non
1006 888 1156 936 potest
1191 879 1446 938 adaequare
1471 881 1518 923 in
1550 894 1632 924 sua
1663 881 1931 938 operatione
1962 881 2196 940 objectum

242 942 483 986 infinitum.
518 942 778 987 Substantia
806 953 959 987 autem
991 945 1143 988 divina
1170 955 1237 989 est
1269 946 1500 1004 quoddam
1532 945 1760 990 infinitum
1786 960 1866 1006 per
1893 946 2198 1005 comparatio-

242 1023 348 1053 nem
377 1010 432 1052 ad
459 1023 647 1052 omnem
664 1009 947 1053 intellectum
964 1022 1184 1064 creatum,
1202 1026 1308 1056 cum
1331 1013 1480 1056 omnis
1498 1012 1756 1057 intellectus
1773 1023 1950 1057 creatus
1971 1013 2053 1057 sub
2076 1023 2199 1057 certa

244 1076 393 1134 specie
418 1076 699 1119 terminetur.
726 1076 1013 1134 Impossibile
1040 1088 1108 1122 est
1134 1092 1244 1136 ergo
1272 1079 1394 1136 quod
1416 1079 1531 1122 visio
1559 1079 1750 1137 alicujus
1774 1079 2030 1124 intellectus
2054 1079 2197 1125 creati

245 1142 466 1201 adaequet
490 1143 535 1185 in
562 1142 759 1186 videndo
786 1143 987 1194 divinam
1010 1144 1322 1198 substantiam,
1340 1144 1514 1189 scilicet
1531 1146 1592 1188 ita
1609 1144 1807 1204 perfecte
1818 1146 1966 1204 ipsam
1982 1145 2196 1199 videndo,

243 1209 359 1252 sicut
383 1209 571 1253 visibilis
593 1219 674 1253 est.
699 1209 864 1252 Nullus
890 1210 1027 1286 igitur
1051 1210 1309 1254 intellectus
1335 1220 1512 1255 creatus
1539 1212 1686 1286 ipsam
1713 1211 2074 1270 comprehendit.

332 1275 568 1334 Amplius:
597 1289 734 1320 omne
768 1289 908 1334 agens
933 1277 980 1319 in
1004 1286 1182 1321 tantum
1209 1276 1407 1335 perfecte
1434 1278 1541 1335 agit,
1563 1278 1611 1321 in
1637 1288 1860 1336 quantum
1884 1277 2098 1337 perfecte
2096 1290 2201 1336 par-

244 1342 403 1401 ticipat
427 1341 626 1386 formam
653 1356 769 1400 quae
796 1352 864 1386 est
889 1343 1169 1422 operationis
1201 1343 1488 1402 principium.
1520 1343 1690 1387 Forma
1716 1354 1870 1388 autem
1895 1342 2201 1420 ’intelligibilis

244 1423 332 1466 qua
356 1409 508 1452 divina
534 1408 783 1452 substantia
814 1409 991 1453 videtur
1023 1401 1103 1453 est·
1120 1410 1218 1468 ipsa
1244 1410 1397 1453 divina
1423 1410 1632 1463 essentia,
1659 1424 1790 1468 quae,
1823 1410 1909 1455 etsi
1937 1409 2018 1454 fiat
2046 1408 2199 1455 forma

243 1474 540 1533 intelligibilis
582 1474 838 1519 intellectus
877 1463 1030 1528 creati,
1066 1490 1161 1520 non
1194 1486 1350 1520 tamen
1383 1476 1641 1521 intellectus
1687 1487 1865 1522 creatus
1901 1476 2024 1535 capit
2051 1478 2201 1536 ipsam

242 1542 494 1585 secundum
517 1551 669 1585 totum
694 1555 826 1600 posse
860 1543 969 1599 ejus.
1002 1542 1110 1586 Non
1135 1542 1273 1601 igitur
1305 1544 1365 1587 ita
1398 1542 1612 1601 perfecte
1629 1544 1778 1602 ipsam
1802 1543 1927 1588 videt
1951 1544 2071 1588 sicut
2100 1544 2197 1602 ipsa

243 1607 431 1652 visibilis
458 1618 538 1651 est.
563 1607 671 1652 Non
693 1622 803 1666 ergo
831 1609 1234 1667 comprehenditur
1260 1609 1313 1652 ab
1336 1609 1572 1653 intellectu
1599 1620 1766 1654 creato.

332 1674 472 1718 Item.
491 1673 669 1718 nullum
682 1675 1067 1733 compvehensum
1090 1676 1264 1719 excedit
1283 1676 1505 1719 terminos
1523 1675 1967 1734 comprehendentis.
1988 1675 2040 1720 Si
2059 1674 2208 1734 igitur

247 1739 500 1785 intellectus
528 1750 703 1785 creatus
736 1741 938 1784 divinam
974 1742 1271 1786 substantiam
1310 1742 1731 1800 comprehenderet,
1763 1742 1917 1786 divina
1951 1742 2200 1786 substantia

245 1820 340 1850 non
357 1807 595 1851 excederet
610 1807 778 1851 limites
803 1807 1061 1852 intellectus
1085 1809 1238 1863 creati,
1261 1809 1385 1867 quod
1409 1819 1479 1854 est
1503 1808 1798 1867 impossibile.
1821 1807 2109 1868 Impossibile
2131 1817 2200 1853 est

246 1874 381 1932 igitur
407 1874 528 1932 quod
554 1873 812 1918 intellectus
839 1886 1015 1919 creatus
1042 1875 1243 1918 divinam
1270 1875 1567 1919 substantiam
1596 1875 1970 1934 comprehendat.

333 1940 442 1984 Non
484 1951 636 1985 autem
668 1941 731 1984 sic
765 1941 924 1985 dicitur
962 1942 1084 1999 quod
1117 1942 1268 1985 divina
1300 1942 1549 1986 substantia
1580 1943 1633 1986 ab
1682 1941 1915 1986 intellectu
1949 1946 2102 1991 creato
2133 1940 2201 1984 vi-

247 2007 388 2061 detur,
414 2021 510 2051 non
533 2017 689 2051 tamen
711 2008 1134 2066 comprehenditur;
1160 2010 1290 2066 quasi
1312 2008 1480 2066 aliquid
1498 2008 1594 2065 ejus
1610 2008 1831 2062 videatur,
1843 2017 1895 2052 ‘et
1916 2007 2087 2067 aliquid
2107 2019 2203 2052 non

244 2074 473 2128 videatur;
501 2088 607 2117 cum
639 2074 790 2117 divina
822 2074 1070 2119 substantia
1102 2075 1159 2118 sit
1189 2074 1382 2133 simplex
1409 2075 1615 2118 omnino.
1650 2074 1741 2119 Sed
1773 2075 1879 2133 quia
1902 2074 2086 2119 nonita
2106 2086 2203 2133 per·

244 2139 362 2184 fecte
396 2141 449 2183 ab
481 2140 713 2184 intellectu
749 2151 902 2184 creato
934 2141 1126 2194 videtur,
1153 2141 1270 2185 sicut
1299 2141 1486 2185 visibilis
1519 2151 1609 2195 est;
1643 2154 1722 2200 per
1752 2153 1891 2200 quem
1916 2139 2109 2184 modum
2134 2139 2199 2183 di-

246 2207 361 2250 citur
377 2207 570 2265 opinans
588 2206 936 2251 conclusionem
960 2207 1366 2251 demonstrativam
1385 2221 1683 2266 cognoscere,
1700 2207 1780 2252 sed
1795 2221 1890 2258 non
1906 2206 2203 2264 comprehen-

246 2273 365 2327 dere,
392 2274 498 2332 quia
515 2288 609 2317 non
635 2273 832 2332 perfecte
857 2274 1003 2331 ipsam
1032 2274 1286 2332 cognoscit,
1313 2273 1488 2318 scilicet
1513 2288 1592 2332 per
1617 2273 1808 2318 modum
1841 2273 2074 2328 scientiae,
2092 2271 2203 2317 licet

245 2339 370 2383 nulla
396 2354 498 2398 pars
525 2341 620 2398 ejus
647 2340 703 2384 sit
728 2353 866 2398 quam
892 2354 986 2384 non
1014 2350 1279 2398 cognoscat.

1005 2538 1260 2593 CAPUT
1303 2538 1446 2593 LVI.

422 2680 581 2726 QUOD
620 2679 834 2719 NULLUS
876 2679 1256 2719 INTELLECTUS
1299 2679 1545 2719 CREATUS
1586 2678 1838 2718 VIDENDO
1880 2678 2037 2717 DEUM

565 2762 734 2800 VIDET
777 2762 955 2800 OMNIA
996 2762 1143 2807 QUAE
1184 2763 1240 2801 IN
1279 2762 1352 2800 EO
1392 2761 1580 2800 VIDERI
1620 2761 1884 2801 POSSUNT.

338 2878 402 2922 Ex
432 2879 524 2922 hoc
559 2888 711 2922 autem
745 2888 929 2937 apparet
961 2878 1083 2936 quod
1115 2878 1373 2923 intellectus
1407 2888 1598 2931 creatus,
1636 2878 1720 2922 etsi
1759 2877 1961 2921 divinam
2000 2876 2202 2921 substan·

248 2947 358 2989 tiam
390 2946 555 2999 videat,
571 2959 665 2989 non
690 2956 846 2989 tamen
874 2948 1028 2988 omnia
1057 2946 1297 3002 cognoscit
1329 2959 1446 3003 quae
1472 2959 1551 3003 per
1577 2945 1778 2987 divinam
1804 2943 2104 2988 substantiam
2127 2957 2201 2987 co·

247 3013 406 3069 gnosci
438 3022 639 3070 possunt.
675 3010 807 3055 Tunc
840 3012 961 3054 enim
995 3011 1145 3054 solum
1179 3025 1366 3055 necesse
1403 3020 1483 3064 est,
1513 3011 1634 3069 quod
1673 3010 1860 3068 cognito
1898 3009 2050 3068 aliquo
2087 3009 2202 3068 prin-

249 3079 383 3136 cipio,
426 3093 587 3122 omnes
640 3080 736 3136 ejus
779 3076 964 3121 effectus
1007 3087 1346 3136 cognoscantur
1383 3091 1462 3134 per
1501 3078 1667 3135 ipsum,
1707 3076 1891 3135 quando
1928 3075 2201 3134 principium

249 3146 649 3204 comprehenditur
678 3144 926 3188 intellectu.
962 3145 1036 3188 Sic
1081 3145 1205 3188 enim
1247 3144 1522 3203 principium
1556 3144 1740 3202 aliquod
1772 3157 1853 3202 per
1895 3156 2024 3189 suam
2055 3151 2202 3187 totam

247 3213 456 3256 virtutem
491 3213 798 3270 cognoscitur,
832 3212 1014 3269 quando
1048 3225 1208 3254 omnes
1244 3210 1430 3254 effectus
1458 3212 1553 3267 ejus
1582 3220 1923 3269 cognoscuntur
1952 3208 2075 3268 quod
2101 3220 2203 3253 cnu-

250 3289 402 3323 santur
430 3293 483 3323 ex
509 3279 624 3337 ipso.
657 3278 744 3322 Per
771 3278 970 3321 divinam
1006 3285 1158 3320 autem
1191 3276 1436 3339 essentiam
1471 3277 1558 3320 alia
1592 3285 1946 3335 cognoscuntur,
1977 3273 2204 3319 sicut‘co-

251 3356 530 3403 gnoscuntur
561 3344 748 3389 effectus
782 3358 836 3388 ex
878 3357 1028 3388 causa.
1072 3343 1193 3388 Cum
1225 3344 1362 3402 igitur
1403 3342 1662 3387 intellectus
1705 3352 1881 3387 creatus
1919 3353 2014 3386 non
2056 3340 2201 3400 possit

250 3412 450 3456 divinam
477 3412 775 3456 substantiam
804 3424 1084 3470 cognoscere
1107 3411 1171 3454 sic
1194 3409 1316 3469 quod
1343 3410 1489 3468 ipsam
1516 3409 1893 3469 comprehendat,
1917 3420 2012 3453 non
2038 3416 2108 3452 est
2126 3419 2204 3452 ne-

251 3480 495 3523 cessarium
538 3479 661 3538 quod
707 3478 906 3522 videndo
947 3477 1107 3537 ipsam,
1141 3475 1299 3521 omnia
1330 3476 1483 3520 videat
1524 3490 1640 3535 quae
1682 3488 1764 3535 per
1797 3472 2201 3535 ipsam‘cognosci

251 3557 453 3604 possunt.
1887 3568 1889 3571 ⁴

2318 3352 2322 3371 ν·
2308 2668 2332 3305 212:⁹1&ss'rmfflfflmfflzfflQ-ffls.
2316 2587 2332 2647 .«.·.«.--.·
2324 2554 2332 2568 „-
2329 2491 2332 2496 .
2323 2427 2327 2431 »
2314 2308 2332 2387 5121<ae
