2332 3854
826 223 981 264 LIBER
1019 223 1055 262 1.
1097 224 1218 262 CAP.
1257 222 1350 262 XC·
1962 222 2060 275 105

116 322 280 378 luntas,
320 322 490 368 similes
531 323 819 383 operationes
851 325 1102 370 secundum
1133 324 1359 370 rationem
1390 321 1572 382 speciei,
1612 322 1950 381 operationibus
1989 337 2064 382 ap-

115 390 280 453 petitus
305 389 520 444 sensitivi,
547 390 594 434 in
614 389 705 434 hoc
729 390 999 445 differentes,
1026 391 1148 451 quod
1170 391 1216 434 in
1243 389 1441 450 appetitu
1467 388 1682 434 sensitivo
1706 399 1810 433 sunt
1830 391 2064 448 passiones

114 466 299 518 propter
318 458 785 501 communicationem
808 458 903 515 ejus
930 458 985 501 ad
1012 471 1237 516 organum
1258 455 1511 515 corporale,
1537 455 1583 499 in
1610 454 1888 500 intellectivo
1912 465 2065 499 autem

114 529 220 569 sunt
259 523 548 582 operationes
591 522 834 582 simplices.
878 523 1005 567 Sicut
1045 523 1167 568 enim
1200 536 1279 582 per
1318 521 1577 582 passionem
1609 521 1801 575 timoris,
1843 535 1957 580 quae
1999 531 2066 566 est

111 588 163 634 in
192 589 389 649 appetitu
421 589 653 642 sensitivo,
684 587 846 647 refugit
880 591 978 647 quis
1010 589 1185 633 malum
1216 589 1433 642 futurum,
1458 588 1520 632 ita
1561 588 1658 632 sine
1698 587 1908 646 passione
1941 586 2066 631 intel-

112 653 302 700 lectivus
328 655 549 714 appetitus
569 655 692 699 idem
715 663 938 714 operatur.
960 654 1079 699 Cum
1106 655 1242 714 igitur
1265 655 1482 713 gaudium
1508 663 1552 699 et
1578 653 1818 699 delectatio
1844 653 1949 698 Deo
1971 667 2065 697 non

39 731 56 781 j
111 731 363 781 repugnent
393 721 643 766 secundum
669 731 801 765 suam
833 721 1048 780 speciem,
1075 721 1153 765 sed
1180 721 1331 767 solum
1363 722 1409 766 in
1442 731 1663 781 quantum
1688 720 1922 780 passiones
1947 730 2065 775 sunt,

42 782 72 845 {is
110 787 160 832 in
183 786 422 832 voluntate
442 797 595 832 autern
626 787 714 831 sint
738 786 991 832 secundum
1024 801 1154 832 suam
1186 788 1402 846 speciem,
1434 802 1529 832 non
1561 797 1714 832 autem
1741 797 1789 832 ut
1813 787 2065 847 passiones,

34 871 39 886 -’
109 852 377 913 relinquitur
401 854 524 913 quod
549 854 686 899 etiam
713 853 892 898 divinae
918 852 1141 898 voluntati
1166 868 1260 898 non
1286 854 1446 899 desint.

39 916 60 969 s
198 919 340 966 Item:
361 920 579 980 gaudium
597 931 641 965 et
657 919 898 964 delectatio
916 930 984 965 est
1000 921 1225 979 quaedam
1242 920 1460 978 quietatio
1476 920 1723 965 voluntatis
1738 919 1785 964 in
1801 933 1886 965 suo
1904 919 2063 965 volito.

108 984 237 1032 Deus
263 996 415 1031 autem
439 987 487 1031 in
512 988 676 1046 seipso,
709 986 786 1046 qui
817 996 885 1031 est
915 1001 1050 1031 suurn
1081 986 1329 1046 principale
1354 987 1562 1041 volitum,
1595 988 1793 1032 maxime
1824 988 2064 1047 quietatur,

30 1054 53 1097 J
110 1062 269 1113 utpote
293 1054 340 1097 in
365 1067 415 1099 se
447 1067 635 1098 omnem
667 1052 984 1098 sufficientiam
1016 1054 1204 1099 habens.
1231 1054 1333 1113 Ipse
1364 1054 1501 1113 igitur
1532 1068 1612 1113 per
1643 1068 1756 1099 suan
1780 1053 2063 1099 voluntatem

106 1119 157 1165 in
180 1133 230 1165 se
255 1120 453 1164 maxime
479 1119 646 1179 gaudet
670 1129 715 1164 et
739 1119 999 1166 delectatur.

54 1234 58 1244 f
197 1186 459 1231 Praeterea:
487 1186 729 1231 delectatio
748 1197 816 1231 est
836 1187 1061 1245 quaedam
1084 1187 1361 1246 operationis
1383 1185 1617 1246 perfectio,
1644 1196 1692 1231 ut
1717 1197 1840 1247 patet
1861 1201 1940 1246 per
1962 1186 2066 1232 Phi-

42 1266 53 1311 ζὲ
106 1252 355 1312 bsophum
379 1254 425 1298 in
452 1253 633 1298 decimo
659 1253 809 1298 Ethic.
844 1254 964 1312 (cap.
997 1254 1083 1311 4.):
1111 1253 1284 1313 perficit
1307 1254 1429 1299 enim
1462 1254 1792 1313 operationem,
1824 1255 1940 1299 sicut
1970 1252 2066 1314 pul·

49 1330 56 1365 ς·
108 1320 284 1365 critudo
308 1320 603 1378 juventutem.
632 1319 723 1364 Sed
755 1320 880 1365 Deus
912 1319 1290 1379 perfectissimam
1323 1320 1636 1380 operationem
1671 1321 1808 1366 habet
1833 1322 1880 1366 in
1904 1320 2066 1366 intelli-

106 1386 276 1446 gendo,
300 1396 349 1431 ut
380 1400 434 1431 ex
465 1387 705 1446 praedictis
736 1396 859 1446 patet
890 1388 950 1444 (c.
980 1387 1085 1445 72.).
1121 1387 1170 1431 Si
1200 1388 1338 1446 igitur
1363 1397 1571 1432 nostrum
1602 1387 1855 1447 intelligere
1880 1397 2065 1447 propter

47 1448 67 1508 ’ζμ
105 1456 240 1506 Suam
268 1451 595 1513 perfectionem
621 1463 690 1498 est
713 1452 994 1507 delectabile,
1021 1453 1227 1498 divinum
1258 1453 1511 1513 intelligere
1545 1454 1629 1499 erit
1660 1454 1743 1499 sibi
1770 1453 2065 1499 delectabilis-

105 1519 289 1573 simum.

11 1616 16 1642 ς
44 1617 59 1643 ·.=
107 1606 126 1620 =-
193 1586 430 1646 Amplius:
456 1582 815 1646 unumquodque
841 1586 1105 1632 naturaliter
1130 1587 1177 1631 in
1203 1601 1288 1632 suo
1310 1587 1449 1632 simili
1471 1587 1653 1646 gaudet,
1675 1587 1806 1647 quasi
1830 1589 1875 1633 in
1903 1601 2064 1633 conve-

13 1676 15 1678 *
40 1644 71 1714 *ξ’
104 1653 261 1708 aienti,
277 1653 366 1698 nisi
385 1667 466 1713 per
487 1653 712 1709 accidens,
737 1654 784 1697 in
811 1664 1032 1713 quantum
1053 1663 1120 1698 est
1140 1654 1458 1714 impeditivum
1475 1654 1684 1713 propriae
1703 1654 1924 1709 utilitatis,
1947 1655 2064 1699 sicut

55 1744 58 1748 -
102 1719 233 1780 figuli
254 1720 310 1765 ad
327 1720 525 1765 invicem
542 1720 823 1765 corrixantur
839 1734 921 1780 pro
939 1735 995 1764 eo
1014 1720 1136 1779 quod
1158 1735 1273 1765 unus
1290 1720 1478 1780 impedit
1494 1720 1674 1765 lucrum
1690 1720 1887 1766 alterius.
1907 1720 2062 1768 Omne

105 1796 259 1832 autem
287 1787 463 1832 bonum
490 1797 559 1832 est
582 1786 761 1831 divinae
784 1787 999 1831 bonitatis
1026 1787 1291 1842 similitudo,
1314 1797 1364 1831 ut
1389 1802 1442 1832 ex
1468 1787 1708 1846 praedictis
1730 1788 1790 1845 (c.
1812 1788 1906 1845 40.)
1926 1797 2062 1847 patet,

50 1864 68 1883 ·‘
103 1867 189 1900 nec
212 1867 268 1899 ex
292 1853 444 1913 aliquo
466 1853 589 1898 bono
612 1854 695 1898 sibi
718 1853 893 1913 aliquid
909 1854 1095 1913 deperit.
1118 1854 1404 1913 Relinquitur
1425 1854 1560 1912 igitur
1579 1854 1701 1913 quod
1717 1855 1843 1899 Deus
1861 1855 1917 1899 de
1935 1855 2063 1900 omni

11 1948 13 1950 ·
49 1918 70 1969 „³
105 1920 227 1966 bono
249 1921 429 1980 gaudet.
454 1920 534 1966 Est
558 1921 694 1980 igitur
718 1921 766 1964 in
792 1934 848 1965 eo
876 1921 1055 1980 proprie
1082 1921 1299 1979 gaudium
1327 1931 1372 1965 et
1403 1920 1660 1966 delectatio.

35 1984 55 2033 .’
192 1986 421 2032 Differunt
435 1997 588 2032 autem
606 1987 824 2046 gaudium
837 1997 882 2032 et
902 1986 1144 2032 delectatio
1170 1988 1371 2042 ratione;
1393 2002 1503 2032 nam
1524 1987 1765 2033 delectatio
1782 1988 1992 2047 provenit
2008 2002 2062 2033 ex

50 2054 69 2078 ”
102 2053 227 2100 bono
259 2053 441 2099 realiter
471 2055 734 2112 conjuncto,
767 2054 985 2112 gaudium
1020 2064 1173 2099 autem
1205 2055 1296 2099 hoc
1327 2068 1422 2099 non
1453 2054 1661 2113 requirit;
1698 2054 1777 2099 sed
1809 2054 1909 2099 sola
1940 2055 2063 2114 quie·

49 2122 215 2170 {tatio
247 2119 496 2166 voluntatis
528 2119 692 2165 sufficit
724 2121 780 2165 ad
818 2121 971 2179 gaudii
1006 2121 1259 2165 rationem:
1293 2120 1412 2165 unde
1445 2120 1687 2166 delectatio
1722 2131 1789 2166 est
1819 2121 1970 2166 solum
2004 2121 2060 2166 de

103 2188 350 2246 conjuncto
374 2187 514 2241 bono,
547 2189 583 2231 si
613 2187 795 2245 proprie
827 2197 1057 2242 sumatur3
1090 2188 1309 2246 gaudium
1341 2198 1495 2232 autem
1528 2188 1582 2232 de
1615 2188 1839 2233 exteriori.
1870 2189 1938 2233 Ex
1969 2202 2061 2247 quo

56 2250 73 2290 s
102 2263 227 2315 patet
241 2253 363 2315 quod
379 2254 506 2300 Deus
522 2255 703 2313 proprie
725 2254 771 2297 in
797 2254 947 2313 seipso
965 2253 1240 2309 delectatur3
1262 2254 1430 2314 gaudet
1447 2265 1598 2300 autem
1616 2265 1661 2300 et
1676 2256 1720 2300 in
1738 2269 1788 2300 se
1810 2265 1854 2300 et
1876 2255 1925 2299 in
1948 2254 2060 2299 aliis.

864 2475 1120 2551 CAPUT
1155 2476 1307 2542 XCI.

659 2609 847 2655 QUOD
903 2611 1077 2649 DEUS
1141 2611 1249 2650 SIT
1308 2611 1501 2650 AMOR.

725 2718 779 2777 (I.
800 2727 916 2780 part.
942 2726 1092 2780 quaest.
1119 2721 1212 2765 XX.
1245 2727 1326 2765 art.
1362 2722 1435 2776 1.).

58 2839 119 2902 5}ss
144 2881 146 2884 f
190 2844 411 2902 Similiter
432 2854 584 2890 autem
611 2855 792 2904 oportet
817 2856 861 2890 et
886 2860 1094 2891 amorem
1119 2847 1166 2890 in
1190 2847 1294 2891 Deo
1318 2860 1416 2892 esse
1443 2846 1696 2891 secundum
1723 2855 1877 2890 actum
1902 2844 2060 2890 volun-

63 2906 204 2971 {tatis
229 2913 349 2971 ejus:
372 2912 463 2956 hoc
490 2922 557 2957 est
583 2913 706 2956 enim
728 2913 907 2971 proprie
933 2914 989 2957 de
1014 2913 1190 2958 ratione
1209 2914 1394 2969 amoris,
1412 2914 1532 2972 quod
1551 2927 1710 2957 amans
1725 2913 1899 2957 bonum
1919 2912 2059 2957 amati

28 3008 29 3011 =
65 2975 224 3025 velit.
253 2978 379 3024 Deus
406 2988 558 3024 autem
583 2979 682 3024 vult
705 2979 880 3024 bonum
911 2994 1046 3024 suum
1073 2989 1118 3024 et
1155 2979 1366 3034 aliorum,
1392 2990 1441 3024 ut
1467 2994 1520 3024 ex
1547 2980 1678 3025 dictis
1705 2981 1765 3038 (c.
1794 2980 1885 3038 75.)
1912 2989 2059 3038 patet;

8 3042 10 3047 ’
67 3045 351 3103 3·{··ecundum
374 3045 466 3091 hoc
491 3046 628 3105 igitur
653 3047 778 3091 Deus
802 3056 847 3092 et
872 3061 920 3091 se
948 3057 992 3091 et
1018 3045 1103 3091 alia
1133 3056 1269 3092 amat.

187 3111 377 3156 Adhuc:
406 3112 462 3156 ad
487 3113 726 3158 veritatem
759 3113 928 3157 amoris
960 3113 1198 3172 requiritur
1230 3113 1352 3172 quod
1382 3113 1557 3157 bonum
1592 3112 1796 3171 alicujus,
1829 3123 1964 3171 prout
1990 3123 2058 3161 est

60 3172 212 3236 feius,
231 3177 360 3233 velit3
386 3180 513 3237 cujus
537 3179 660 3224 enim
682 3180 855 3224 bonum
883 3180 1044 3239 aliquis
1070 3179 1167 3223 vult
1192 3180 1341 3224 solum
1365 3190 1498 3239 prout
1519 3180 1566 3223 in
1590 3179 1772 3223 alterius
1797 3179 1971 3224 bonum
1989 3194 2058 3225 ce-

39 3242 181 3298 fait.
203 3258 283 3304 per
309 3244 519 3290 accidens
546 3256 737 3301 amatur,
754 3247 871 3292 sicut
895 3248 973 3306 qui
998 3246 1094 3292 vult
1119 3247 1277 3301 vinum
1304 3247 1579 3301 conservari,
1605 3257 1654 3291 ut
1677 3246 1789 3291 illud
1815 3246 1952 3302 bibat,
1980 3255 2056 3292 aut

44 3354 59 3363 „
76 3303 339 3359 {hominem
365 3321 415 3356 ut
439 3311 523 3357 sibi
548 3312 605 3358 sit
629 3312 750 3358 utilis
779 3324 856 3358 aut
881 3313 1176 3367 delectabilis,
1203 3328 1282 3372 per
1309 3314 1519 3358 accidens
1547 3323 1671 3357 amat
1694 3313 1852 3357 vinum
1880 3324 1957 3359 aut
1978 3314 2058 3359 ho·

5 3428 8 3433 „
321 3391 400 3436 per
426 3392 474 3423 se
497 3388 649 3423 autem
676 3379 891 3439 seipsum.
919 3380 1010 3424 Sed
1041 3380 1167 3425 Deus
1193 3380 1290 3424 vult
1314 3381 1488 3424 bonum
1516 3380 1868 3439 uniuscujusque
1900 3394 2057 3426 secun-

5 3450 8 3458 “
36 3439 209 3498 fidum
230 3443 352 3503 quod
375 3453 444 3489 est
459 3443 581 3502 ejus;
606 3445 702 3490 vult
718 3445 842 3491 enim
859 3446 1217 3505 unumquodque
1236 3460 1334 3491 esse
1357 3447 1590 3491 secundun
1617 3446 1739 3505 quod
1758 3447 1803 3491 in
1817 3460 1865 3491 se
1880 3447 2055 3492 bonum

69 3505 181 3575 {aa
204 3508 313 3556 licet
337 3510 476 3556 etiam
501 3525 643 3557 unum
669 3512 847 3558 ordinet
870 3513 918 3558 in
943 3513 1185 3559 utilitatem
1211 3513 1409 3558 alterius.
1435 3513 1561 3557 Deus
1582 3513 1719 3573 igitur
1739 3527 1845 3559 vere
1871 3524 1993 3559 amat
2011 3523 2055 3559 et
