2332 3854
244 205 315 272 46
891 212 1045 250 LIBER
1086 211 1119 247 1.
1163 211 1282 247 CAP.
1326 207 1550 244 xxxvm.

911 420 1164 477 CAPUT
1205 419 1525 475 XXXVIII.

760 556 918 603 QUOD
959 554 1100 593 DEUS
1139 553 1240 591 EST
1281 553 1398 591 IPSA
1437 552 1691 591 BONITAS.

932 657 987 713 (I.
1009 662 1123 714 part.
1148 670 1186 714 q.
1223 655 1292 699 VI.
1320 661 1401 699 art.
1428 654 1501 710 1.).

336 774 400 818 Ex
426 774 496 817 his
525 782 677 815 autem
702 769 860 814 haberi
885 777 1047 827 potest,
1073 767 1197 826 quod
1222 767 1350 811 Deus
1377 766 1433 811 sit
1458 779 1539 810 sua
1569 765 1774 820 bonitas'3
1807 777 1906 810 esse
1932 763 2055 809 enim
2081 773 2201 819 actu,

246 843 292 886 in
319 853 595 899 unoquoque
623 847 689 881 est
714 837 886 879 bonum
913 835 1068 894 ipsius.
1096 834 1187 878 Sed
1213 834 1340 877 Deus
1370 847 1465 877 non
1492 842 1560 876 est
1585 831 1737 877 solum
1764 846 1844 877 ens
1871 841 1990 886 actu,
2022 830 2102 877 sed
2134 841 2207 876 est

246 910 396 967 ipsum
422 920 553 950 suum
581 917 692 957 esse,
719 912 766 946 ut
792 915 925 960 supra
951 902 1012 959 (c.
1036 899 1128 956 22.)
1155 909 1390 944 ostensum
1413 908 1494 944 est.
1517 899 1596 943 Est
1617 899 1753 958 igitur
1773 899 1870 958 ipsa
1890 897 2086 953 bonitas,
2106 911 2202 944 non

246 984 424 1019 tantum
449 973 608 1015 bonus.

334 1040 595 1083 Praeterea:
613 1034 830 1095 perfectio
848 1034 1200 1092 uniuscujusque
1219 1043 1287 1077 est
1302 1033 1482 1078 bonitas
1497 1034 1608 1092 ejus,
1621 1042 1670 1076 ut
1686 1042 1921 1076 ostensum
1933 1040 2001 1076 est
2011 1033 2077 1090 (c.
2089 1030 2201 1090 37)

248 1106 463 1183 perfectio
491 1113 642 1147 autem
669 1101 809 1145 divini
835 1114 932 1145 esse
957 1114 1053 1144 non
1080 1099 1323 1144 attenditur
1355 1100 1605 1144 secundum
1638 1097 1807 1158 aliquid
1833 1098 2038 1143 additum
2068 1111 2204 1156 supra

248 1174 412 1231 ipsum,
443 1170 520 1214 sed
554 1170 657 1228 quia
689 1169 839 1227 ipsum
870 1167 1123 1211 secundum
1160 1167 1361 1224 seipsum
1394 1166 1646 1225 perfectum
1679 1175 1761 1219 est,
1786 1175 1836 1209 ut
1861 1174 1996 1224 supra
2021 1164 2082 1223 (c
2109 1164 2202 1222 28.)

249 1249 481 1283 ostensum
507 1246 586 1280 est.
614 1235 800 1279 Bonitas
831 1234 966 1292 igitur
998 1233 1087 1276 Dei
1119 1246 1214 1276 non
1247 1242 1315 1277 est
1347 1232 1516 1292 aliquid
1543 1232 1745 1276 additum
1770 1245 1880 1277 suae
1911 1230 2204 1285 substantiae,

248 1305 325 1350 sed
352 1318 432 1348 sua
458 1302 706 1347 substantia
732 1310 799 1345 est
824 1314 905 1344 sua
930 1299 1126 1343 bonitas

335 1371 474 1414 Item:
502 1368 861 1427 unumquodque
891 1367 1065 1410 bonum
1091 1365 1215 1424 quod
1241 1379 1335 1409 non
1362 1375 1430 1409 est
1455 1379 1536 1409 sua
1561 1364 1757 1418 bonitas,
1779 1363 2125 1424 participatione
2144 1363 2207 1411 di-

249 1439 363 1482 citur
385 1437 585 1490 bonum3
613 1435 735 1494 quod
762 1443 914 1478 autem
941 1447 1019 1491 per
1045 1431 1443 1491 participationem
1474 1431 1650 1485 dicitur,
1678 1430 1848 1490 aliquid
1880 1440 1984 1476 ante
2008 1445 2060 1476 se
2085 1444 2211 1490 pxae

249 1503 473 1563 supponit,
500 1517 525 1546 a
551 1516 641 1561 quo
668 1501 893 1545 rationem
919 1499 1104 1558 suscipit
1128 1499 1357 1543 bonitatis.
1384 1498 1487 1542 Hoc
1514 1507 1668 1542 autem
1692 1498 1740 1542 in
1763 1497 1992 1543 infinitum
2017 1511 2127 1543 non
2135 1507 2208 1544 est

250 1569 463 1633 possibile
483 1569 617 1622 abire,
636 1568 740 1627 quia
757 1568 803 1610 in
821 1567 968 1611 causis
986 1565 1195 1609 finalibus
1221 1579 1315 1609 non
1342 1565 1637 1622 proceditur
1625 1579 1672 1608 in
1697 1564 1957 1619 infinitum;
1979 1562 2223 1627 infinitum¹

251 1637 373 1681 enim
399 1645 622 1693 repugnat
646 1635 738 1689 fini,
765 1634 936 1677 bonum
965 1643 1117 1677 autern
1144 1632 1370 1676 rationem
1395 1631 1496 1676 finis
1522 1631 1672 1676 habet.
1701 1630 1932 1690 Oportet
1917 1630 2057 1690 igitur
2078 1629 2210 1676 deve·

251 1704 347 1747 nire
375 1702 430 1746 ad
458 1701 639 1760 aliquod
666 1701 864 1760 primum
890 1700 1079 1753 bonum,
1106 1699 1228 1758 quod
1254 1712 1348 1743 non
1373 1698 1686 1758 participative
1711 1697 1770 1743 sit
1792 1698 1965 1743 bonum
1987 1711 2068 1757 per
2091 1697 2210 1746 ordi·

250 1784 358 1813 nem
385 1769 441 1812 ad
468 1768 650 1827 aliquod
684 1767 818 1821 aliud,
845 1767 923 1810 sed
951 1767 1007 1810 sit
1031 1780 1110 1825 per
1137 1765 1383 1811 essentiam
1410 1779 1541 1810 suam
1565 1765 1754 1812 bonum.
1781 1765 1885 1813 Hoc
1907 1774 2061 1813 autem
2081 1764 2208 1817 Deus

253 1846 343 1890 est;
371 1845 439 1879 est
464 1837 598 1893 igitur
623 1835 749 1878 Deus
775 1848 855 1877 sua
881 1833 1074 1878 bonitas.
2050 1866 2053 1867 γ
2228 1838 2235 1841 ·

341 1903 480 1946 Item:
519 1901 563 1944 id
597 1900 719 1960 quod
747 1910 826 1954 est,
853 1900 1122 1958 participare
1154 1899 1324 1958 aliquid
1360 1908 1535 1958 potest;
1570 1899 1721 1957 ipsum
1748 1908 1900 1944 autem
1932 1911 2047 1953 esse,
2064 1897 2208 1944 mhxl

254 1969 374 2028 quod
401 1969 522 2012 enim
550 1967 802 2026 participat,
818 1967 1020 2025 potentia
1039 1975 1128 2020 est;
1157 1980 1255 2010 esse
1282 1976 1449 2017 autem,
1469 1975 1594 2010 actus
1617 1975 1697 2010 est.
1717 1965 1810 2010 Sed
1825 1965 1952 2010 Deus
1972 1975 2041 2011 est
2058 1965 2211 2024 ipsum

253 2049 365 2089 esse,
391 2045 439 2079 ut
453 2035 706 2093 *probatum
727 2043 794 2078 est
819 2035 880 2092 (c.
909 2046 977 2077 22.
979 2033 1025 2090 );
1051 2047 1146 2077 non
1168 2043 1236 2077 est
1260 2033 1396 2092 igitur
1420 2032 1567 2077 bonus
1599 2032 1928 2097 participative,
1954 2032 2036 2078 sed
2062 2045 2212 2083 essen-

253 2102 431 2147 tialiter.

342 2168 576 2227 Amplius:
604 2182 743 2212 omne
770 2167 978 2227 simplex,
1002 2181 1136 2211 suum
1164 2181 1277 2221 esse,
1304 2177 1349 2212 et
1373 2167 1417 2211 id
1445 2166 1567 2226 quod
1594 2176 1675 2221 est,
1696 2180 1840 2211 unum
1861 2165 2024 2222 habet;
2047 2165 2214 2213 namsi

254 2236 312 2280 sit
333 2235 454 2279 aliud
482 2245 527 2279 et
553 2235 688 2290 aliud,
714 2236 806 2293 jam
825 2234 1092 2311 simplicitas
1109 2234 1358 2279 tolleretur
1384 2234 1512 2278 Deus
1536 2243 1690 2279 autem
1707 2242 1776 2278 est
1791 2233 1986 2279 omnino
2005 2231 2214 2292 simplex,

257 2313 304 2346 ut
330 2312 564 2347 ostensum
587 2312 654 2347 est
679 2304 740 2360 (c.
774 2301 886 2359 18.);
912 2302 1048 2360 igitur
1073 2302 1223 2361 ipsum
1250 2315 1349 2346 esse
1374 2301 1550 2346 bonum
1574 2315 1669 2345 non
1696 2310 1763 2346 est
1787 2299 1909 2345 aliud
1930 2313 2070 2360 quam
2089 2299 2212 2360 ipse:

257 2379 325 2414 est
348 2369 484 2427 igitur
510 2383 593 2413 sua
618 2369 811 2413 bonitas.

345 2437 433 2480 Per
455 2436 616 2480 eadem
637 2436 773 2479 etiam
797 2445 919 2494 patet
939 2434 1062 2494 quod
1084 2434 1262 2479 nullum
1281 2434 1402 2479 aliud
1419 2435 1594 2480 bonum
1616 2445 1684 2480 est
1703 2449 1786 2480 sua
1804 2434 2012 2490 bonitas3
2027 2442 2216 2494 propter

259 2503 381 2562 quod
408 2503 570 2547 dicitur
594 2502 776 2561 (Matth.
804 2502 928 2556 XIX.
961 2502 1075 2559 17..)
1103 2502 1237 2547 Nemo
1264 2504 1407 2557 bonus,
1433 2504 1514 2547 nisi
1537 2503 1644 2548 solus
1668 2503 1797 2548 Deus.

953 2657 1207 2714 CAPUT
1248 2658 1514 2712 XXXIX.

652 2792 811 2839 QUOD
846 2794 901 2832 IN
935 2793 1049 2831 DEO
1082 2794 1200 2833 NON
1232 2793 1424 2831 POSSIT
1456 2793 1584 2831 ESSE
1614 2792 1829 2833 MALUM.

351 2901 415 2945 Ex
441 2901 530 2946 hoc
559 2911 710 2946 autem
738 2901 1029 2946 manifestum
1052 2911 1237 2961 apparet
1258 2902 1381 2961 quod
1405 2902 1453 2946 in
1478 2902 1582 2946 Deo
1604 2916 1699 2946 non
1723 2911 1874 2961 potest
1892 2915 1995 2964 esse
2016 2899 2219 2957 maltum

263 2981 360 3013 esse
393 2969 530 3022 enim,
557 2979 602 3013 et
626 2968 819 3022 bonitas,
846 2979 889 3012 et
916 2968 1071 3012 omnia
1103 2983 1219 3027 quae
1251 2983 1331 3027 per
1363 2969 1606 3013 essentiam
1640 2969 1865 3023 dicuntur,
1894 2966 2010 3014 nihil
2040 2978 2219 3028 praeter

262 3048 310 3079 se
335 3034 505 3079 habent
545 3035 811 3089 admixtum,
838 3035 944 3080 licet
969 3036 1012 3079 id
1041 3036 1162 3094 quod
1185 3046 1253 3080 est
1276 3036 1450 3080 bonurn
1476 3036 1620 3094 possit
1645 3035 1815 3095 aliquid
1839 3047 2018 3095 praeter
2043 3049 2145 3096 esse
2174 3046 2222 3089 et

262 3099 512 3146 bonitatem
539 3102 719 3146 habere.
746 3102 874 3146 Nihil
900 3103 1022 3147 enirn
1055 3103 1265 3162 prohibet
1288 3103 1380 3147 hoc
1407 3104 1528 3162 quod
1556 3113 1623 3148 est
1648 3103 1725 3147 uni
1756 3100 2027 3162 perfectioni
2056 3116 2221 3163 suppo·

263 3169 416 3222 situm,
444 3170 580 3213 etiam
609 3168 682 3213 alii
709 3170 924 3228 supponi:
953 3170 1070 3214 sicut
1091 3171 1213 3229 quod
1237 3179 1303 3214 est
1327 3184 1507 3228 corpus,
1530 3180 1679 3228 potest
1701 3184 1799 3215 esse
1821 3170 1976 3216 album
1996 3180 2042 3219 et
2061 3169 2220 3225 dulce3

266 3236 620 3294 unumquodque
649 3246 812 3300 auternt
827 3236 941 3280 intra
965 3250 1071 3280 suos
1093 3236 1281 3280 rationis
1308 3236 1527 3280 terminos
1551 3237 1850 3292 concluditur,
1876 3247 1925 3282 ut
1949 3236 2065 3285 nihil
2080 3245 2222 3284 extra-

266 3315 403 3345 neum
429 3303 543 3346 intra
570 3317 617 3347 se
645 3317 805 3362 capere
833 3304 988 3362 possit.
1016 3305 1141 3348 Deus
1170 3314 1323 3347 autern
1356 3314 1423 3347 est
1453 3304 1647 3358 bonitas,
1672 3319 1766 3349 non
1799 3303 1950 3349 solum
1982 3304 2144 3359 bonus,
2169 3313 2221 3349 ut

267 3379 499 3412 ostensum
526 3380 592 3414 est
618 3371 677 3428 (c.
707 3383 771 3429 37.
791 3380 834 3414 et
857 3371 969 3429 38.):
998 3385 1089 3414 non
1112 3381 1259 3430 potest
1288 3370 1421 3429 igitur
1442 3371 1487 3414 in
1516 3386 1570 3415 co
1599 3386 1695 3416 esse
1723 3371 1891 3431 aliquid
1910 3385 2006 3416 non
2026 3370 2220 3427 bonitas,

267 3444 311 3480 et
336 3435 397 3479 ita
424 3435 632 3480 malum
622 3452 667 3481 1n
695 3452 750 3481 eo
779 3438 968 3482 omnino
997 3452 1093 3482 esse
1121 3452 1214 3482 non
1240 3448 1402 3497 potest.

358 3502 590 3561 Amplius:
617 3504 661 3547 id
689 3504 809 3563 quod
837 3515 904 3549 est
927 3505 1187 3564 oppositum
1215 3505 1437 3550 essentiae
1465 3505 1654 3565 alicuius
1681 3506 1760 3561 rei,
1786 3506 1871 3552 sibi
1895 3504 2087 3551 omnino
2113 3517 2220 3551 con·

269 3568 420 3613 venire
447 3583 538 3614 non
567 3580 714 3630 potest
739 3571 846 3616 dum
874 3582 1042 3627 manet,
1069 3572 1182 3618 sicut
1209 3572 1388 3617 homini
1413 3586 1505 3617 non
1533 3583 1681 3633 potest
1714 3573 1958 3619 convenire
1988 3571 2219 3619 irrationa-
