2294 3854
275 219 382 286 654
963 228 1118 266 LIBER
1159 227 1230 265 1v.
1274 228 1394 265 CAP.
1425 227 1521 264 ἰν.

274 343 376 378 cato
404 333 533 376 alteri
554 332 751 376 debitam
777 332 873 389 ipse
897 330 981 374 sibi
1012 343 1106 373 non
1140 329 1339 376 debitam
1356 328 1612 373 voluntarie
1639 340 1856 381 assumat.
1889 331 2046 374 Poena
2072 340 2242 376 aunem>

274 413 556 457 consequens
583 398 771 441 humani
800 397 978 454 generis
1004 406 1244 454 peccatum
1277 404 1344 439 est
1376 409 1501 439 mors
1534 405 1579 439 et
1611 395 1726 439 aliae
1758 395 2074 454 passibilitates
2104 397 2224 442 vime

271 466 533 523 praesentis,
560 465 678 508 sicut
702 477 834 520 supra
858 464 1028 506 dictum
1063 471 1153 515 est3
1187 461 1306 505 unde
1339 471 1384 505 et
1415 460 1665 524 Apostolus
1688 462 1845 519 (Rom.
1877 461 1934 506 V.
1971 463 2062 520 12.)
2093 463 2223 508 dicit:

270 533 352 578 Per
375 547 506 576 unum
538 532 744 574 hominem
771 535 989 588 peccatum
1014 530 1060 571 in
1086 529 1193 572 hunc
1218 527 1424 571 mundum
1455 529 1653 582 intravit,
1686 535 1724 573 et
1748 536 1827 586 per
1849 535 2070 587 peccatum
2098 542 2224 574 mors

272 598 490 656 Oportuit
516 597 651 654 igitur
676 605 724 638 ut
757 609 940 638 carnem
968 594 1230 652 passibilem
1265 605 1311 638 et
1341 593 1585 637 mortalem
1617 593 1742 638 Deus
1776 605 2026 640 assumeret
2051 595 2219 656 alitque

268 673 473 723 peccato,
507 673 554 705 ut
586 663 649 705 sic
682 661 896 719 patiendo
931 671 973 704 et
1007 660 1248 704 moriendo
1291 674 1375 718 pro
1417 660 1552 704 nobis
1588 660 1878 705 satisfaceret
1904 671 1950 705 et
1980 662 2220 720 peccatum

270 729 476 773 auferret.
503 728 558 771 Et
585 728 674 770 hoc
708 737 775 770 est
807 727 928 785 quod
955 726 1207 785 Apostolus
1235 726 1345 771 dicit
1385 726 1543 784 (Rom.
1564 726 1689 771 VIII.
1723 726 1785 784 3.)
1816 727 1939 787 quod
1968 724 2225 773 Datami!

268 796 430 839 Filium
446 809 564 838 suum
597 796 641 837 in
671 793 985 837 similitudinem
1011 795 1151 837 carnis
1171 793 1421 852 peccatihid
1448 803 1516 837 est
1540 793 1787 836 habentem
1814 806 1998 838 carnem
2014 793 2224 839 *similem

268 860 593 919 peccatoribus,
620 859 795 903 scillcet
820 859 1085 917 passibilem
1117 869 1162 903 et
1193 858 1464 913 mortalem;
1497 869 1541 902 et
1567 859 1739 904 subdit:
1773 859 1828 904 Ut
1848 859 2084 919 de'peccato
2103 860 2223 904 dam·

267 933 385 971 naret
402 933 621 985 peccatum
647 928 691 970 in
724 940 864 979 carne,
899 925 944 968 id
978 935 1059 979 est,
1093 935 1141 969 ut
1171 939 1251 984 per
1283 939 1482 984 poenam
1509 939 1646 984 quarn
1674 927 1718 969 in
1747 939 1887 970 car-ne
1914 940 1998 986 pro
2026 936 2222 986 peccato

265 1003 422 1037 nostro
449 992 670 1047 sustinuit,
703 1001 942 1050 peccatum
971 1007 996 1035 a
1021 991 1154 1035 nobis
1182 991 1390 1035 auferret.
1416 990 1594 1046 Tertio,
1623 992 1742 1050 quia,
1769 1005 1849 1050 per
1864 990 2223 1052 shoc'quodfficar-

266 1075 374 1104 nem
401 1059 660 1118 passibilem
689 1069 733 1103 et
759 1058 1003 1102 mortalem
1024 1059 1196 1113 habuit,
1223 1055 1452 1102 efficacius
1486 1057 1608 1102 dedit
1640 1058 2006 1117 nobis'exempla
2029 1059 2220 1113 virtutis,

264 1127 498 1185 passiones
526 1125 672 1170 carnis
694 1125 868 1168 fortiter
893 1124 1169 1183 superando,
1193 1134 1239 1168 et
1265 1124 1330 1168 eis
1352 1125 1552 1168 virtuose
1580 1125 1764 1180 utendo.
1789 1124 1984 1180 Quarto,
2010 1125 2117 1185 quia
2137 1126 2221 1186 'per

265 1195 355 1237 hoc
383 1194 530 1246 margis
557 1192 612 1235 ad
639 1205 769 1250 spem
795 1191 1151 1236 immortalitatis
1179 1191 1410 1248 erigimur,
1438 1191 1559 1249 quod
1585 1191 1682 1249 ipse
1715 1190 1771 1235 de
1788 1191 1921 1241 'statu
1946 1191 2098 1237 carnis
2115 1205 2223 1253 'pas-

264 1260 403 1303 sibilis
437 1269 481 1304 et
508 1258 712 1302 mortalis
740 1267 939 1301 mutatus
966 1267 1032 1302 est
1057 1257 1104 1300 in
1129 1256 1542 1316 impassibilitatem
1570 1267 1614 1301 et
1634 1257 2217 1314 immortalitatem‘cami's3

265 1326 387 1385 quod
414 1327 552 1370 etiam
585 1326 640 1369 de
673 1325 804 1368 nobis
836 1338 1018 1382 sperare
1048 1338 1308 1382 possumus,
1341 1324 1418 1382 qui
1445 1337 1630 1367 carnem
1662 1323 2156 1383 gerimuspassibilem
2174 1334 2222 1371 et

264 1392 520 1436 mortalem.
534 1392 582 1435 Si
599 1405 709 1434 vero
734 1405 758 1433 a
777 1391 999 1449 principio
1019 1405 1206 1434 carnem
1222 1390 1550 1448 impassibilem
1569 1400 1613 1434 et
1629 1389 1943 1434 immortalem
1952 1391 2222 1450 assumpsis-
2240 1388 2243 1390 ’

263 1469 343 1512 set,
370 1458 495 1502 nulla
521 1458 700 1502 daretur
726 1458 910 1502 occasio
944 1457 1338 1501 immortalitatem
1364 1457 1572 1516 sperandi
1597 1456 1669 1500 his
1695 1457 1772 1516 qui
1791 1456 1852 1501 in
1863 1457 2026 1555 seipsis
2052 1463 2220 1502 morta-

261 1525 436 1570 litatem
463 1536 507 1569 et
534 1524 958 1582 corruptibilitatem
981 1526 1283 1582 experiuntur.
1861 1553 1866 1561 ,.
2043 1533 2046 1544 ·
2119 1544 2121 1546 v

352 1592 454 1635 Hoc
487 1592 626 1635 etiam
667 1591 931 1635 mediatoris
969 1590 1174 1634 officium
1212 1590 1483 1649 requirebat,
1516 1600 1565 1634 ut
1597 1603 1894 1634 communem
1925 1558 2158 1636 habetet
2133 1597 2221 1636 no'-

261 1658 437 1703 biscum
464 1657 726 1717 passibilem
753 1671 938 1702 carnem
957 1668 1000 1702 et
1022 1657 1280 1710 mortalem,
1305 1671 1410 1700 cum
1433 1657 1544 1703 Deo
1562 1671 1671 1700 vero
1697 1657 1911 1711 virtutem
1938 1666 1986 1701 et
2008 1657 2220 1717 glomum,

262 1736 324 1779 ut,
352 1725 559 1770 auferens
586 1739 612 1768 a
637 1725 769 1768 nobis
802 1725 925 1783 quod
955 1725 1199 1768 nobiscum
1233 1738 1482 1768 commune
1513 1723 1725 1777 habebat,
1756 1722 1940 1768 scilicet
1954 1724 2219 1784 passionem
2290 1779 2291 1782 Ἰ

262 1803 306 1837 et
331 1802 544 1847 mortem,
577 1792 633 1835 ad
659 1791 704 1835 id
730 1805 816 1835 nos
849 1791 1036 1836 duceret
1067 1791 1189 1850 quod
1221 1790 1306 1835 sibi
1338 1800 1383 1834 et
1413 1791 1517 1834 Deo
1551 1799 1647 1835 erat
1679 1789 2067 1846 commune-31:11&
2091 1792 2214 1842 enim
2290 1792 2294 1806 ³

262 1859 488 1903 mediator
520 1861 575 1902 ad
606 1858 888 1916 jungendum
919 1872 1004 1902 nos
1035 1858 1153 1902 Deo.
1916 1888 1921 1894 «

351 1925 571 1970 Similiter
596 1925 749 1978 etiam,
775 1939 869 1968 non
895 1924 978 1968 fuit
1011 1924 1253 1983 expediens
1286 1923 1408 1982 quod
1435 1923 1560 1967 Deus
1592 1924 1864 1968 incarnatus
1878 1924 2020 1968 vitam
2040 1923 2114 1969 in
2121 1923 2214 1969 hoc
2289 1959 2294 1974 ;

261 1993 435 2036 mundo
463 2001 619 2051 ageret
645 1991 912 2050 opulentam
943 2001 987 2035 et
1018 1991 1270 2035 honoribus
1303 2004 1383 2034 seu
1416 1990 1709 2048 dignitatibus
1740 1989 1999 2044 sublimem,
2028 1999 2084 2034 ut
2107 1990 2239 2035 dun-⁶
2288 1998 2294 2022 '³

260 2060 440 2104 decima
480 2059 595 2104 ratio
623 2058 947 2103 concludebat:
982 2058 1131 2117 primo
1164 2057 1365 2116 quidem,
1397 2057 1502 2115 quia
1536 2057 1592 2100 ad
1623 2056 1716 2100 hoc
1746 2065 2014 2108 veneratut
2042 2066 2218 2102 mentes
2288 2047 2294 2095 ζ·

259 2127 502 2170 hominum
528 2126 718 2170 terrenis
741 2125 914 2169 deditas
943 2140 968 2168 a
995 2124 1182 2168 terrenis
1210 2123 1491 2168 abstraheret
1517 2133 1561 2167 et
1586 2123 1642 2166 ad
1670 2123 1821 2167 divina
1847 2121 2071 2178 elevarem
2084 2123 2215 2171 unde

259 2193 459 2251 oportuit
485 2202 533 2236 ut
558 2206 642 2236 suo
666 2191 877 2249 exemplo
898 2191 1149 2235 homines
1138 2206 1185 2234 m
1212 2199 1499 2234 contemtum
1527 2187 1789 2234 divitiarum
1813 2198 1859 2234 et
1880 2189 2079 2234 aliorum
2100 2204 2217 2250 quae
2266 2199 2291 2238 „4

259 2260 479 2303 mundani
505 2259 762 2304 desiderant
786 2258 999 2312 traheret,
1032 2268 1076 2302 et
1107 2257 1230 2316 quod
1266 2258 1454 2315 inopem
1487 2267 1531 2300 et
1561 2257 1784 2315 privatam
1811 2257 1952 2301 vitam
1984 2267 2141 2316 ageret
2168 2258 2217 2302 in
2276 2255 2287 2313 ξ’

259 2327 350 2370 hoc
374 2326 560 2370 mundo.
589 2325 818 2379 Secundo,
846 2326 965 2383 quia,
992 2325 1031 2368 si
1056 2325 1221 2368 divitiis
1249 2324 1522 2367 abundasset
1548 2333 1590 2367 et
1612 2323 1658 2366 in
1684 2322 1838 2382 aliqua
1852 2323 2058 2367 maxima
2069 2323 2218 2384 digni-

257 2403 349 2437 tate
377 2393 647 2437 constitutus
663 2391 835 2447 fuisset,
860 2391 906 2435 id
933 2391 1056 2450 quod
1075 2391 1225 2435 divine
1242 2390 1382 2448 gessit
1408 2389 1555 2447 magis
1582 2390 1810 2448 potentiae
1831 2389 2216 2450 saeculariquam

259 2460 412 2504 virtuti
444 2459 687 2503 divinitatis
712 2457 869 2502 fuisset
902 2458 1190 2511 attributum;
1218 2457 1337 2501 unde
1365 2455 1732 2500 efficacissimum
1761 2466 2083 2515 argumentum
2107 2463 2216 2509 suae

257 2525 501 2570 divinitatis
523 2525 607 2569 fuit
632 2524 768 2583 quod,
797 2525 965 2582 absque
993 2523 1274 2568 adminiculo
1292 2522 1522 2581 potentiae
1549 2521 1807 2577 saecularis,
1823 2533 1974 2567 totum
1993 2513 2215 2597 mundum

258 2592 306 2636 in
338 2592 501 2636 melius
535 2593 2118 2636 commutavit..
2265 2640 2280 2654 „

345 2660 479 2704 Unde
505 2669 626 2718 patet
652 2659 790 2703 etiam
816 2657 984 2703 solutio
1013 2659 1068 2702 ad
1090 2658 1135 2702 id
1168 2658 1290 2716 quod
1313 2657 1494 2702 decimo
1519 2657 1651 2702 tertio
1678 2605 1990 2715 objiciebatur.
2006 2656 2118 2702 Non
2140 2666 2213 2704 est
2276 2680 2279 2683 2

256 2735 409 2770 autem
441 2725 603 2784 procul
633 2724 723 2769 hoc
761 2740 786 2768 a
818 2739 927 2768 vero
962 2724 1084 2783 quod
1117 2723 1256 2767 Filius
1288 2723 1377 2767 Dei
1409 2723 1683 2777 incarnatus,
1717 2722 1935 2767 obediens
1966 2732 2211 2782 praecepto
2263 2733 2278 2763 2·

256 2793 414 2846 Patris,
441 2801 639 2836 mortem
672 2792 897 2844 sustinuit,
931 2791 1184 2834 secundum
1210 2790 1466 2834 doctrinam
1498 2789 1726 2848 Apostoli.
1754 2789 2057 2848 Praeceptum
2084 2790 2211 2835 'enin
2260 2804 2291 2843 g

255 2859 343 2903 Dei
359 2870 425 2903 est
443 2859 498 2903 ad
516 2858 728 2902 homines
756 2857 810 2901 de
834 2858 1050 2916 operibus
1076 2857 1318 2910 virtutum;
1347 2866 1584 2915 etquanto
1613 2856 1774 2915 aliquis
1795 2854 2038 2915 perfectius
2057 2859 2212 2902 actum

252 2925 428 2970 virtutis
455 2925 726 2983 exsequitur,
753 2934 880 2968 tanto
907 2925 1055 2982 magis
1081 2924 1184 2967 Deo
1214 2923 1380 2968 obedit.
1407 2923 1529 2966 Inter
1556 2921 1666 2966 alias
1694 2932 1847 2967 autem
1867 2921 2064 2977 virtutes-
2082 2934 2213 2982 prae·
2258 2919 2285 2978 j

256 2991 386 3051 cipua
414 2992 575 3036 caritas
598 3001 677 3046 est,
696 2991 751 3034 ad
774 3005 912 3050 quam
931 3003 1092 3034 omnes
1110 2989 1224 3034 aliae
1242 2989 1505 3034 referuntur.
1532 2989 1741 3034 Christus
1758 2988 1910 3047 igitur,
1927 2988 2039 3033 dum
2054 2998 2210 3035 actum
2255 2987 2287 3050 ff

212 3077 218 3081 ¹
254 3059 450 3102 caritatis
472 3057 799 3135 perfectissime
826 3057 1045 3116 implevit,
1078 3058 1182 3101 Deo
1216 3058 1414 3100 maxime
1442 3056 1659 3101 obediens
1684 3054 1792 3110 fuit;
1818 3054 1971 3099 nullus
1992 3055 2212 3109 eninm&

254 3135 379 3168 actus
398 3125 595 3168 caritatis
612 3123 855 3183 perfectior
882 3138 1019 3183 quam
1047 3123 1171 3182 quod
1197 3123 1341 3166 homo
1360 3137 1441 3181 pro
1461 3135 1618 3166 amore
1636 3121 1829 3180 alicujus
1845 3121 1990 3166 etiam
2006 3127 2208 3167 mortum
2260 3138 2291 3188 ³3³

253 3193 484 3245 sustineat,
506 3191 758 3236 secundum
786 3190 908 3249 quod
927 3191 1122 3248 ipsemet
1148 3190 1377 3233 Dominus
1396 3188 1504 3232 dicit
1521 3188 1706 3246 (Joann.
1732 3186 1833 3232 XV.
1856 3187 1970 3247 13.):
1997 3188 2209 3248 Major-Q
2260 3197 2290 3250 535}

252 3260 472 3303 caritatem
497 3273 615 3302 nemo
643 3259 761 3302 habet
786 3264 830 3302 ut
856 3259 1045 3301 animam
1070 3271 1188 3301 suam
1208 3263 1342 3316 ponat
1367 3257 1456 3314 quis
1477 3264 1559 3315 pro
1587 3256 1849 3300 amicissimis.
1874 3254 1956 3299 Sic
1980 3253 2208 3316 iginxndn-

251 3325 428 3369 venitur
457 3324 679 3377 Christus,
706 3334 904 3368 mortem
931 3324 1156 3368 sustinens
1182 3337 1265 3382 pro
1292 3322 1435 3366 salute
1461 3322 1721 3375 hominum,
1742 3331 1789 3366 et
1807 3320 1885 3365 nd
1895 3317 2276 3381 glm'iamffl

253 3390 412 3444 Patris,
440 3392 541 3435 Deo
569 3391 767 3435 maxime
791 3390 1007 3434 obediens
1033 3389 1186 3443 fuisse,
1214 3399 1368 3435 actum
1395 3388 1592 3433 caritatis
1619 3385 1871 3446 perfectum
1902 3384 2258 3448 exseque*

342 3458 437 3501 Nec
460 3458 548 3501 hoc
576 3467 798 3516 repugnat
823 3456 1070 3500 divinitati
1059 3458 1213 3515 ipsius,
1241 3465 1289 3499 ut
1306 3465 1464 3514 quarta
1487 3454 1664 3499 decima
1686 3453 1809 3499 ratio
1824 3451 2204 3513 procedebam&
2254 3455 2255 3458 ’
2256 3443 2294 3517 ’

255 3522 376 3567 enim
398 3522 515 3567 facta
543 3534 609 3568 est
642 3524 750 3568 unio
777 3524 823 3567 in
849 3537 1045 3583 persona
1072 3534 1120 3568 ut
1145 3523 1397 3583 proprietas
1425 3522 1656 3581 utriusque
1682 3530 1870 3566 naturae
1895 3528 2115 3574 manere&
2144 3515 2207 3578 Q

255 3590 386 3635 vinae
418 3590 592 3636 scilicet
617 3600 661 3635 et
685 3591 930 3646 humanae,
957 3600 1006 3635 ut
1037 3603 1172 3650 supra
1193 3590 1254 3647 (c.
1279 3602 1351 3644 41.
1379 3599 1425 3634 et
1448 3588 1543 3648 49.)
1570 3587 1776 3647 habitum
1803 3595 1898 3643 est;
1909 3593 1987 3633 et
1992 3584 2207 3647 ideoqu-
