2332 3854
285 162 394 216 524
951 159 1105 197 LlBER
1145 158 1221 196 111.
1264 159 1385 197 CAP.
1428 158 1571 197 CLIV.

371 262 606 320 Amplius.
634 262 680 305 in
707 261 837 306 omni
872 260 1086 318 diligente
1113 269 1323 303 causatur
1348 259 1621 304 desiderium
1648 269 1698 304 ut
1722 260 1901 305 uniatur
1936 275 2021 305 suo
2032 261 2232 326 dilecto,

281 330 327 373 in
355 340 575 388 quantum
602 327 815 385 possibile
843 338 933 380 est3
955 337 998 370 et
1014 327 1120 369 hinc
1148 336 1229 378 est,
1256 325 1377 384 quod
1405 317 1853 371 delectabilissimum
1872 336 1938 372 est
1955 327 2115 378 amicis
2135 342 2242 387 con·

284 397 450 440 vivere.
479 396 525 439 Si
555 409 665 452 ergo
693 408 771 452 per
797 396 990 468 gratiam
1014 393 1157 435 homo
1181 392 1271 436 Dei
1298 392 1486 436 dilector
1506 393 1806 447 constituitur,
1834 404 2015 457 oportet
2040 386 2205 456 quod'
2192 409 2240 439 ιιι

285 477 340 506 eo
368 472 577 505 causetur
599 461 872 504 desiderium
899 460 1081 503 unionis
1099 459 1153 502 ad
1171 459 1340 512 Deum,
1366 460 1616 504 secundum
1636 461 1758 519 quod
1776 454 1992 518 possibile
2009 471 2090 506 est.
2107 458 2239 506 Fides

285 538 451 580 autem,
479 541 593 584 quae
613 535 822 569 causatur
845 539 899 568 ex
921 525 1080 583 gratia,
1103 524 1304 569 declarat
1325 525 1586 584 possibilem
1605 541 1704 570 esse
1725 526 1944 571 unionem
1964 520 2168 576 hominis
2184 520 2240 572 ad

285 595 434 637 Deum
455 593 704 636 secundum
726 590 973 649 perfectam
990 590 1296 644 fruitionem,
1286 606 1331 634 m
1349 606 1438 650 qua
1455 591 1688 636 beatitudo
1707 593 1926 638 consistit
1941 584 2116 651 Hujus‘
2104 593 2241 655 igitur

282 659 506 703 fruitionis
535 658 807 701 desiderium
836 659 879 700 in
906 657 1096 701 homine
1133 659 1426 716 consequitur
1461 673 1514 702 ex
1550 658 1639 703 Dei
1665 658 1925 705 dilectione.
1955 659 2047 703 Sed
2073 659 2242 704 deside-

283 726 399 768 rium
434 725 498 768 rei
545 724 734 781 alicujus
769 723 984 768 molestat
1016 724 1218 768 animam
1251 725 1562 779 desiderantis,
1593 725 1681 768 nisi
1713 725 1828 769 adsit
1865 740 1966 785 spes
1999 726 2243 777 devconse-

282 791 479 850 quendo.
510 790 802 835 Conveniens
822 789 960 848 igitur
976 789 1060 834 fuit
1076 801 1124 834 ut
1149 793 1195 835 in
1211 791 1490 845 hominibus,
1516 792 1562 834 in
1581 791 1742 850 quibus
1762 792 1852 837 Dei
1868 791 2053 837 dilectio
2069 801 2115 845 et
2128 787 2240 837 fides

283 868 492 902 causatur
526 871 605 916 per
644 857 852 915 gratiam,
880 857 1004 915 quod
1040 858 1178 901 etiarn
1205 867 1414 902 causetur
1439 872 1541 917 spes
1574 857 1750 902 futurae
1779 858 2068 904 beatitudinis
2087 851 2241 920 'adipi-

280 924 489 969 scendae.
864 954 868 958 -

365 991 504 1034 Item:
537 990 583 1033 in
625 990 695 1033 his
731 1003 847 1048 quae
879 990 1146 1034 ordinantur
1177 990 1233 1034 ad
1267 990 1463 1050 aliquem
1497 990 1637 1035 finem
1670 991 1988 1046 desideratum,
2019 991 2060 1037 si
2089 991 2240 1052 aliqua

281 1056 524 1101 difficultas
551 1058 801 1112 emerserit,
837 1057 1053 1101 solatium
1081 1057 1210 1102 affert
1245 1071 1347 1117 spes
1374 1058 1429 1102 de
1456 1057 1543 1102 tine
1578 1051 1916 1135 consequendo,
1941 1059 2057 1104 sicut
2081 1060 2242 1110 amari-

279 1124 484 1167 tudinem
518 1124 772 1167 medicinae
810 1123 972 1182 aliquis
1003 1124 1163 1167 leviter
1193 1123 1278 1168 fert
1311 1134 1494 1183 propter
1525 1139 1655 1182 spem
1686 1126 1903 1173 sanitatis.
1935 1126 1988 1170 In
2024 1139 2239 1185 processu

283 1200 435 1234 autem
463 1205 553 1249 quo
581 1190 628 1234 in
659 1190 986 1234 beatitudinem
1018 1191 1261 1246 tendimus,
1289 1205 1404 1250 quae
1438 1201 1506 1235 est
1537 1190 1638 1235 finis
1671 1192 1879 1236 omnium
1897 1191 2241 1252 desideriorum,

282 1257 426 1300 multa
453 1256 652 1301 difficilia
678 1257 921 1301 imminent
947 1258 1233 1312 sustinenda;
1259 1272 1367 1301 nam
1384 1257 1540 1311 virtus,
1565 1272 1644 1316 per
1670 1273 1807 1318 quarn
1834 1258 1889 1302 ad
1915 1252 2240 1305 beatitudinem

282 1324 385 1378 itur,
415 1325 532 1368 circa
559 1323 758 1367 difficilia
787 1334 866 1368 est.
894 1324 967 1368 Ad
992 1324 1084 1368 hoc
1110 1324 1247 1382 igitur
1272 1334 1322 1368 ut
1346 1324 1490 1368 levius
1517 1335 1560 1368 et
1585 1326 1839 1384 promptius
1864 1324 2046 1371 homo‘
2034 1340 2081 1370 m
2105 1324 2243 1373 heati-

281 1391 486 1434 tudinem
513 1392 730 1446 tenderet,
748 1392 1055 1435 necessarium
1074 1390 1158 1435 fuit
1175 1394 1215 1436 ei
1233 1405 1361 1451 spem
1384 1392 1439 1435 de
1457 1392 1700 1437 obtinenda
1717 1389 1994 1445 beatitudine
2011 1376 2239 1450 adhibere.

366 1458 630 1502 Praeterea:
657 1457 809 1502 nullus
836 1469 1048 1502 movetur
1075 1459 1131 1502 ad
1157 1457 1296 1502 finem
1324 1458 1379 1501 ad
1417 1473 1554 1518 quem
1597 1459 1810 1504 aestimat
1835 1473 1934 1505 esse
1958 1453 2241 1522 impossibile

280 1525 529 1583 pervenire
557 1525 630 1569 Ad
655 1525 746 1568 hoc
774 1540 886 1584 ergo
914 1526 1036 1583 quod
1064 1525 1224 1584 aliquis
1251 1535 1411 1584 pergat
1437 1528 1482 1570 in
1505 1514 1648 1570 finem
1671 1526 1884 1586 aliquem,
1912 1537 2093 1586 oportet
2116 1527 2239 1588 quod

281 1591 504 1635 afficiatur
531 1592 584 1635 ad
603 1591 742 1636 finem
759 1591 890 1636 illum
916 1602 1153 1651 tamquam
1178 1592 1445 1650 possibilem
1471 1593 1652 1648 haberi;
1670 1604 1715 1638 et
1737 1593 1814 1638 hic
1832 1603 1901 1640 est
1925 1592 2116 1641 affectus
2129 1594 2239 1654 spei.

283 1658 443 1710 Quum
469 1658 606 1716 igitur
631 1673 712 1717 per
738 1659 928 1717 gratiam
951 1659 1096 1703 homo
1124 1659 1341 1717 dirigatur
1366 1659 1413 1702 in
1439 1659 1653 1703 ultimum
1678 1659 1817 1704 finem
1842 1661 2146 1715 beatitudinis,
2165 1666 2242 1707 ne-

280 1726 528 1769 cessarium
553 1724 637 1769 fuit
662 1736 711 1769 ut
736 1740 816 1785 per
848 1727 1042 1784 gratiam
1068 1726 1404 1785 imprimeretur
1429 1726 1634 1771 humano
1662 1725 1845 1771 affectui
1877 1741 1980 1787 spes
2012 1727 2069 1772 de
2099 1720 2239 1773 beati-

280 1793 435 1836 tudine
462 1793 798 1851 consequenda.

367 1859 484 1902 Hinc
511 1868 579 1907 est
596 1858 718 1917 quod
735 1858 896 1902 dicitur
914 1859 969 1915 (Ι.
988 1858 1105 1903 Petr.
1123 1858 1157 1902 Ι.
1177 1873 1216 1917 3.
1237 1868 1281 1903 et
1304 1859 1390 1916 4.):
1419 1861 1691 1918 Regeneravit
1706 1875 1778 1904 nos
1794 1861 1838 1904 in
1855 1867 1968 1920 spem
1983 1862 2133 1904 vivam
2145 1892 2155 1904 .
2170 1893 2180 1903 .
2195 1893 2205 1903 .
2224 1893 2235 1912 ‚

275 1928 321 1969 in
347 1926 640 1970 haereditatem
654 1959 664 1969 .
679 1961 689 1970 .
705 1959 714 1969 .
732 1926 1130 1980 immarcescibilem,
1150 1933 1434 1971 conservatam
1450 1928 1495 1971 in
1513 1927 1631 1972 coelis
1642 1942 1659 1983 ;
1688 1937 1732 1971 et
1745 1927 1908 1985 (Rom.
1925 1926 2049 1972 VIII.
2067 1928 2159 1985 24.)
2177 1926 2239 1971 di·

278 1995 416 2039 citur:
447 1993 524 2052 Spe
549 1992 660 2037 salvi
671 1993 782 2052 facti
805 2007 956 2038 sumus.

1021 2163 1277 2220 CAPUT
1319 2164 1485 2221 CLV.

726 2300 800 2337 DE
840 2299 1008 2339 DONIS
1051 2299 1290 2338 GRATIAE
1332 2299 1526 2338 GRATIS
1569 2298 1781 2350 DATAE3

594 2373 650 2413 IN
691 2374 808 2421 QUO
849 2374 920 2412 ET
961 2374 1034 2411 DE
1074 2373 1528 2413 DIVINATIONIBUS
1571 2372 1913 2412 DAEMONUM.

933 2477 1059 2535 (I-II.
1085 2484 1238 2535 quaest.
1269 2477 1381 2522 CXI.
1404 2483 1484 2521 art.
1511 2478 1591 2535 4.).

367 2585 490 2638 Quia
515 2600 624 2631 vero
653 2601 705 2631 ea
732 2600 847 2646 quae
870 2587 1014 2631 homo
1041 2601 1120 2645 per
1142 2602 1190 2632 se
1208 2601 1302 2631 non
1324 2587 1449 2632 videt
1465 2600 1746 2646 cognoscere
1772 2600 1866 2631 non
1888 2582 2052 2651 potest,
2077 2585 2165 2631 nisi
2181 2599 2235 2630 ea
2312 2587 2319 2642 ζ

275 2654 463 2712 recipiat
489 2654 542 2697 ab
571 2668 626 2698 eo
654 2654 730 2713 qui
756 2653 892 2715 videt,
930 2653 1040 2698 fides
1069 2664 1222 2699 autem
1249 2664 1316 2699 est
1341 2654 1396 2699 de
1433 2654 1503 2699 his
1531 2668 1646 2713 quae
1673 2668 1767 2699 non
1801 2653 2024 2708 videmus,
2056 2662 2238 2714 oportet

276 2721 590 2779 cognitionem
614 2735 774 2765 eorum
797 2721 852 2765 de
880 2721 1041 2780 quibus
1060 2731 1127 2765 est
1147 2721 1258 2765 fides
1277 2721 1329 2765 ab
1350 2735 1405 2766 eo
1425 2721 1619 2766 derivari
1644 2721 1721 2780 qui
1747 2735 1801 2765 ea
1817 2735 1896 2780 per
1917 2734 1966 2765 se
1991 2719 2127 2765 videt.
2140 2718 2233 2765 -Hic

276 2799 428 2832 autem
455 2788 581 2832 Deus
606 2798 686 2842 est,
715 2788 792 2846 qui
823 2788 1025 2847 seipsum
1056 2787 1252 2847 perfecte
1281 2788 1628 2847 comprehendit
1653 2798 1697 2832 et
1726 2786 1990 2836 naturaliter
2019 2800 2150 2832 suam
2173 2800 2239 2831 es-

279 2854 472 2899 sentiam
499 2854 647 2900 videt:
689 2855 744 2898 de
786 2855 889 2899 Deo
926 2855 1048 2899 enirn
1086 2855 1222 2899 fidem
1255 2855 1492 2899 habemus.
1533 2855 1732 2914 Oportet
1761 2854 1898 2914 igitur
1933 2868 1985 2913 ea
2016 2867 2134 2915 quae
2157 2867 2238 2913 per

274 2921 411 2965 fidem
444 2932 652 2965 tenemus
695 2935 722 2965 a
761 2922 865 2965 Deo
907 2921 953 2965 in
984 2936 1070 2965 nos
1103 2922 1352 2980 pervenire.
1403 2921 1563 2973 Quum
1611 2932 1764 2966 autem
1795 2934 1912 2981 quae
1942 2935 1971 2966 a
2002 2919 2106 2966 Deo
2132 2930 2237 2966 sunt

282 2989 439 3032 ordine
482 2987 683 3047 quodam
726 2998 932 3046 agantur,
969 2998 1018 3032 ut
1057 3002 1192 3048 supra
1233 2989 1293 3046 (c.
1336 2988 1520 3047 77-83.)
1563 2997 1797 3032 ostensum
1849 2997 1931 3042 est,
1968 2986 2016 3032 in
2039 2985 2239 3033 'manife-

274 3055 467 3098 statione
510 3069 671 3099 eorum
704 3069 819 3114 quae
852 3065 956 3099 sunt
986 3054 1089 3099 fidei
1123 3054 1330 3100 ordinem
1365 3054 1610 3114 quemdam
1644 3055 1872 3100 observari
1905 3055 2121 3114 oportuit,
2152 3052 2235 3100 sci-

274 3121 380 3165 licet
412 3132 461 3166 ut
487 3122 671 3180 quidam
707 3122 971 3166 immediate
1012 3136 1038 3165 a
1078 3121 1181 3166 Deo
1209 3122 1475 3180 reciperent,
1519 3120 1594 3164 alii
1620 3135 1730 3165 vero
1772 3120 1837 3165 ab
1858 3118 1945 3175 his,
1975 3129 2021 3165 et
2056 3120 2120 3165 sic
2156 3133 2236 3181 per
2304 3151 2306 3153 »

275 3189 483 3233 ordinem
511 3203 652 3247 usque
681 3189 735 3232 ad
763 3189 963 3234 ultimos.
990 3189 1041 3232 In
1075 3188 1435 3247 quibuscumque
1467 3197 1620 3232 autem
1648 3196 1716 3232 est
1748 3185 1909 3247 aliquis
1941 3185 2070 3241 ordo,
2102 3198 2235 3264 opor-

273 3265 337 3299 tet
368 3255 505 3314 quod,
532 3265 701 3314 quanto
736 3255 903 3315 aliquid
938 3266 1005 3299 est
1036 3254 1331 3314 propinquius
1372 3255 1520 3314 primo
1556 3254 1795 3314 principio,
1825 3263 1954 3300 tanto
1989 3247 2234 3299 virtuosius

274 3322 552 3376 inveniatur;
586 3322 708 3398 quod
742 3324 786 3366 in
820 3322 910 3366 hoc
945 3322 1103 3366 ordine
1137 3319 1513 3365 manifestationis
1547 3321 1725 3366 divinae
1751 3330 1961 3381 apparet.
1992 3314 2235 3367 invisibilia
2298 3332 2329 3371 ,A

276 3390 412 3442 enirn,
440 3402 635 3447 quorum
662 3389 778 3433 visio
804 3389 962 3433 beatos
984 3387 1106 3441 facit,
1134 3388 1188 3432 de
1211 3388 1372 3447 quibus
1394 3387 1505 3432 fides
1531 3398 1612 3442 est,
1639 3389 1788 3447 primo
1804 3402 1829 3432 a
1855 3386 1959 3433 Deo
1976 3385 2234 3433 revelantur

276 3455 448 3512 angelis
473 3455 616 3500 beatis
641 3470 720 3514 per
743 3466 944 3514 apertam
971 3455 1211 3508 visionem,
1239 3464 1287 3498 ut
1313 3468 1365 3499 ex
1392 3453 1659 3514 supradictis
1684 3455 1744 3513 (c.
1773 3453 1864 3511 80.)
1884 3461 2030 3515 patet3
2055 3448 2233 3507 deiude,
2305 3447 2332 3497 *a

276 3521 543 3579 angelorum
582 3522 907 3567 interveniente
942 3521 1112 3577 officio,
1142 3519 1487 3567 manifestantur
1519 3520 1789 3580 quibusdam
1824 3516 2102 3574 homiuibuS,
2137 3530 2231 3564 non

2322 218 2332 230 „

2320 230 2332 267 ³,

2323 676 2332 749 ιζ

2324 1080 2332 1091 ιι

2323 1143 2332 1224 Ξ

2322 1226 2332 1236 ιι

2325 1421 2332 1436 ,ς

2318 1459 2332 1554 3

2323 1551 2332 1636 ἐ

2320 1650 2332 1731 3

2325 1800 2332 1818 ν.

2326 1853 2332 1865 fl

2317 1875 2332 1960 3

2320 1969 2332 2005 gi
