2332 3854
268 200 370 255 104
738 237 742 241 ,
910 200 1066 239 LIBER
1104 201 1140 237 1.
1183 200 1303 238 CAP.
1346 199 1567 238 LXXXIX.
1608 202 1611 203 ⁷

259 298 382 377 quod
409 301 451 345 ei
475 300 646 345 additio
672 300 770 345 fieri
793 315 887 345 non
913 311 1076 360 potest
1104 302 1217 360 Spes
1244 301 1381 359 igitur
1411 301 1457 345 in
1493 301 1596 346 Deo
1633 315 1732 346 esse
1762 315 1856 346 non
1882 311 2046 360 potest,
2079 301 2216 347 etiam

257 368 433 412 ratione
456 382 565 412 suae
589 367 772 427 specieI,
806 378 850 411 et
875 368 1082 411 similiter
1108 382 1192 411 nec
1222 367 1495 411 desiderium
1522 367 1712 426 alicujus
1733 382 1828 412 non
1853 368 2009 411 habiti.

348 434 583 492 Amplius.
611 436 726 477 sicut
743 434 894 477 divina
913 433 1131 492 perfectio
1154 432 1344 492 impedit
1361 435 1614 493 potentiam
1637 434 1880 478 additionis
1900 433 2088 492 alicujus
2107 420 2219 478 boni

259 500 492 544 obtinendi
509 502 664 553 aDeo,
682 501 743 543 ita
763 501 900 543 etiam
923 499 1067 542 multo
1088 499 1283 558 amplius
1303 499 1500 544 excludit
1517 501 1768 560 potentiam
1788 500 1842 543 ad
1861 499 2062 543 malum:
2080 499 2219 546 timor

260 577 413 611 autem
435 568 615 626 respicit
637 566 810 610 malum
833 566 955 624 quod
978 575 1128 624 potest
1152 566 1408 620 imminere,
1435 567 1551 611 sicut
1576 581 1677 626 spes
1702 566 1876 610 bonum
1903 565 2215 611 obtinendum.

259 634 444 692 Duplici
469 634 604 691 igitur
636 634 811 676 ratione
844 647 950 676 suae
981 633 1149 690 speciei
1178 634 1318 676 timor
1341 647 1365 676 a
1390 633 1495 677 Deo
1523 633 1788 688 excluditur,
1815 643 1860 677 et
1884 633 1990 691 quia
2024 646 2119 676 non
2151 642 2218 677 est

259 701 347 744 nisi
372 700 623 744 exsistentis
640 700 685 742 in
704 699 919 756 potentia,
947 708 990 742 et
1012 698 1116 757 quia
1139 699 1275 743 habet
1298 699 1528 757 objectum
1552 700 1725 743 malum
1743 699 1865 758 quod
1887 708 2037 757 potest
2055 699 2216 744 inesse.

348 767 483 810 Item:
512 765 789 824 poenitentia
816 765 1119 809 mutationem
1146 765 1334 810 affectus
1355 766 1596 824 importat3
1622 766 1759 825 igitur
1785 775 1829 810 et
1853 767 1969 810 ratio
1987 764 2219 825 poeniten-

258 834 348 877 tiae
373 834 476 877 Deo
504 841 740 890 repugnat,
766 845 862 875 non
887 831 1039 876 solum
1061 832 1168 891 quia
1192 832 1367 892 species
1392 833 1598 878 tristitiae
1625 843 1706 888 est,
1732 834 1812 878 sed
1834 833 1977 880 ‚etiam
2000 833 2106 893 quia
2123 846 2219 877 mu-

258 900 480 944 tationem
506 898 752 942 voluntatis
773 898 1005 957 importat.

349 968 611 1015 Praeterea;
647 966 815 1024 absque
842 980 994 1011 errore
1021 967 1364 1025 cognoscitivae
1389 967 1565 1012 virtutis
1593 981 1692 1012 esse
1714 981 1808 1012 non
1834 977 1997 1027 potest,
2027 977 2077 1013 ut
2106 964 2218 1011 illud

260 1034 380 1092 quod
408 1043 476 1077 est
500 1034 674 1077 bonum
697 1033 1059 1091 apprehendatur
1077 1044 1127 1078 ut
1143 1033 1334 1088 malum,
1350 1048 1435 1078 nec
1453 1044 1521 1078 est
1537 1034 1623 1078 nisi
1639 1034 1686 1078 in
1708 1034 2053 1094 particularibus
2068 1033 2218 1088 bonis,

260 1111 309 1144 ut
332 1100 514 1158 alterius
538 1099 713 1143 malum
739 1100 883 1158 possit
903 1100 1077 1143 bonum
1101 1099 1317 1144 exsistere
1341 1100 1484 1155 alteri,
1505 1101 1552 1144 in
1571 1101 1732 1160 quibus
1755 1101 1985 1161 corruptio
2004 1101 2138 1145 unius
2154 1110 2222 1144 est

261 1167 494 1226 generatio
523 1166 734 1210 alterius:
762 1166 1008 1210 universali
1035 1175 1187 1210 autem
1224 1166 1348 1210 bono
1378 1181 1432 1211 ex
1458 1166 1585 1211 nullo
1613 1167 1873 1226 particulari
1896 1167 2021 1213 bono
2049 1166 2220 1227 aliquid

259 1234 444 1293 deperit,
471 1233 550 1276 sed
584 1247 664 1291 per
700 1233 1060 1291 unumquodque
1087 1243 1463 1290 repraesentatur.
1493 1234 1620 1277 Deus
1662 1244 1816 1278 autem
1856 1243 1926 1279 est
1965 1232 2221 1292 universale

258 1302 448 1353 bonum,
466 1301 593 1357 cUJus
615 1298 961 1343 similitudinem
985 1299 1299 1358 participando
1319 1299 1476 1343 omnia
1494 1299 1703 1343 dicuntur
1723 1300 1844 1344 bona
1862 1314 1872 1344 ε
1899 1298 2068 1358 nullius
2085 1298 2222 1358 igitur

260 1366 434 1410 malum
462 1367 547 1410 sibi
569 1375 718 1424 potest
740 1379 837 1410 esse
859 1366 1057 1416 bonum:
1084 1380 1168 1410 nec
1195 1375 1347 1425 potest
1373 1380 1473 1411 esse
1501 1366 1639 1410 etiam
1665 1376 1714 1410 ut
1738 1365 1934 1426 id,quod
1961 1376 2030 1411 est
2054 1365 2222 1426 simpli-

260 1434 371 1478 citer
394 1433 584 1487 bonum,
612 1442 657 1477 et
681 1446 775 1476 non
803 1442 870 1476 est
886 1432 971 1476 sibi
987 1432 1177 1486 malum,
1197 1433 1506 1492 apprehendat
1522 1443 1571 1477 ut
1597 1432 1787 1488 malum,
1814 1432 1920 1493 quia
1936 1447 2021 1478 sua
2034 1432 2223 1478 scientia

261 1511 327 1544 est
353 1501 522 1558 absque
549 1513 714 1552 errore,
741 1509 790 1543 ut
816 1513 949 1557 supra
977 1500 1038 1556 (c.
1066 1497 1158 1557 61.)
1183 1510 1418 1544 ostensum
1442 1510 1522 1545 est.
1545 1499 1772 1543 Invidiam
1797 1499 1936 1558 igitur
1958 1499 2006 1544 in
2022 1499 2125 1544 Deo
2142 1498 2226 1544 im-

259 1566 474 1626 possibile
501 1576 568 1610 est
595 1581 709 1619 esse,
737 1566 876 1610 etiam
902 1566 1155 1610 secundum
1192 1581 1301 1610 suae
1337 1567 1507 1625 speciei
1543 1567 1786 1621 rationem,
1813 1580 1906 1611 non
1930 1565 2086 1611 solum
2115 1565 2223 1625 quia

259 1634 429 1677 invidia
455 1633 629 1692 species
655 1633 861 1677 tristitiae
889 1642 968 1687 est,
996 1633 1075 1677 sed
1110 1633 1249 1678 etiam
1276 1634 1380 1692 quia
1406 1635 1608 1677 tristatur
1628 1632 1690 1677 de
1720 1633 1846 1677 bono
1869 1631 2069 1688 alterius,
2090 1641 2136 1678 et
2156 1631 2221 1677 sic

261 1700 424 1759 accipit
446 1700 619 1743 bonum
643 1699 823 1744 alterius
848 1708 1085 1758 tamquam
1118 1699 1202 1743 sibi
1227 1699 1416 1744 malum.

348 1767 537 1811 Adhuc:
572 1766 775 1826 ejusdem
809 1767 996 1810 rationis
1029 1777 1096 1811 est
1127 1766 1294 1810 tristari
1319 1767 1374 1810 de
1405 1767 1544 1821 bono,
1573 1777 1616 1811 et
1648 1776 1859 1826 appetere
1890 1765 2086 1811 malum:
2113 1779 2228 1820 nam,

265 1835 463 1893 primum
490 1843 558 1877 est
583 1847 637 1877 ex
662 1833 767 1886 hoc,
789 1833 911 1891 quod
937 1833 1111 1877 bonum
1143 1833 1408 1877 aestimatur
1434 1833 1632 1888 malum;
1658 1833 1913 1878 secundum
1937 1847 2048 1878 vero
2074 1842 2143 1878 est
2167 1846 2222 1878 ex

261 1903 368 1955 hoc,
396 1901 517 1959 quod
551 1900 725 1944 malum
759 1900 1022 1944 aestimatur
1047 1900 1235 1943 bonum.
1262 1901 1332 1943 Ira
1359 1910 1513 1944 autem
1540 1910 1607 1944 est
1633 1901 1856 1959 appetitus
1888 1899 1999 1944 mali
2031 1899 2221 1958 alicujus

262 1969 318 2011 ad
341 1968 603 2011 vindictam.
627 1968 698 2010 Ira
719 1967 856 2026 igitur
883 1982 908 2010 a
925 1967 1027 2011 Deo
1045 1966 1184 2026 longe
1206 1977 1273 2012 est
1288 1967 1540 2011 secundum
1558 1967 1783 2011 rationem
1801 1981 1909 2012 suae
1927 1965 2110 2026 speciei,
2125 1980 2221 2011 non

261 2034 411 2079 solum
430 2034 535 2092 quia
553 2033 739 2078 effectus
760 2034 965 2078 tristitiae
984 2043 1063 2088 est,
1082 2034 1160 2078 sed
1177 2034 1315 2078 etiam
1333 2034 1438 2092 quia
1456 2044 1522 2078 est
1537 2034 1759 2093 appetitus
1780 2034 2022 2089 vindictae,
2038 2043 2222 2095 propter

259 2101 487 2145 tristitiam
516 2114 568 2144 ex
594 2100 756 2158 injuria
780 2099 904 2144 illata
931 2110 1216 2178 conceptam

347 2167 541 2211 Rursus:
570 2181 886 2226 quaecumque
919 2167 1035 2212 aliae
1068 2169 1302 2225 passiones
1333 2167 1499 2212 harum
1526 2168 1781 2227 specierum
1813 2141 1931 2222 sunt,
1964 2165 2040 2213 vel
2070 2165 2125 2212 ab
2157 2167 2222 2212 eis

261 2244 517 2288 causantur,
543 2234 641 2292 pari
666 2234 842 2278 ratione
869 2248 895 2278 a
920 2235 1023 2279 Deo
1052 2234 1364 2279 excluduntur.

1035 2387 1290 2442 CAPUT
1331 2388 1452 2443 XC.

558 2522 717 2569 QUOD
759 2523 816 2562 IN
856 2522 970 2561 DEO
1013 2522 1100 2561 SIT
1134 2523 1490 2562 DELECTATIO
1531 2524 1601 2562 ET
1645 2524 1922 2564 GAUDIUM.

351 2631 466 2675 Sunt
484 2641 637 2675 autem
655 2632 878 2691 quaedam
901 2633 1151 2692 passiones,
1170 2647 1286 2692 quae
1303 2633 1408 2678 licet
1425 2633 1528 2677 Deo
1547 2647 1640 2677 non
1664 2633 1953 2688 conveniant,
1969 2633 2222 2680 secundum

261 2699 382 2756 quod
404 2699 652 2757 passiones,
678 2699 792 2742 nihil
818 2709 972 2744 tamen
996 2714 1049 2744 ex
1076 2701 1250 2744 ratione
1277 2714 1386 2745 suae
1413 2700 1579 2759 speciei
1606 2700 1855 2758 important
1879 2714 2137 2760 repugnans
2163 2700 2223 2745 di-

259 2765 391 2808 vinae
408 2765 698 2823 perfectioni:
717 2766 879 2810 harum
903 2777 1055 2811 autem
1073 2777 1139 2811 est
1157 2767 1374 2825 gaudium
1401 2778 1446 2811 et
1472 2766 1727 2811 delectatio.
1746 2767 1826 2811 Est
1851 2767 1976 2812 enim
2002 2766 2221 2827 gaudium

264 2832 513 2890 praesentis
539 2833 672 2887 boni;
700 2847 846 2891 neque
873 2834 1008 2891 igitur
1034 2835 1209 2878 ratione
1233 2834 1412 2892 objecti,
1440 2834 1562 2893 quod
1582 2844 1648 2878 est
1663 2835 1853 2888 bonum,
1877 2847 2025 2894 neque
2046 2834 2222 2890 ratione

264 2899 391 2942 modi
412 2913 459 2943 se
481 2899 678 2943 habendi
691 2900 746 2943 ad
761 2900 1006 2957 objectum,
1025 2902 1146 2959 quod
1165 2911 1232 2945 est
1250 2911 1350 2945 actu
1368 2902 1591 2956 habitum,
1610 2902 1828 2960 gaudium
1845 2901 2098 2947 secundum
2113 2914 2222 2947 suae

264 2966 433 3024 speciei
458 2966 683 3010 rationem
711 2967 889 3011 divinae
916 2967 1184 3026 perfectioni
1210 2978 1444 3027 repugnat.

351 3032 418 3075 Ex
444 3032 533 3076 hoc
562 3043 713 3076 autem
748 3033 1037 3077 manifestum
1074 3045 1154 3089 est,
1187 3035 1309 3094 quod
1343 3035 1562 3093 gaudium
1592 3034 1667 3079 vel
1699 3034 1943 3081 delectatio
1968 3034 2151 3095 proprie
2175 3033 2222 3079 in

259 3099 362 3142 Deo
390 3101 457 3142 sit.
487 3099 615 3143 Sicut
637 3099 761 3143 enim
778 3100 951 3144 bonum
980 3110 1022 3144 et
1050 3101 1223 3145 malurn
1251 3102 1585 3160 apprehensum
1612 3112 1714 3146 sunt
1741 3103 1971 3161 objectum
1998 3101 2221 3165 appetitus

260 3165 497 3220 sensibilis,
516 3166 578 3209 ita
597 3166 819 3225 appetitus
839 3166 1128 3221 intellectivi;
1156 3168 1387 3227 utriusque
1406 3170 1528 3212 enim
1547 3179 1615 3213 est
1635 3183 1714 3227 per
1739 3183 1787 3213 se
1806 3169 2019 3229 prosequi
2044 3169 2220 3228 bonum

261 3242 305 3276 et
321 3232 476 3291 fugere
501 3233 690 3287 malum,
712 3233 786 3277 vel
807 3234 1058 3278 secundum
1081 3234 1334 3289 veritatem,
1355 3234 1428 3279 vel
1450 3236 1703 3279 secundum
1731 3235 2113 3290 aestimationem,
2128 3234 2223 3281 ,nisi

260 3300 380 3357 quod
405 3301 635 3358 objectum
657 3300 923 3345 intellectivi
951 3301 1173 3360 appetitus
1201 3312 1267 3346 est
1294 3302 1585 3346 communius
1613 3316 1751 3361 quam
1778 3302 1992 3358 sensitivi,
2019 3302 2126 3362 quia
2155 3300 2220 3347 in-

259 3365 511 3410 tellectivus
539 3369 761 3425 appetitus
789 3368 970 3426 respicit
996 3369 1169 3412 bonum
1201 3368 1274 3412 vel
1306 3367 1481 3412 malum
1514 3368 1793 3428 simpliciter,
1819 3368 2043 3430 appetitus
2069 3377 2222 3426 autem
2254 3392 2264 3407 x

259 3433 501 3476 sensitivus
533 3433 706 3478 bonum
739 3433 812 3478 vel
846 3434 1020 3479 malum
1052 3434 1304 3479 secundum
1340 3448 1541 3489 sensum,
1573 3435 1690 3480 sicut
1721 3436 1859 3481 etiam
1891 3444 1937 3480 et
1961 3433 2222 3494 intellectus

260 3499 489 3556 objectum
519 3509 585 3543 est
608 3501 898 3546 communius
922 3516 1060 3560 quam
1077 3515 1249 3546 sensus.
1273 3501 1364 3546 Sed
1391 3502 1680 3561 operationes
1699 3501 1923 3562 appetitus
1938 3500 2141 3562 speciem
2167 3514 2222 3561 ex

260 3565 447 3624 objectis
489 3566 748 3612 sortiuntur.
788 3569 1081 3614 Inveniuntur
1110 3568 1246 3628 igitur
1281 3568 1328 3613 in
1364 3569 1564 3628 appetitu
1597 3568 1890 3624 intellectivo,
1918 3567 2002 3628 qui,
2038 3577 2107 3614 est
2144 3580 2223 3612 vo—
