2332 3854
250 170 359 225 514
781 163 784 166 ⁴
890 166 1043 203 LIBER
1084 165 1161 202 111.
1203 163 1324 203 CAP-
1365 163 1546 202 cxnvr.

955 351 1209 410 CAPUT
1252 351 1503 407 CXLVI.

448 486 608 532 Quor>
642 481 896 523 PECCATA
929 479 1249 519 PUNIUNT-UR
1280 479 1453 518 ETIAM
1484 481 1584 518 PER
1614 479 2031 520 EXPEROEN'HAM

976 554 1232 607 Amquus
1265 552 1476 593 Noenu.

332 667 438 711 Non
465 664 615 708 solum
643 672 795 707 autem
818 662 894 721 qui
927 671 1086 706 contra
1106 662 1260 707 Deum
1282 673 1474 722 peccant
1495 663 1712 721 puniendi
1736 671 1841 707 sunt
1865 675 1946 721 per
1966 661 2057 707 hoc
2079 661 2203 721 quod

246 748 271 776 a
301 732 578 777 beatitudine
615 740 831 789 perpetuo
870 729 1181 799 excludantur,
1214 730 1293 774 sed
1330 730 1468 775 etiam
1500 744 1578 789 per
1615 729 1976 788 experimentum
2013 728 2202 788 alicuius

244 800 410 843 nocivi.

332 866 491 908 Poena
517 863 639 907 enim
666 863 797 906 debet
824 861 1226 921 proportionaliter
1252 861 1413 922 culpae
1440 863 1728 922 respondere,
1755 871 1804 907 ut
1828 875 1964 921 supra
1990 862 2051 919 (c.
2082 860 2203 917 145.)

245 942 477 976 ostensum
506 940 586 973 est.
613 930 664 972 In
692 929 824 987 culpa
851 939 1004 973 autem
1031 943 1124 972 non
1152 928 1304 972 solum
1328 930 1544 974 avertitur
1566 943 1696 973 mens
1723 929 1776 972 ab
1803 928 1967 973 ultimo
1991 928 2096 982 fine,
2121 927 2202 973 sed

244 1000 380 1043 etiam
406 997 603 1040 indebite
630 996 909 1039 convertitur
934 996 981 1039 in
1009 995 1097 1039 alia
1123 995 1253 1055 quasi
1273 996 1320 1039 in
1346 995 1472 1040 fines.
1499 996 1615 1039 Non.
1634 994 1785 1039 solum
1812 1009 1923 1054 ergo
1949 994 2202 1054 puniendus

244 1076 312 1110 est
338 1064 415 1123 qui
435 1072 595 1122 peccat
622 1077 701 1120 per
726 1062 817 1106 hoc
845 1062 967 1120 quod
1000 1061 1264 1106 excludatur
1297 1077 1322 1106 a
1353 1061 1459 1116 fine,
1491 1062 1570 1106 sed
1602 1062 1740 1106 etiam
1772 1075 1852 1121 per
1881 1061 1973 1110 hoc
1999 1060 2122 1120 quod
2148 1073 2204 1104 ex

245 1133 342 1175 aliis
369 1131 501 1174 rebus
528 1129 691 1173 sentiat
715 1138 1064 1172 nocumentum.

332 1197 567 1255 Amplius:
595 1209 771 1253 poenae
797 1195 1051 1239 inferuntur
1077 1209 1159 1254 pro
1193 1195 1352 1254 culpis,
1380 1205 1428 1239 ut
1452 1195 1617 1240 timore
1650 1209 1901 1254 poenarum
1933 1192 2148 1239 homines
2177 1206 2204 1236 a

244 1264 440 1322 peccatis
464 1263 763 1315 retrahantur,
790 1273 839 1306 ut
863 1276 997 1320 supra
1016 1262 1164 1319 (ibid.)
1183 1262 1355 1306 dictum
1373 1272 1453 1306 est.
1471 1262 1636 1307 Nullus
1663 1272 1815 1306 autem
1840 1262 1972 1307 timet
1987 1260 2209 1307 amittere

242 1331 288 1374 id
315 1330 437 1388 quod
463 1344 557 1373 non
583 1329 808 1377 desiderat
834 1329 1050 1388 adipisci3
1078 1331 1155 1387 qui
1181 1343 1292 1387 ergo
1318 1330 1488 1373 habent
1511 1323 1798 1374 voluntatem
1825 1341 2031 1374 aversam
2057 1326 2111 1374 ab
2130 1325 2211 1377 ‚ulr-
2252 1363 2259 1368 .

243 1398 356 1441 timo
379 1397 466 1440 fine
492 1411 587 1439 non
613 1395 776 1439 timent
801 1395 981 1439 excludi
1018 1396 1072 1439 ab
1105 1394 1200 1440 illo.
1227 1396 1335 1440 Non
1359 1410 1468 1455 ergo
1505 1411 1585 1455 per
1621 1396 1770 1440 solam
1811 1394 2127 1442 exclusionem
2147 1393 2202 1439 ab

244 1463 406 1507 ultimo
433 1463 521 1507 fine
548 1477 574 1506 a
600 1462 835 1538 peccando
862 1472 1201 1506 revocarentur.
1232 1462 1428 1520 Oportet
1452 1464 1589 1521 igitur
1613 1462 1904 1521 peccantibus
1937 1461 2072 1545 aliam
2100 1472 2205 1519 poe-

243 1545 351 1574 nam
375 1529 594 1583 adhiberi,
622 1544 761 1605 quam
788 1529 977 1572 timeant
1003 1539 1259 1588 peccantes
1981 1556 1984 1558 -

331 1597 471 1640 Item.
499 1597 538 1640 si
563 1597 662 1655 quis
689 1610 745 1640 eo
773 1595 895 1654 quod
923 1605 990 1639 est
1017 1596 1071 1638 ad
1099 1595 1237 1640 finem
1263 1595 1517 1640 inordinate
1544 1598 1695 1672 utitur,
1716 1610 1810 1641 non
1835 1595 1991 1642 solum
2009 1555 2099 1640 fine
2116 1594 2210 1655 9ςί,«

243 1673 386 1716 vatur,
414 1663 492 1707 sed
520 1663 658 1706 etiam
686 1661 807 1706 aliud
833 1671 1164 1706 nocumentum
1190 1662 1390 1717 incurrit,
1418 1673 1466 1707 ut
1491 1672 1614 1722 patet
1639 1663 1686 1707 in
1713 1664 1816 1708 cibo
1849 1663 2115 1708 inordinate·
2138 1675 2205 1709 as.-
2228 1680 2235 1683 ·

244 1740 443 1786 sumpto,
466 1729 542 1788 qui
563 1743 657 1772 non
685 1728 836 1772 solum
858 1729 1098 1772 sanitatem
1126 1743 1221 1772 non
1248 1728 1388 1782 affert,
1405 1730 1484 1773 sed
1502 1730 1640 1774 etiam
1659 1729 1990 1788 aegritudinem
2015 1729 2201 1775 inducit.

247 1797 341 1848 Qui
370 1807 523 1840 autern
549 1795 595 1839 in
622 1796 754 1839 rebus
783 1796 943 1839 creatis
976 1795 1115 1839 finem
1149 1797 1381 1840 constituit
1413 1798 1476 1840 eis
1508 1811 1602 1840 non
1634 1797 1773 1843 utitur
1792 1796 2054 1843 'secundum
2078 1795 2204 1856 qued

244 1864 390 1916 debet,
415 1862 652 1907 referendo
680 1861 852 1906 scilicet
880 1862 934 1905 ad
962 1862 1174 1906 ultimum
1202 1862 1353 1906 finem.
1372 1863 1480 1908 Non
1497 1877 1608 1922 ergo
1632 1863 1783 1908 solum
1806 1863 1939 1909 debet
1957 1863 2203 1922 puniriper

242 1931 333 1974 hoc
359 1930 482 1989 quod
508 1928 785 1973 beatitudine
814 1938 980 1982 careat,
1006 1929 1085 1973 sed
1113 1930 1250 1973 etiarn
1277 1943 1356 1989 per
1380 1930 1471 1974 hoc
1499 1930 1621 1989 quod
1654 1930 1840 1990 aliquod
1870 1939 2203 1979 nocumentum

245 1997 298 2040 ab
324 1996 432 2054 ipsis
460 1996 726 2054 experiatur.

334 2063 598 2107 Praeterea:
625 2062 749 2106 sicut
780 2071 902 2106 recte
934 2062 1171 2120 agentibus
1204 2062 1423 2107 debentur
1453 2064 1590 2119 bona,
1621 2064 1685 2109 ita
1715 2078 1927 2124 perverse
1967 2063 2206 2124 agentibus.

244 2131 462 2175 debentur
489 2129 625 2173 mala.
653 2129 744 2173 Sed
770 2128 837 2172 illi
862 2131 938 2188 qui
961 2139 1082 2174 recte
1110 2140 1252 2188 agunt
1275 2130 1323 2174 in
1349 2130 1438 2174 fine
1465 2131 1518 2175 ab
1543 2133 1608 2175 eis
1633 2132 1810 2178 intento
1836 2131 2089 2191 percipiunt
2107 2141 2204 2191 per—

241 2197 488 2241 fectionem
517 2206 562 2240 et
588 2196 822 2254 gaudium.
848 2196 884 2240 E
913 2197 1142 2240 contrario
1170 2211 1281 2255 ergo
1310 2197 1497 2242 debetur
1524 2198 1639 2242 haec
1666 2212 1815 2256 poena
1841 2198 2132 2256 peccantibus
2153 2207 2207 2245 ut

243 2278 296 2308 ex
318 2264 389 2307 his
414 2263 461 2307 in
484 2263 644 2322 quibus
667 2263 751 2306 sibi
771 2262 911 2307 finem
929 2263 1210 2307 constituunt
1227 2263 1522 2309 afflictionem
1540 2265 1766 2323 accipiant
1787 2274 1833 2310 et
1854 2274 2201 2313 nocumentum.

333 2330 452 2374 Hinc
494 2339 562 2374 est
601 2329 724 2389 quod
759 2330 910 2373 divina
948 2329 1179 2388 Scriptura
1215 2331 1531 2389 peccatoribus
1570 2331 1893 2385 comminatur,
1923 2345 2020 2377 non
2049 2330 2203 2377 solum

244 2397 556 2442 exclusionem
593 2411 618 2440 a
655 2396 817 2455 gloria,
857 2396 935 2440 sed
973 2397 1111 2440 etiam
1144 2396 1439 2442 afflictionem
1479 2412 1532 2442 ex
1569 2397 1668 2442 aliis
1702 2398 1859 2453 rebus;
1883 2397 2048 2445 dicitur
2077 2398 2203 2444 enim

244 2464 427 2521 (Matth.
454 2462 600 2507 XXV.
627 2463 744 2520 41.):
778 2463 988 2508 Discedite
1019 2478 1046 2507 a
1077 2479 1156 2518 me,
1183 2463 1391 2508 maledicti
1421 2466 1467 2508 in
1498 2466 1634 2523 ignem
1665 2472 1894 2519 aeternum,
1926 2466 2000 2523 qui
2022 2471 2203 2526 paratus

242 2538 298 2576 est
322 2531 487 2575 diabolo
513 2536 550 2574 et
573 2530 728 2589 angelis
751 2533 864 2588 eju5,·
893 2539 936 2574 et
963 2529 1103 2587 (Psal.
1130 2530 1186 2574 X.
1214 2530 1298 2588 7.:)
1326 2531 1443 2575 Pluet
1462 2540 1584 2591 super·
1598 2538 1835 2591 peccatores
1860 2532 2048 2592 laqueo&
2075 2533 2200 2591 ignis,

242 2605 280 2643 et
308 2598 497 2657 sulphur,
530 2604 569 2641 et
598 2598 768 2656 spiritus
794 2597 1095 2673 procellarum,
1125 2606 1229 2656 pars
1261 2598 1402 2642 calicis
1434 2613 1592 2643 eorum.

331 2664 418 2708 Per
443 2664 534 2708 hoc
561 2674 714 2708 autem
741 2662 992 2708 excluditur
1013 2664 1170 2723 opinio
1195 2663 1440 2723 Algazelis‚
1464 2665 1552 2741 qui·
1562 2665 1713 2741 posuit
1738 2665 1861 2725 quod
1886 2625 2202 2726 peecatoribus

242 2732 356 2776 haec
384 2730 483 2776 sola
508 2745 659 2791 poena
685 2730 895 2775 reddetur
921 2730 1043 2790 quod
1071 2731 1327 2789 affligentur
1352 2745 1436 2790 pro
1463 2732 1713 2778 amissione
1739 2731 1887 2777 ultimi
1912 2731 2028 2781 finis.

935 2906 1190 2962 CAPUT
1233 2906 1513 2963 CXLVII.

627 3041 785 3089 QUOD
813 3041 1101 3096 JUD1c1BUS
1135 3043 1298 3082 LICET
1333 3044 1544 3084 POENAS
1573 3044 1817 3085 INFERRB·

794 3145 951 3203 (II-II.
980 3153 1133 3204 quaest.
1162 3147 1321 3191 LXIV.
1348 3153 1428 3192 art.
1455 3162 1496 3194 2.
1521 3154 1557 3193 et
1578 3150 1650 3208 3.).

333 3255 457 3307 Quia
481 3270 592 3300 vero
619 3269 791 3315 poenas
818 3270 843 3299 a
868 3256 972 3300 Deo
998 3256 1192 3301 inflictas
1218 3257 1358 3316 aliqui
1383 3259 1729 3317 parvipendunt,
1749 3269 1934 3320 propter
1955 3245 2045 3307 hoc
2062 3258 2203 3319 qnod,

243 3321 529 3367 sensibilibus
555 3322 708 3376 dediti,
734 3322 887 3367 solum
913 3336 967 3366 ea
992 3337 1109 3382 quae
1134 3323 1344 3369 videntur
1376 3336 1549 3380 curant,
1575 3327 1681 3371 ideo
1713 3340 1795 3386 pet
1821 3326 2027 3376 divinam
2055 3327 2203 3387 proni«

244 3388 443 3432 dentiam
471 3389 731 3433 ordinatum
763 3399 831 3433 est
863 3399 911 3433 ut
936 3390 982 3433 in
1009 3391 1140 3435 terris
1172 3391 1263 3436 sint
1292 3391 1505 3437 homines
1531 3392 1622 3452 qui,
1654 3407 1734 3451 per
1762 3392 2202 3453 poenasasensibsses

244 3464 288 3497 et
311 3465 584 3513 praesentes,
612 3455 725 3499 alios
753 3457 807 3500 ad
836 3455 1172 3502 observantiam
1204 3458 1399 3518 Justitiae
1433 3470 1629 3520 cogant;
1662 3474 1776 3520 quos
1808 3459 2101 3511 manifestum
2132 3469 2201 3509 est

244 3534 335 3565 non
363 3534 568 3581 peccare,
593 3522 702 3568 dum
729 3521 877 3568 malos
905 3523 1109 3582 puniunt.

2326 3136 2332 3145 α
2317 2668 2332 3102 ιέ<ὴιιΜω μκᾶιὶυόεῶῚὼιμιωιψφμι
2325 2628 2332 2642 ,Γ
2328 2573 2332 2588 η,
2327 2539 2332 2551 i.
