2332 3854
311 213 415 265 106
1010 225 1166 264 LIBER
1203 225 1239 263 1.
1272 213 1400 263 eff.
1441 223 1553 262 κει.

392 326 627 386 Amplius:
655 340 762 371 cum
794 326 1152 385 unumquodque
1178 325 1442 370 naturaliter
1464 325 1574 369 velit
1599 334 1645 370 et
1667 334 1851 385 appetat
1876 339 1959 370 suo
1985 325 2128 370 modo
2158 338 2260 386 pro-

301 394 450 452 prium
476 395 664 447 bonum,
681 393 822 438 sihoc
849 393 988 436 habet
1006 393 1174 436 amoris
1188 392 1319 446 ratio,
1341 391 1464 451 quod
1483 405 1641 436 amans
1659 391 1768 436 velit
1790 402 1867 435 aut
1883 401 2065 450 appetat
2085 392 2258 439 bonnm

303 462 456 514 amati,
491 474 775 519 consequens
803 470 870 503 est
901 460 1024 517 quod
1057 473 1215 502 amans
1243 467 1286 502 et
1312 467 1516 502 amatum
1543 473 1591 503 se
1616 459 1813 502 habeant
1839 459 1956 502 sicut
1981 459 2038 502 ad
2063 458 2110 502 id
2127 459 2258 518 :quod

301 536 369 571 est
401 541 504 570 cum
533 541 590 570 eo
618 527 770 584 aliquo
799 526 940 569 modo
968 539 1125 569 unum.
1151 525 1216 568 Ex
1248 538 1338 583 quo
1364 525 1540 569 videtur
1566 526 1747 584 propria
1778 525 1894 569 ratio
1923 525 2092 569 amoris
2116 527 2259 570 consi-

232 646 237 649 ,
299 603 415 637 stere
443 594 488 636 in
514 594 619 646 hoc,
654 593 775 650 quod
804 590 990 635 affectus
1017 591 1148 634 unius
1174 590 1333 635 tendat
1351 592 1397 635 in
1424 591 1631 646 alterum,
1655 592 1771 635 sicut
1791 591 1838 634 in
1865 605 1989 634 unun
2012 604 2118 635 cum
2142 591 2258 650 ipso,

299 659 453 718 aliquo
481 659 645 712 mod03
674 668 857 716 propter
883 657 1004 715 quod
1031 657 1194 701 dicitur
1213 671 1238 701 a
1259 658 1501 717 Dionysio,
1522 658 1650 717 quod
1670 671 1799 702 amor
1821 667 1890 702 est
1914 658 2085 702 unitiva
2103 657 2258 702 virtus.

303 725 492 778 Quanto
525 726 662 783 igitur
688 725 748 777 id,
781 724 900 767 unde
929 736 1087 768 amans
1120 734 1187 768 est
1218 738 1360 768 unum
1394 739 1500 769 cum
1532 734 1701 778 amato,
1735 734 1802 768 est
1834 725 1996 782 majus,
2027 733 2158 773 tam
2188 733 2257 768 est

300 806 430 836 amor
446 792 688 836 intensior:
718 791 863 847 magis
890 791 1015 834 enim
1042 804 1252 835 amamus
1268 805 1383 850 quos
1410 792 1542 835 nobis
1569 791 1666 835 unit
1687 790 1993 850 generationis
2010 790 2258 849 origio,··aut

301 858 657 902 conversationis
687 871 808 910 usus,
837 866 913 901 aut
939 856 1107 916 aliquid
1124 857 1404 916 hujusmodi,
1430 872 1569 917 quam
1591 871 1672 902 eos
1695 871 1810 917 quos
1836 856 1987 901 solum
2007 857 2141 902 nobis
2161 856 2260 900 unit

300 926 530 968 humanae
556 932 744 967 naturae
777 923 986 967 societas.
1020 923 1077 967 Et
1106 937 1273 977 rursus,
1301 934 1470 982 quanto
1502 923 1547 967 id
1574 937 1629 968 ex
1660 937 1751 982 quo
1785 933 1854 968 est
1883 923 1993 968 unio
2020 933 2088 967 est
2110 922 2258 982 magis

299 991 512 1034 intimum
536 990 720 1042 amanti,
742 998 870 1033 tanto
887 1004 1018 1033 amor
1036 989 1085 1033 fit
1099 989 1287 1044 firmiOr,
1305 990 1424 1033 unde
1443 990 1671 1034 interdum
1688 1004 1820 1034 amor
1841 990 1920 1049 qui
1941 1000 2008 1035 est
2033 1003 2088 1034 ex
2109 988 2260 1048 aliqua

301 1058 525 1115 passione,
552 1056 601 1100 fit
625 1056 845 1099 intensior
871 1069 1028 1100 amore
1054 1055 1132 1115 qui
1154 1066 1222 1101 est
1246 1070 1300 1099 ex
1323 1056 1519 1100 naturali
1541 1058 1729 1115 origine,
1746 1056 1822 1100 vel
1842 1070 1896 1101 ex
1912 1055 2067 1115 aliquo
2087 1055 2260 1108 habitu,

301 1123 378 1168 sed
406 1123 581 1166 facilius
607 1124 778 1166 transit.
806 1123 856 1166 Id
884 1133 1036 1166 autem
1063 1123 1181 1166 unde
1209 1124 1366 1167 omnia
1386 1124 1490 1167 Deo
1513 1124 1742 1178 uniuntur,
1764 1123 1939 1168 scilicet
1959 1125 2056 1182 ejus
2079 1123 2260 1167 bonitas

300 1204 436 1249 quam
464 1189 621 1233 omnia
647 1189 894 1243 imitantur,
923 1199 989 1233 est
1015 1189 1270 1232 maximum
1297 1198 1339 1233 et
1364 1190 1578 1234 intimum
1604 1191 1721 1244 Deo,
1741 1205 1847 1235 cum
1871 1190 1968 1249 ipse
1994 1190 2053 1234 sit
2076 1204 2160 1234 sua
2183 1190 2260 1234 bo-

300 1257 430 1300 nitas.
458 1256 537 1300 Est
562 1256 698 1314 igitur
724 1256 771 1299 in
796 1256 899 1299 Deo
928 1269 1058 1299 amor
1083 1269 1176 1299 non
1203 1255 1354 1299 solum
1385 1270 1535 1310 verus,
1561 1256 1642 1300 sed
1675 1257 1814 1301 etiam
1839 1256 2193 1316 perfectissimus
2215 1266 2261 1300 et

301 1323 603 1367 firmissimus.

386 1390 523 1434 Item:
552 1403 683 1433 amor
709 1402 763 1433 ex
788 1398 914 1448 parte
947 1387 1115 1447 obJecti
1138 1403 1233 1433 non
1260 1389 1476 1447 importat
1507 1388 1676 1448 aliquid
1709 1403 1968 1449 repugnans
1999 1389 2119 1444 Deo,
2143 1403 2261 1435 cum

300 1456 358 1500 sit
381 1456 515 1510 boni3
541 1470 628 1500 nec
656 1471 709 1500 ex
732 1456 874 1500 modo
900 1469 950 1500 se
975 1455 1173 1499 habendi
1201 1456 1255 1499 ad
1283 1456 1528 1514 objectum.
1557 1456 1680 1500 Nam
1706 1471 1838 1501 amor
1862 1465 1931 1501 est
1952 1454 2153 1515 alicujus
2177 1456 2259 1510 rei,

300 1537 393 1566 non
420 1523 570 1567 minus
604 1537 710 1566 cum
741 1522 948 1576 habetur,
976 1523 1053 1566 sed
1082 1523 1228 1581 magis
1255 1525 1361 1598 quia
1391 1523 1565 1566 bonum
1600 1522 1783 1582 aliquod
1814 1522 1865 1567 fit
1894 1522 2026 1567 nobis
2058 1521 2252 1578 affinius,

307 1604 414 1633 cum
454 1589 661 1644 habetur,
687 1589 807 1633 unde
833 1599 987 1633 motus
1021 1589 1077 1633 ad
1111 1589 1251 1633 finem
1286 1589 1333 1633 in
1362 1590 1495 1634 rebus
1525 1589 1805 1634 naturalibus
1837 1603 1892 1634 ex
1922 1589 2258 1649 propinquitate

303 1656 404 1700 finis
430 1657 688 1701 intenditur.
718 1656 1011 1715 Quandoque
1035 1667 1188 1700 autem
1221 1657 1501 1700 contrarium
1534 1670 1614 1715 per
1636 1657 1859 1701 *accidens
1891 1652 2071 1710 accidit,
2103 1664 2260 1715 utpote

301 1723 484 1782 quando
511 1724 557 1767 in
585 1733 738 1767 amato
766 1721 1022 1781 experimur
1048 1722 1217 1782 aliquid
1240 1723 1362 1782 quod
1385 1733 1606 1782 repugnat
1632 1723 1803 1769 amori:
1829 1733 1937 1767 tunc
1964 1722 2087 1767 enim
2109 1723 2260 1767 minus

303 1799 482 1834 amatur
507 1790 689 1849 quando
721 1790 925 1834 habetur
959 1790 1067 1834 Non
1098 1790 1235 1848 igitur
1265 1804 1398 1834 amor
1428 1800 1651 1848 repugnat
1682 1790 1862 1834 divinae
1897 1789 2168 1849 perfectioni
2195 1803 2262 1839 se-

303 1857 504 1901 cundum
530 1857 755 1901 rationem
778 1871 886 1901 suae
913 1857 1102 1914 speciei3
1139 1866 1205 1900 est
1229 1857 1367 1915 igitur
1392 1857 1438 1899 in
1464 1857 1568 1900 Deo
1595 1870 1742 1902 amor.

395 1923 655 1968 Praeterea:
686 1924 854 1967 amoris
877 1933 944 1967 est
970 1923 1062 1966 ad
1052 1923 1249 1967 invicem
1275 1937 1478 1976 movere,
1501 1933 1550 1966 ut
1575 1923 1825 1982 Dionysius
1851 1922 1974 1967 dicit.
1993 1921 2115 1968 Cum
2133 1913 2259 1967 enim

304 2000 490 2049 propter
515 1989 860 2034 similitudinem
885 1989 959 2034 vel
986 1990 1354 2034 convenientiam
1381 1990 1576 2034 amantis
1604 2000 1649 2034 et
1673 1990 1828 2043 amati,
1853 1988 2042 2034 effectus
2058 1989 2259 2034 amantis

301 2059 358 2101 sit
383 2057 730 2116 quodammodo
756 2058 908 2102 unitus
935 2066 1107 2111 amato,
1131 2057 1274 2100 tendit
1300 2058 1525 2116 appetitus
1556 2057 1603 2100 in
1629 2056 1960 2115 perfectionem
1984 2056 2183 2111 unionis,
2204 2065 2259 2100 >nt

302 2123 477 2168 scilicet
502 2125 611 2168 unio
639 2138 755 2183 quae
780 2125 875 2183 jam
901 2123 1117 2167 inchoata
1140 2133 1208 2167 est
1232 2124 1279 2167 in
1307 2123 1485 2177 affectu,
1514 2122 1802 2183 compleatur
1825 2123 1873 2167 in
1896 2132 2028 2167 actu:
2055 2121 2181 2167 unde
2214 2132 2259 2167 et

302 2191 559 2235 amicorum
583 2191 819 2250 proprium
846 2200 913 2235 est
939 2200 1097 2235 mutua
1128 2190 1384 2249 praesentia
1407 2199 1450 2234 et
1477 2190 1691 2234 convictu
1724 2198 1768 2234 et
1798 2188 2122 2235 collationibus
2153 2203 2261 2248 gau·

301 2258 421 2302 dere.
447 2258 573 2302 Deus
601 2268 755 2302 autem
781 2268 938 2302 movet
965 2257 1122 2300 omnia
1149 2256 1238 2300 alia
1256 2257 1311 2300 ad
1329 2257 1573 2311 unionem;
1600 2257 1647 2300 in
1674 2266 1897 2315 quantum
1913 2256 2040 2302 enim
2060 2256 2139 2300 dat
2157 2269 2259 2302 esse

302 2334 346 2368 et
372 2323 482 2368 alias
508 2324 826 2383 perfectiones,
852 2325 950 2368 unit
976 2338 1029 2368 ea
1055 2324 1139 2368 sibi
1161 2338 1241 2381 per
1267 2323 1459 2367 modum
1486 2337 1577 2382 quo
1607 2322 1822 2382 possibile
1857 2333 1936 2368 est.
1964 2323 2091 2368 Deus
2121 2322 2260 2382 igitur

302 2400 345 2435 et
370 2405 418 2435 se
446 2401 490 2435 et
516 2390 604 2435 alia
632 2402 767 2435 amat.

389 2457 578 2501 Adhuc:
607 2458 756 2502 omnis
784 2456 1036 2501 affectionis
1069 2456 1344 2516 principium
1378 2466 1446 2501 est
1484 2470 1637 2510 amor;
1674 2456 1891 2513 gaudium
1918 2456 2042 2500 enirn
2073 2465 2118 2500 et
2149 2456 2261 2501 desi-

302 2524 477 2568 derium
502 2538 597 2568 non
630 2534 698 2568 est
723 2524 810 2568 nisi
836 2523 976 2567 amati
1001 2523 1124 2577 boni,
1151 2523 1291 2567 timor
1318 2533 1362 2567 et
1382 2523 1561 2567 tristitia
1578 2537 1673 2566 non
1698 2533 1764 2567 est
1784 2523 1871 2567 nisi
1897 2523 1952 2567 de
1975 2521 2115 2576 malo,
2137 2521 2260 2582 quod

301 2591 601 2635 contrariatur
626 2591 749 2634 bono
778 2600 956 2634 amato:
992 2604 1045 2633 ex
1076 2590 1149 2633 his
1194 2600 1346 2634 autem
1384 2604 1545 2634 omnes
1584 2589 1699 2633 aliae
1737 2589 2002 2634 affectiones
2039 2589 2262 2634 oriuntur.

301 2658 391 2702 Sed
417 2658 461 2701 in
489 2658 591 2702 Deo
619 2668 688 2702 est
713 2658 931 2716 gaudium
958 2666 1002 2700 et
1028 2656 1284 2711 delectatio,
1312 2666 1361 2701 ut
1386 2670 1519 2716 supra
1545 2658 1606 2715 (c.
1635 2656 1728 2715 9ο.)
1761 2666 1997 2700 ostensum
2024 2665 2115 2710 est;
2147 2669 2259 2715 ergo

303 2725 349 2767 in
376 2725 478 2768 Deo
507 2735 574 2768 est
599 2738 742 2768 amor.

390 2791 552 2835 Posset
579 2801 730 2835 autem
761 2790 897 2834 alicui
921 2790 1063 2834 videri
1097 2790 1217 2849 quod
1244 2790 1370 2834 Deus
1398 2804 1491 2834 non
1518 2791 1665 2848 magis
1692 2790 1783 2834 hoc
1806 2803 1945 2848 quam
1970 2788 2081 2834 illud
2114 2799 2258 2835 amet:

299 2858 336 2902 si
363 2858 484 2902 enim
511 2858 703 2902 intentio
731 2867 776 2902 et
801 2858 1011 2901 remissio
1044 2867 1232 2901 naturae
1266 2857 1495 2901 mutabilis
1528 2867 1611 2911 est,
1644 2856 1826 2916 proprie
1858 2857 1960 2900 Deo
1993 2866 2257 2916 competere

298 2938 392 2969 non
415 2934 578 2982 potest,
606 2939 630 2968 a
657 2939 748 2983 quo
777 2925 927 2968 omnis
954 2924 1231 2967 mutabilitas
1258 2924 1419 2982 procul
1446 2933 1526 2968 est.
1941 2954 1945 2958 -

391 2992 584 3036 Rursus:
617 2991 795 3035 nullum
823 2989 1018 3035 aliorum
1045 3005 1160 3049 quae
1188 2991 1243 3034 de
1271 2991 1373 3035 Deo
1401 3005 1481 3049 per
1514 2990 1705 3034 modum
1731 2989 2010 3049 operationis
2036 2989 2260 3044 dicuntur,

301 3059 552 3104 secundum
580 3059 728 3117 magis
756 3069 799 3102 et
831 3058 982 3101 minus
1010 3058 1064 3101 de
1091 3058 1191 3116 ipso
1225 3057 1409 3111 dicitur;
1442 3071 1589 3115 neque
1626 3057 1749 3100 enim
1782 3057 1929 3116 magis
1961 3052 2132 3116 aliquid
2162 3055 2256 3101 aiio

301 3125 608 3184 cognoscitur,
633 3139 782 3183 neque
810 3125 955 3183 magis
984 3124 1039 3168 de
1065 3124 1155 3168 hoc
1189 3138 1326 3182 quam
1355 3125 1408 3167 de
1435 3123 1516 3167 illo
1544 3124 1723 3182 gaudet.

387 3191 638 3236 Sciendum
663 3192 832 3250 itaque,
860 3191 983 3249 quod
1012 3205 1117 3234 cum
1152 3190 1266 3234 aliae
1303 3190 1590 3249 operationes
1626 3190 1806 3235 animae
1833 3190 1923 3237 sinz
1954 3190 2077 3235 circa
2111 3201 2256 3235 unum

302 3257 453 3302 solum
481 3259 727 3316 objectum,
755 3258 880 3302 solus
902 3271 1034 3301 amor
1052 3257 1105 3300 ad
1125 3258 1215 3300 duo
1233 3258 1413 3314 objecta
1434 3256 1537 3300 ferri
1559 3257 1748 3300 videtur.
1772 3257 1860 3302 Per
1879 3256 1971 3301 hoc
1987 3255 2113 3301 enirn
2133 3254 2258 3316 quod

2313 2843 2332 2954 :mmmm
2323 2806 2332 2826 -.-.
2323 2784 2332 2794 2
2320 2768 2323 2771 ’
2330 2663 2332 2665 .
2327 2637 2332 2644 .
2330 2589 2332 2591 .

2304 3285 2324 3333 ²3³²*
2304 3079 2332 3278 «aramagiff.
2310 2988 2332 3072 {zu—2:⁹³*
2320 2976 2322 2978 ·
2317 2958 2326 2967 ν(

299 3324 596 3383 intelligimus
614 3324 686 3369 vel
705 3325 971 3383 gaudemus,
990 3324 1044 3368 ad
1066 3323 1248 3382 aliquod
1263 3324 1493 3381 obiectum
1511 3323 1765 3382 aliqualiter
1774 3337 1860 3368 nos
1871 3323 2040 3368 habere
2054 3331 2258 3382 oportet:

303 3404 435 3434 amor
461 3405 570 3436 vero
598 3390 765 3450 aliquid
793 3391 928 3435 alicui
953 3389 1064 3436 vult.
1089 3389 1192 3433 Hoc
1220 3391 1342 3433 enim
1376 3404 1528 3434 amare
1556 3390 1764 3444 dicimur,
1781 3389 1855 3434 cui
1872 3389 2057 3449 aliquod
2082 3389 2254 3434 bonum
2305 3390 2307 3395 ’

300 3456 515 3501 volumus
552 3459 804 3502 secundum
839 3458 1029 3502 modum
1067 3457 1370 3516 praedictum3
1397 3457 1516 3500 unde
1550 3467 1594 3501 et
1630 3471 1683 3501 ea
1721 3470 1838 3516 quae
1874 3455 2308 3542 concupiscimg

303 3523 569 3601 simpliciter
596 3525 777 3583 quidem
806 3535 850 3569 et
875 3525 1054 3584 proprie
1080 3523 1333 3568 desiderare
1360 3523 1568 3577 dicimur,
1595 3537 1688 3567 non
1707 3533 1862 3569 autem
1885 3536 2056 3577 amare,
2077 3520 2158 3567 sed
2176 3518 2307 3582 pot-‘³³
2289 3545 2332 3589 ξ

299 3590 388 3634 tius
414 3605 498 3635 nos
524 3592 661 3650 ipsos,
695 3592 856 3650 quibus
890 3606 942 3636 ea
977 3590 1360 3649 concupiscimus,
1387 3600 1431 3634 et
1457 3605 1510 3635 ex
1538 3591 1627 3634 hoc
1666 3590 1762 3649 ipsa
1794 3604 1874 3650 per
1905 3589 2131 3645 accidens,
2161 3600 2256 3634 nou
2294 3592 2302 3650 j
