2332 3854
271 205 380 276 384
936 218 1097 262 11131111
1130 217 1206 256 111.
1249 218 1371 260 CAP.
1408 217 1563 288 1,,ΧῑῙΧ.

269 322 494 381 passivae,
505 336 622 381 quae
634 335 734 371 non
746 320 956 370 videntur
972 333 1070 370 esse
1089 318 1146 366 ad
1166 319 1264 367 hoc
1279 318 1553 371 sufficientes
1570 319 1693 380 quod
1709 319 1890 372 formas
1903 321 2229 425 substantivam

270 403 458 434 causare
484 389 671 448 possint.

357 456 653 506 Inveniuntur
680 454 821 500 etiam
844 451 1105 511 quaedam
1094 466 1142 496 1n
1171 452 1269 497 istis
1292 431 1586 502 inferioribus
1606 468 1722 513 quae
1748 468 1846 502 non:
1870 464 2146 514 generantur
2167 469 2223 500 ex

269 522 506 576 similibus,
533 523 649 567 sicut
676 519 891 563 animalia
918 532 972 563 ex
998 518 1328 578 putrefactione
1365 530 1600 596 generata:
1637 520 1762 565 unde
1783 521 1965 572 videtur
1985 521 2114 580 und
2137 521 2224 575 ho-

268 604 369 633 rum
395 589 570 633 formae
597 602 650 631 ex
677 586 911 630 altioribus
937 585 1168 644 principiis
1194 586 1477 644 proveniant,
1504 597 1548 633 et
1569 587 1666 646 pari
1689 588 1864 637 ratione
1890 586 2010 639 aliae
2030 586 2227 642 formae,

269 670 462 715 quarum
489 654 712 713 quaedam
740 663 844 697 sunt
871 651 1025 698 multo
1043 651 1306 700 nobiliores.

362 722 564 774 Quidam
591 734 700 764 vero
743 719 799 763 ad
826 719 916 763 hoc
959 729 1280 777 argumentum
1316 729 1554 769 assumunt
1589 734 1644 765 ex
1669 719 1948 771 naturalium
1971 689 2224 780 corporum.

269 788 580 833 imbecillitate
607 787 664 830 ad
692 786 935 844 agendum.
962 786 1085 833 Nam
1118 786 1270 831 omnis
1301 786 1505 845 corporis
1536 786 1685 831 forma
1716 796 1784 833 est
1815 786 2029 845 adjuncta
2054 787 2228 846 quanti·

268 856 374 900 tati:
400 854 625 912 quantitas
659 863 812 897 autem
847 852 1039 928 impedit
1079 853 1310 900 actionem
1347 862 1391 899 et
1430 864 1609 897 motum
1649 853 1780 910 cujus
1821 853 2009 911 signum
2033 864 2225 913 ponunt,

269 923 374 981 quia
401 931 625 979 quantum
649 920 826 964 additur
859 920 905 963 in
932 919 1182 978 quantitate
1208 919 1346 965 alicui
1378 920 1573 978 corpori,
1604 929 1732 963 tanto
1764 919 1815 965 fit
1839 920 2160 979 ponderosius,
2181 930 2228 967 et

268 989 468 1034 tardatur
495 998 647 1032 motus
674 989 786 1044 ejus.
810 986 946 1030 Unde
971 1000 1050 1044 per
1076 986 1171 1035 hoe
1195 986 1475 1054 congludunt
1499 986 1623 1046 quod
1646 985 1822 1037 nuli-um
1851 1001 2022 1047 corpus>
2041 987 2100 1038 sit
2121 997 2228 1037 acti«

268 1069 393 1107 vum,
419 1054 498 1098 sed
525 1054 759 1112 passivum
782 1063 974 1096 tantum.

357 1121 459 1165 Hoc
486 1121 625 1169 etiam
653 1120 892 1165 ostendere
919 1120 1122 1163 nituntur
1147 1134 1228 1177 per
1253 1119 1361 1172 hoc,
1387 1119 1510 1177 quod
1528 1133 1666 1165 omne
1685 1119 1863 1178 patiens
1878 1130 1948 1169 est
1972 1120 2227 1179 subjectum

271 1188 436 1248 agenti,
464 1198 507 1231 et
534 1202 671 1231 omne
699 1201 839 1245 agens
866 1198 1043 1245 praeter
1068 1187 1267 1245 primum
1290 1187 1413 1245 quod
1441 1197 1611 1240 causat,
1638 1187 1824 1246 requirit
1849 1186 2229 1245 subiectumifnfq-

269 1256 360 1304 rius
396 1269 456 1301 se.
494 1253 633 1299 Nulla
669 1265 825 1298 autem
855 1254 1102 1301 substantia
1135 1263 1202 1298 est
1242 1252 1427 1302 inferior
1459 1253 1710 1312 corporali:
1742 1253 1863 1303 unde
1895 1254 2073 1305 videmr
2101 1254 2226 1314 quod

269 1321 447 1367 nullum
474 1335 639 1380 corpus
665 1321 721 1365 sit
747 1320 964 1365 activum.

358 1388 546 1432 Addunt
572 1388 708 1432 etiam
738 1388 793 1431 ad
819 1387 910 1431 hoc
938 1387 1061 1446 quod
1093 1386 1347 1445 corporalis
1371 1385 1620 1436 substantia
1654 1397 1722 1431 est
1746 1387 1795 1434 in
1826 1385 1987 1440 ultima
2015 1387 2240 1438 distantia,

272 1470 297 1499 a
323 1456 472 1514 primo
501 1465 677 1514 agente,
700 1455 818 1498 unde
843 1468 937 1498 non
963 1453 1140 1497 videtur
1167 1454 1231 1498 eis
1259 1453 1380 1512 quod
1407 1454 1546 1498 virtus
1575 1455 1721 1498 activa
1747 1454 1982 1513 perveniat
2006 1468 2149 1514 usque
2168 1455 2223 1499 ad

270 1523 568 1567 substantiam
596 1520 899 1580 corporalem,
926 1521 1005 1565 sed
1032 1521 1148 1565 sicut
1170 1521 1296 1564 Deus
1319 1531 1386 1564 est
1412 1535 1552 1580 agens
1569 1531 1762 1575 tanturn,
1779 1521 1842 1565 ita
1858 1521 2107 1566 substantia
2128 1535 2229 1566 cor·

271 1589 454 1649 poralis,
482 1604 587 1633 curn
620 1589 676 1632 sit
701 1588 859 1632 infima
884 1588 930 1631 in
958 1600 1132 1646 genere
1150 1602 1316 1640 rerum,
1344 1587 1406 1631 sit·
1426 1588 1606 1645 passiva
1622 1597 1824 1632 tantum.

360 1657 550 1715 Propter
575 1656 658 1700 has
690 1656 824 1714 igitur
851 1655 1050 1699 rationes
1077 1654 1204 1714 ponit
1229 1654 1506 1708 Avicebron‚
1532 1655 1580 1698 in
1607 1654 1722 1698 libro
1756 1654 1913 1699 Fontis
1938 1654 2073 1708 vitae,
2105 1654 2229 1714 quod

271 1723 449 1767 nullum
484 1737 647 1782 corpus
685 1732 753 1766 est
790 1722 1005 1775 activum,
1038 1722 1117 1766 sed
1150 1722 1290 1765 virtus
1328 1721 1604 1765 substantiae
1642 1721 1887 1780 spiritualis
1921 1721 2225 1781 pertransiens

271 1804 351 1850 per
384 1804 577 1848 corpora
605 1792 697 1848 agit
724 1789 927 1832 actiones
954 1802 1069 1847 quae
1096 1802 1175 1847 per
1202 1801 1395 1846 corpora
1420 1787 1518 1831 fieri
1542 1788 1767 1832 videntur.
1857 1794 1862 1799 ’

364 1856 567 1909 Quidam
601 1858 743 1901 etiam
766 1856 1006 1914 loquentes
1039 1856 1084 1898 in
1121 1855 1223 1914 lege
1259 1855 1527 1904 Maurorum
1559 1855 1769 1902 dicuntur
1795 1855 1854 1903 ad
1876 1855 1967 1904 hoc
1999 1855 2226 1902 rationem

270 1924 501 1976 inducere,
534 1924 655 1982 quod
683 1923 820 1967 etiam
848 1922 1099 1967 accidentia
1125 1936 1219 1966 non
1246 1921 1334 1965 sint
1370 1936 1424 1965 ex
1461 1922 1641 1966 actione
1680 1936 1943 1981 corporum,
1970 1922 2077 1982 quia
2109 1922 2228 1967 acci-

272 1991 383 2034 dens
410 2005 505 2035 non
529 1991 691 2035 transit
721 2004 745 2034 a
778 1990 984 2047 subiecto
1010 1983 1063 2033 in
1088 1990 1365 2047 subiectum3
1398 1989 1517 2033 unde
1548 1998 1760 2048 reputant
1791 1989 2074 2048 impossihile
2105 1989 2229 2049 quod

273 2057 399 2102 calor
423 2067 623 2101 transeat
648 2072 673 2101 a
701 2070 894 2115 corpore
921 2055 1071 2100 calido
1102 2056 1150 2099 in
1177 2055 1297 2100 aliud
1326 2069 1489 2113 corpus
1517 2056 1573 2101 ab
1601 2057 1703 2115 ipso
1739 2055 2029 2111 calefaetums
2059 2056 2146 2105 8αά
2170 2056 2232 2105 di-

272 2137 379 2169 cunt
404 2125 561 2169 omnia
587 2123 852 2182 hujusmodi
879 2123 1132 2169 accidentia
1158 2123 1302 2167 creari
1326 2137 1351 2166 a
1376 2123 1493 2169 Deo.
2091 2142 2094 2148 ¹

361 2191 433 2235 Ad
460 2191 730 2249 praemissas
749 2201 902 2235 autem
919 2190 1184 2249 positiones,
1201 2189 1367 2237 multa
1356 2201 1724 2236 inconvenientia
1741 2201 2006 2250 sequnntur.
2018 2191 2089 2238 Si
2103 2191 2230 2239 enim

271 2258 396 2303 nulla
421 2257 608 2303 inferior
640 2272 792 2311 causa,
819 2267 863 2301 et
889 2258 1088 2302 maxime
1115 2256 1382 2315 corporalis,
1409 2257 1581 2316 aliquid
1611 2269 1839 2317 operatur,
1861 2259 1943 2303 sed
1967 2258 2098 2305 Deus
2121 2266 2226 2318 ope-

270 2335 394 2369 ratur
419 2325 466 2369 in
497 2325 711 2370 omnibus
739 2323 886 2370 solus:
915 2325 1047 2370 Deus.
1069 2334 1223 2369 autem
1254 2338 1349 2368 non
1380 2325 1580 2371 variatur
1610 2339 1691 2384 per
1723 2325 1833 2383 hoc,
1863 2325 1995 2384 quodi
2014 2335 2229 2385 operatur

270 2392 317 2436 in
344 2392 476 2436 rebus
509 2392 721 2436 diversis:
753 2405 849 2435 non
881 2401 1094 2450 sequetur
1141 2391 1345 2436 diversus
1381 2389 1571 2438 effectus
1601 2405 1658 2437 ex
1689 2391 1955 2438 diversitate:
1984 2405 2154 2447 tenum,
2183 2392 2233 2441 in

272 2458 433 2518 quibus
458 2458 585 2503 Deus
613 2468 842 2517 operatur.
875 2458 982 2502 Hoc·
1005 2468 1157 2503 autem
1181 2457 1236 2502 ad
1269 2471 1455 2505 sensum
1482 2469 1668 2517 apparet
1691 2457 1881 2514 falsum3
1907 2459 2155 2507 non-enim
2177 2473 2232 2508 ex

273 2525 560 2585 appositione
586 2525 721 2570 calidi
753 2526 954 2584 sequitur
978 2524 1275 2583 infrigidatio,
1299 2525 1377 2579 sed
1411 2524 1651 2571 calefactio
1678 2535 1887 2580 tantum3
1911 2539 2062 2586 neque
2087 2541 2142 2574 ex
2167 2541 2235 2576 se·

273 2593 400 2638 mine
423 2592 624 2638 hominis
642 2592 844 2650 sequitur
861 2592 1097 2649 generatio
1114 2592 1203 2636 nisi
1217 2592 1433 2638 hominis.
1460 2591 1568 2637 Non
1596 2606 1707 2652 ergo
1728 2592 1969 2641 causalia„
1986 2592 2238 2642 effectuum

271 2659 538 2703 inferiorum
565 2669 632 2703 est
662 2659 724 2702 ita
758 2658 1043 2706 attribuenda
1077 2659 1256 2705 divinae
1293 2659 1461 2713 virtuti,
1501 2659 1623 2718 quod
1666 2660 1957 2709 subtrahauu
1988 2659 2236 2709 camelitas

273 2726 540 2791 inferiorum
567 2726 814 2785 agentium.

362 2794 503 2838 Item:
537 2803 696 2837 contra
719 2793 945 2857 rationem
967 2793 1215 2852 sapientiae
1239 2802 1319 2846 est,
1346 2802 1395 2837 ut
1417 2792 1473 2836 sit
1495 2791 1666 2851 aliquid
1683 2792 1880 2838 frustra
1867 2802 1915 2842 m
1937 2750 2150 2854 operibus
2168 2807 2235 2842 33-

274 2860 450 2919 pientis.
466 2859 516 2904 Si
533 2869 685 2905 autern
699 2874 769 2904 res
789 2852 967 2905 creatae
979 2859 1107 2904 nullo
1120 2860 1262 2907 modo
1280 2869 1523 2918 operentur
1541 2860 1599 2905 ad
1611 2859 1799 2907 effectus
1808 2860 2146 2919 producendos
2153 2861 2236 2910 sed

273 2927 399 2972 solus
415 2927 541 2975 Deus
559 2936 770 2985 operetur
787 2927 944 2971 omnia
961 2927 1239 2980 immediate,
1249 2926 1412 2972 frustra
1430 2937 1579 2971 essent
1598 2927 1824 2974 adhibitae
1841 2927 2011 2997 abipso
2030 2926 2157 2975 31133
2162 2940 2234 2975 tes

275 2994 332 3038 ad
353 2994 674 3052 producendos
692 2992 893 3039 effectus,
912 2994 1154 3052 Repugnat
1179 2993 1316 3051 igitur
1333 2994 1563 3052 praedicta
1586 2994 1758 3052 positio
1774 2982 1977 3042 divinae
1970 2994 2234 3053 sapientiae-

363 3060 549 3106 Adhuc:
583 3060 709 3119 quod·
738 3060 816 3104 dat
841 3060 979 3105 alicui-
1003 3059 1189 3118 aliquod
1216 3060 1481 3118 principale,
1508 3060 1583 3107 dat
1616 3060 1771 3108 eidem
1793 3060 1953 3109 omnin
1976 3075 2113 3120 quae
2111 3075 2232 3108 con—

274 3137 522 3186 sequuntur
548 3127 603 3171 ad
628 3126 755 3180 illud,
788 3127 905 3172 sicut
932 3141 1068 3173 causa
1095 3140 1212 3184 quae
1238 3127 1314 3171 dat
1347 3127 1531 3185 corpori
1563 3126 1834 3173 elementari
1850 3127 2139 3187 gravitates,
2157 3127 2238 3178 dat

275 3194 317 3237 ei
344 3204 522 3241 motum
555 3193 784 3238 deorsum.
819 3193 990 3238 Facere
1022 3203 1176 3237 autem
1219 3192 1388 3252 aliquid
1422 3203 1524 3239 actu
1568 3194 1864 3253 consequitur
1892 3194 1950 3241 ad
1980 3194 2071 3242 hoc
2100 3195 2234 3254 quod:

275 3270 343 3304 est
359 3274 458 3305 esse
477 3271 595 3313 actu,
613 3271 660 3305 ut
686 3270 808 3318 patet
834 3260 880 3303 in
907 3260 1035 3313 Deo;
1063 3260 1158 3318 ipse
1186 3270 1252 3304 est
1278 3260 1401 3303 enim
1430 3270 1556 3305 actus
1583 3275 1736 3319 purus,
1762 3270 1811 3307 et,
1830 3271 1901 3307 est
1925 3261 2232 3332 etiamtpritna

277 3341 413 3374 causa
442 3327 621 3372 essendi
647 3328 876 3380 omnibus,
902 3337 950 3372 ut
977 3341 1110 3385 supra
1143 3326 1264 3385 (Lib.
1291 3327 1325 3370 Ι.
1354 3340 1392 3370 c.
1426 3340 1491 3372 10
1519 3337 1564 3371 et
1595 3341 1660 3386 13.
1688 3327 1788 3374 Lib.
1813 3327 1869 3374 11.
1897 3342 1936 3375 c.
1968 3328 2235 3385 15)th-

277 3408 380 3438 sum
403 3404 484 3438 est.
513 3394 563 3438 Si
593 3394 730 3452 igitur
753 3393 1114 3439 communicavit
1136 3393 1234 3437 aliis
1258 3393 1604 3439 similitudinem
1626 3408 1775 3449 suam,
1798 3404 2020 3454 qnantum
2045 3394 2233 3450 acl-esne,

275 3461 319 3503 in
353 3470 573 3518 quantum
606 3475 676 3505 res
708 3462 755 3504 in
803 3475 902 3505 esse
935 3460 1161 3520 produxit,
1195 3473 1480 3519 consequens
1518 3470 1599 3514 est,
1636 3471 1685 3507 ut
1726 3460 2140 3522 communicaverit
2167 3462 2234 3507 eia

277 3526 622 3572 similitudinem
646 3541 777 3572 suam
809 3537 1032 3587 quantum
1063 3527 1119 3573 ad
1152 3540 1307 3585 agere,
1337 3537 1385 3572 ut
1410 3527 1550 3574 etiam
1590 3542 1663 3575 res
1693 3537 1874 3576 creatae
1905 3519 2105 3577 habeam
2135 3535 2234 3588 pro·

278 3593 396 3650 prias
423 3594 640 3639 actiones.
