2320 3854
502 298 564 368 S.
593 295 985 370 THOMAE
1024 296 1532 382 AQUINATIS
1570 300 1659 369 O.
1701 299 1767 368 Ρ.

842 457 1126 496 DOCTORIS
1159 457 1420 497 ANGELICI

152 582 532 666 SUMMAE
580 585 701 645 DE
748 584 1192 645 VERITATE
1242 585 1819 646 CATHOLICAE
1877 553 2109 647 Flossi

755 729 1075 775 CONTRA
1121 730 1501 776 GENTILES

0 450 45 501 23

930 868 1053 903 LIBRI
1081 869 1317 909 QUATUOR

707 1290 1048 1349 LIBER
1118 1290 1556 1350 PRIMUS

824 1610 1080 1668 CAPUT
1100 1586 1436 1669 PRIMUM.

977 1722 1280 1777 PROOEMIUM.

587 1852 768 1899 QUOD
810 1850 911 1891 SIT
953 1852 1271 1891 OFFICIUM
1312 1852 1674 1893 SAPIENTIS.

682 1921 697 1940 »θ

246 1984 470 2030 Veritatem
510 1983 782 2029 meditabitur
829 1990 972 2043 guttur
1011 2000 1163 2039 meum,
1207 1991 1244 2029 et
1293 1985 1408 2029 labia
1446 1999 1537 2028 mea
1580 1983 1887 2029 detestabuntur
1929 1985 2108 2043 impium

151 2050 387 2107 (Proverb.
409 2050 534 2096 VIII.
561 2051 638 2108 7..)
664 2051 969 2096 Multitudinis
995 2065 1116 2106 usus,
1144 2066 1282 2111 quem
1299 2051 1346 2095 in
1364 2051 1495 2095 rebus
1512 2051 1804 2095 nominandis
1821 2051 2107 2110 sequendum

148 2116 460 2177 Philosophus
487 2127 642 2162 censet
668 2117 937 2176 (Topic.II.
967 2119 1108 2175 c.1.),
1137 2119 1442 2163 communiter
1469 2119 1677 2171 obtinuit,
1711 2128 1759 2163 ut
1784 2119 2010 2177 sapientes
2046 2118 2107 2162 di-

149 2178 309 2235 chntur
339 2185 417 2244 qui
441 2198 513 2230 res
539 2185 709 2229 directe
736 2185 948 2229 ordinant
974 2195 1019 2229 et
1044 2199 1119 2230 eas
1141 2186 1256 2230 bene
1274 2186 1540 2244 gubernant.
1568 2185 1718 2239 Unde,
1743 2185 1861 2230 inter
1886 2185 1973 2228 alia
1991 2200 2107 2244 quae

146 2248 360 2297 homines
373 2251 428 2296 de
444 2251 648 2310 sapiente
667 2251 944 2310 concipiunt,
963 2251 1286 2312 aPhilosopho
1304 2253 1486 2311 ponitur
1505 2250 1728 2310 (Metaph.
1743 2266 1949 2311 prooem.
1971 2266 2008 2296 c.
2029 2266 2068 2296 2.
2072 2253 2107 2309 ),

146 2319 271 2381 quod
297 2319 513 2379 sapientis
538 2329 607 2364 est
633 2319 856 2364 ordinare.
894 2319 1122 2365 Omnium
1149 2330 1302 2364 autem
1336 2320 1738 2379 gubernandorum
1766 2329 1810 2363 et
1836 2319 2109 2364 ordinando-

141 2398 249 2435 mm
267 2385 324 2430 ad
339 2384 495 2439 finem,
513 2385 853 2444 gubernationis
871 2395 914 2431 et
931 2386 1102 2431 ordinis
1119 2385 1328 2444 regulam
1346 2400 1400 2430 ex
1423 2385 1511 2429 fine
1530 2386 1650 2429 sumi
1666 2399 1853 2430 necesse
1872 2395 1952 2430 est.
1973 2384 2106 2429 Tunc

146 2450 271 2502 enim
297 2465 597 2512 unaquaeque
623 2466 694 2496 res
721 2453 894 2512 optime
922 2453 1189 2511 disponitur,
1217 2467 1358 2511 quum
1385 2452 1441 2496 ad
1463 2467 1598 2496 suum
1619 2452 1759 2496 finem
1786 2453 2109 2496 convenIenter

146 2518 393 2566 ordinatur.
419 2519 542 2565 Finis
568 2520 692 2565 enim
723 2521 1080 2580 uniuscujusque
1114 2531 1182 2566 est
1211 2521 1400 2564 bonum.
1435 2520 1570 2564 Unde
1603 2520 1812 2564 videmus
1842 2520 1889 2563 in
1924 2520 2107 2574 artibus,

76 2619 81 2624 «
147 2599 287 2631 unam
314 2585 497 2632 alterius
519 2601 618 2632 esse
644 2588 989 2647 gubernativam
1017 2598 1060 2632 et
1087 2589 1216 2647 quasi
1241 2588 1510 2647 principem,
1539 2587 1594 2631 ad
1621 2602 1758 2646 quam
1792 2587 1986 2646 pertinet
2012 2589 2106 2646 eJus

82 2688 85 2692 »
145 2651 262 2698 finis.
282 2653 410 2699 Sicut
435 2654 720 2700 medicinalis
746 2669 818 2700 ars
844 2656 1175 2715 pigmentariae
1201 2655 1493 2714 principatur,
1517 2664 1561 2698 et
1588 2668 1691 2698 eam
1715 2655 1896 2699 ordinat
1921 2664 2107 2713 propter

145 2719 238 2767 hoc
254 2721 378 2781 quod
403 2721 587 2776 sanitas,
615 2722 736 2767 circa
757 2735 897 2782 quam
914 2722 1199 2766 medicinalis
1224 2719 1443 2775 versatur,
1471 2721 1572 2765 finis
1593 2731 1660 2765 est
1676 2721 1887 2765 omnium
1904 2721 2107 2780 pigmen-

81 2806 117 2842 <cx
145 2796 315 2843 torum,
340 2801 458 2848 quae
483 2798 578 2834 arte
602 2789 906 2849 pigmentaria
932 2789 1249 2834 conficiuntur.
1276 2788 1332 2833 Et
1357 2787 1505 2832 simile
1538 2798 1723 2847 apparet
1749 2788 1796 2831 in
1830 2798 1923 2832 arte
1950 2788 2109 2847 guber-

147 2854 340 2909 natoria,
377 2865 585 2915 respectu
621 2855 948 2910 navifactivae3
990 2866 1034 2900 et
1068 2856 1114 2900 in
1157 2855 1354 2910 militari,
1380 2865 1590 2914 respectu
1624 2856 1845 2914 equestris
1882 2866 1926 2899 et
1951 2855 2103 2900 omnis

145 2919 302 2974 bellici
324 2932 578 2984 apparatus.
606 2922 742 2977 Quae
764 2923 950 2982 quidem
977 2933 1110 2977 artes,
1137 2922 1236 2967 aliis
1268 2923 1589 2982 principantes,
1618 2923 2001 2967 architectonicae
2027 2935 2107 2966 no-

147 2987 389 3044 minantur,
414 2990 544 3049 quasi
567 2989 837 3050 principales
864 3000 1003 3045 artes;
1031 2990 1152 3035 unde
1179 2999 1224 3034 et
1241 3003 1400 3034 earum
1428 2989 1637 3044 artifices,
1664 2989 1741 3049 qui
1769 2989 2105 3034 architectones

147 3064 382 3111 vocantur,
404 3070 578 3102 nomen
604 3057 689 3102 sibi
713 3057 946 3102 vindicant
971 3059 1239 3117 sapientum.
1260 3056 1384 3109 Quia
1409 3071 1519 3101 vero
1537 3056 1755 3116 praedicti
1783 3055 1994 3110 artifices,
2021 3055 2108 3100 sin-

148 3120 376 3181 gularium
386 3124 688 3183 quarumdam
699 3138 852 3169 rerum
864 3124 976 3169 fines
987 3134 1328 3184 pertractantes,
1343 3123 1399 3168 ad
1416 3123 1557 3167 finem
1574 3121 1878 3167 universalem
1896 3123 2104 3167 omniurn

82 3243 84 3245 ‚
146 3201 239 3234 non
256 3188 533 3248 pertingunt,
547 3190 758 3236 dicuntur
774 3191 957 3251 quidem
975 3191 1201 3250 sapientes
1218 3190 1354 3248 hujus
1370 3189 1444 3235 vel
1460 3189 1581 3234 illius
1598 3190 1677 3244 rei,
1695 3189 1948 3234 secundum
1966 3203 2104 3248 quem

89 3282 107 3288 ‹·
148 3254 341 3306 modum
357 3255 521 3301 dicitur
545 3256 600 3315 (Ι.
627 3257 683 3302 ad
702 3257 812 3303 Cor.
830 3258 907 3303 III.
940 3259 1052 3315 10.):
1088 3258 1142 3302 Ut
1162 3259 1325 3317 sapiens
1355 3257 1606 3301 architecton
1629 3255 1947 3314 fundamentum
1966 3258 2103 3316 posui.

66 3324 108 3385 ᾗ
146 3321 332 3378 Nomen
351 3319 503 3368 autem
519 3323 784 3383 simpliciter
801 3325 1016 3384 sapientis
1031 3323 1096 3369 illi
1116 3324 1202 3369 soli
1221 3333 1487 3377 reservatur,
1507 3323 1634 3380 cujus
1653 3322 1958 3367 consideratio
1983 3324 2106 3367 circa

96 3385 97 3389 ¹
142 3385 300 3440 finem
310 3390 510 3436 universi
533 3401 750 3447 versatur,
777 3392 854 3452 qui
881 3393 1019 3437 etiam
1042 3402 1110 3436 est
1131 3391 1434 3436 universitatis
1457 3390 1744 3450 principium.
1774 3391 1923 3445 Unde,
1950 3405 2106 3436 secun-

279 3451 621 3518 ·Philosophum
647 3458 745 3517 (ubi
770 3460 940 3536 supra),
964 3459 1177 3519 sapientis
1204 3469 1272 3503 est
1298 3471 1457 3503 causas
1484 3456 1726 3503 altissimas
1753 3458 2055 3503 considerare.

231 3521 360 3571 Binis
387 3534 540 3570 autem
565 3523 752 3571 ultimus
774 3527 1126 3586 uniuscujusque
1152 3526 1218 3570 rei
1244 3534 1312 3571 est
1337 3525 1415 3585 qui
1439 3524 1686 3570 intenditur
1703 3539 1728 3569 a
1745 3524 1895 3584 primo
1919 3533 2104 3570 auctore

239 3600 428 3639 motore
451 3591 605 3651 ipsius.
627 3591 808 3638 Primus
834 3602 986 3637 autem
1014 3602 1173 3640 auctor
1198 3603 1243 3638 et
1262 3601 1416 3637 motor
1435 3590 1646 3646 universi,
1668 3600 1736 3637 est
1761 3590 2032 3645 intellectus,
2055 3601 2106 3635 ut

279 3669 282 3673 ,
1917 3655 1937 3674 U

337 3691 500 3741 Tuom
527 3695 661 3730 Summa
686 3701 797 3730 contra
823 3694 980 3730 Gentiles.
1113 3723 1124 3737 ,
1952 3704 1966 3728 x
