2332 3854
279 197 383 249 612
925 210 1080 248 LIBER
1118 209 1190 247 ιν.
1233 209 1353 247 CAP.
1394 209 1584 248 xxxtv.

269 313 400 370 Jesus
437 312 544 356 dicit
574 311 630 356 de
662 326 709 356 se
737 311 915 368 (Joann.
942 311 1064 371 VIII.
1107 310 1219 368 58.):
1253 312 1492 369 Antequam
1529 304 1750 356 Ab'rahav‘n
1771 311 1906 371 fieret,
1939 326 2010 372 ego
2039 324 2160 366 sam,-
2192 323 2239 359 et

272 379 455 437 (joann.
482 379 538 422 X.
570 379 682 437 30.):
716 381 802 436 Ego
835 385 870 421 et
906 379 1030 422 Pater
1055 393 1186 421 unum
1224 393 1378 430 sumus,
1414 387 1457 421 et
1482 377 1611 436 plura
1644 378 1746 432 alia,
1769 392 1885 438 quae
1912 379 2153 424 manifeste
2176 379 2235 424 ἑά

275 446 558 489 divinitatem
593 445 733 488 Verbi
774 445 1007 502 pertinent.
1036 443 1158 501 Ergo
1191 443 1481 488 manifestum
1517 455 1584 488 est
1614 445 1738 503 quod
1778 459 1974 504 persona
2003 446 2127 491 illius
2158 447 2240 491 ho·

275 513 411 556 minis
433 512 658 570 loquentis
691 521 734 554 et
760 510 1016 568 hypostasis
1043 521 1110 553 est
1134 511 1230 568 ipsa
1256 524 1456 568 persona,
1475 510 1577 553 Filii
1601 511 1703 555 Dei.
2152 530 2154 533 ’

364 579 599 636 Amplius.
634 592 687 620 ex
714 577 1017 635 superioribus
1044 586 1167 634 patet
1198 577 1320 635 quod
1346 591 1494 635 neque
1521 591 1685 636 corpus
1719 576 1894 622 Christi
1924 578 1980 623 de
2007 578 2152 624 coelo
2158 579 2240 624 :de-

275 646 463 698 scendit‚
486 644 739 688 secundum
766 657 967 685 errorem
991 642 1236 695 Valentini,
1262 657 1410 702 neque
1438 644 1605 697 anima,
1631 645 1885 688 secundum'
1909 650 2115 690 errorem
2137 646 2240 692 Ori·

275 713 428 769 genis;
461 711 579 753 unde
607 719 743 752 restat
769 709 892 767 quod
919 710 974 751 ad
997 708 1200 752 Verbum
1232 710 1321 753 Dei
1346 711 1567 768 pertineat
1593 710 1715 769 quod
1742 711 1904 755 dicitur
1935 712 2237 767 descendisse,

274 792 367 821 non
394 787 521 819 motu
550 775 701 827 locali,
729 777 806 819 sed
839 776 1016 819 ratione
1048 775 1230 819 unionis
1268 776 1324 819 ad
1362 775 1627 820 inferiorem
1668 781 1894 831 naturam,
1926 788 1977 822 ut
2000 791 2136 836 supra
2173 778 2237 822 di·

274 854 398 887 ctum
426 853 504 886 est.
550 842 640 885 Sed
673 842 750 886 ille
777 843 936 895 homo,
969 857 1023 885 ex
1055 854 1251 901 persona
1286 857 1367 886 sua
1392 842 1600 901 loquens,
1638 843 1746 887 dicit
1770 857 1819 888 se
1860 845 2149 890 descendisse
2179 844 2236 889 de

272 910 405 954 coelo
433 910 613 967 (Joann.
641 908 717 951 VI.
752 921 816 965 51.
821 910 870 965 >2
897 910 987 966 Ego
1013 923 1103 952 sum
1127 911 1248 968 panis
1267 910 1407 963 vivus,
1432 911 1504 968 qui
1529 909 1575 953 de
1597 910 1705 954 coelo
1729 910 1924 955 descendi.
1948 910 2153 956 Necesse
2167 921 2236 956 est

271 978 408 1035 igitur
433 990 678 1034 personam
705 985 750 1019 et
775 976 1063 1034 hypostasim
1089 975 1210 1020 illius
1236 976 1437 1019 hominis
1465 990 1564 1019 esse
1592 991 1837 1035 personam
1861 967 2002 1021 Verbi
2026 977 2130 1022 Dei

363 1044 500 1086 Item:
528 1041 821 1085 manifestum
850 1052 918 1086 est
959 1042 1085 1100 quod
1109 1043 1354 1086 ascendere
1390 1042 1437 1085 in
1480 1043 1664 1086 coelum
1701 1043 1888 1088 Christo
1918 1043 2100 1088 homini
2128 1047 2237 1090 coni

269 1110 406 1162 venit,
434 1110 525 1168 qui,
556 1109 794 1166 videntibus.
815 1109 1025 1168 apostolis,
1058 1109 1238 1154 elevatus
1262 1115 1330 1162 est,
1358 1119 1408 1152 ut
1433 1109 1597 1153 dicitur
1628 1110 1753 1168 (Act.
1779 1110 1814 1153 Ι.
1841 1111 1920 1170 9.).
1942 1110 2234 1156 Descendere

270 1186 424 1220 autem
450 1176 506 1220 de
540 1175 673 1219 coelo
699 1175 852 1219 Verbo
877 1175 966 1219 Dei
993 1176 1221 1220 convenit.
1249 1176 1341 1220 Sed
1374 1176 1625 1234 Apostolus
1654 1177 1763 1221 dicit
1795 1177 1984 1236 (Ephes.
2007 1178 2089 1223 lv.
2118 1179 2232 1237 100:

274 1245 363 1300 Qui
389 1243 607 1298 descendit,
635 1245 719 1302 ipse
740 1248 795 1287 est
819 1244 891 1300 qui
917 1242 1110 1287 ascendit.
1137 1241 1240 1301 Ipsa
1271 1243 1407 1301 igitur
1439 1252 1506 1286 est
1531 1257 1726 1301 persona
1758 1253 1803 1288 et
1827 1244 2087 1303 hypostasis
2111 1244 2234 1290 iuius

266 1310 468 1354 hominis
495 1324 610 1368 quae
638 1319 706 1353 est
730 1322 926 1367 persona
953 1319 997 1353 et
1020 1309 1281 1368 hypostasis
1309 1309 1447 1353 Verbi
1472 1310 1575 1353 Dei.

357 1377 545 1420 Adhuc:
575 1376 617 1419 ei
649 1376 726 1434 qui
753 1376 977 1434 originem
1004 1376 1142 1419 habet
1169 1390 1222 1420 ex
1255 1376 1428 1420 mundo
1457 1387 1501 1420 et
1525 1391 1620 1420 non
1651 1377 1736 1421 fuit
1768 1380 2015 1437 antequam
2040 1379 2233 1424 esset-in

268 1443 441 1487 mundo
467 1457 562 1486 non
590 1443 805 1486 convenit
830 1445 984 1486 venire
1010 1443 1058 1486 in
1074 1443 1310 1486 mundum.
1339 1443 1430 1486 Sed
1456 1443 1601 1486 homo
1630 1443 1842 1488 Christus
1868 1444 2122 1489 secundum
2138 1459 2232 1490 car-

263 1527 371 1556 nem
394 1513 618 1570 originem
652 1511 790 1554 habet
816 1525 868 1555 ex
902 1511 1088 1564 mundo,
1118 1511 1222 1569 quia
1249 1525 1407 1554 verum
1443 1512 1607 1568 corpus
1634 1511 1896 1554 humanum
1921 1520 1967 1556 et
1994 1519 2230 1567 terrenum

267 1580 438 1634 habuit,
461 1589 509 1622 ut
531 1587 767 1622 ostensum
791 1587 860 1621 est
884 1578 945 1636 (c.
973 1578 1091 1634 27.);
1118 1578 1370 1621 secundum
1395 1577 1596 1620 animam
1622 1591 1733 1621 vero
1758 1590 1853 1621 non
1877 1577 1963 1622 fuit
1987 1578 2232 1638 antequam

268 1657 386 1692 esset
410 1647 458 1690 in
484 1646 682 1699 mundo;
709 1645 867 1688 habuit
889 1645 1012 1689 enim
1035 1658 1191 1688 veram
1219 1645 1421 1688 animam
1449 1645 1716 1698 humanam,
1743 1645 1799 1689 de
1826 1644 1955 1702 cujus
1977 1645 2233 1703 naturaebt

267 1723 317 1758 ut
346 1728 440 1758 non
474 1713 531 1757 sit
563 1722 808 1771 antequam
831 1711 1014 1769 corpori
1039 1712 1233 1755 uniatur.
1260 1710 1548 1769 Relinquitur
1572 1711 1710 1769 igitur
1735 1711 1859 1769 quod
1876 1703 2157 1756 ’hominiiffi
2174 1712 2232 1756 εἰ

267 1795 349 1825 sua
373 1781 576 1824 bonitate
601 1793 697 1823 non
731 1778 974 1823 conveniat
997 1778 1152 1822 venire
1176 1778 1224 1821 in
1251 1778 1488 1821 mundum.
1514 1778 1615 1836 Ipse
1650 1787 1803 1822 autem
1834 1791 1883 1822 se
1907 1777 2022 1822 dicit
2048 1778 2231 1823 veffisue'

268 1849 315 1892 in
335 1847 558 1891 mundum
585 1846 629 1904 (J
633 1860 767 1889 oann.
791 1845 915 1888 XVI.
943 1844 1058 1902 28.):
1086 1845 1236 1898 Exivi,
1264 1844 1422 1902 inquit,
1446 1858 1471 1887 a
1497 1844 1638 1898 Patre,
1656 1851 1694 1888 et
1717 1845 1815 1888 veni
1834 1843 2233 1889 inflammabit!-

266 1914 586 1961 nifestumest
616 1914 754 1972 igitur
784 1912 907 1971 quod
949 1911 994 1955 id
1035 1911 1158 1970 quod
1183 1910 1340 1954 Verbo
1372 1910 1462 1954 Dei
1493 1910 1709 1954 convenit
1739 1910 1796 1954 de
1827 1909 2018 1955 homine
2048 1909 2129 1955 isso
2169 1911 2231 1955 di·

267 1982 382 2025 citur
413 1995 546 2034 vere;
573 1994 683 2023 nam
715 1979 838 2037 quod
864 1978 1018 2023 Verbo
1059 1979 1147 2021 Dei
1181 1977 1425 2021 conveniat
1449 1977 1604 2021 venire
1636 1979 1684 2020 in
1714 1977 1953 2030 mundum,
1984 1976 2224 2023 manifecte

265 2047 464 2093 ostendit
494 2048 695 2106 Joannes
722 2045 1030 2104 Evangelista,
1057 2045 1210 2088 dicens
1229 2044 1411 2103 (Joann.
1439 2043 1472 2087 Ι.
1497 2044 1605 2100 10.):
1628 2044 1680 2088 In
1695 2043 1849 2087 mundo
1866 2047 1969 2097 erat,
1986 2049 2024 2088 et
2046 2043 2231 2090 mundus

255 2117 488 2175 peripsum
505 2115 646 2173 factus
670 2120 742 2167 est,
769 2119 806 2157 et
823 2112 997 2156 mundus
1013 2127 1106 2156 eum
1123 2116 1207 2155 non'
1228 2112 1436 2169 cognovit.
1455 2111 1514 2154 In
1534 2112 1718 2169 propria
1748 2111 1878 2164 venit,
1902 2119 1998 2155 .·.etc
2032 2110 2232 2170 Oportet
2317 2155 2322 2161 7,

262 2184 400 2242 igitur
424 2194 669 2258 personam
696 2190 742 2223 et
764 2180 1052 2238 hypostasim
1079 2177 1199 2222 illius
1225 2177 1428 2222 hominis
1449 2177 1678 2236 loquentis
1704 2191 1808 2222 esse
1822 2179 2066 2236 personam
2089 2178 2232 2239 ethy-

264 2249 487 2309 postasim
512 2247 653 2291 Verbi
678 2247 782 2290 Dei.

355 2316 495 2360 Item:
529 2312 781 2373 Apostolus
808 2312 932 2356 dicit
943 2312 1101 2370 (Hebr.
1128 2312 1185 2354 X
1223 2312 1307 2368 5.:)
1335 2310 1573 2370 Ingrediens
1592 2310 1796 2355 mundum
1817 2310 1945 2357 dicit.-
1971 2311 2170 2367 Hostiam
2192 2313 2232 2358 a

265 2382 515 2427 oblationem
534 2381 728 2432 noluisti;
764 2387 911 2439 corpus
933 2385 1068 2423 autem
1091 2379 1243 2437 aptasti
1267 2378 1386 2422 mihi.
1409 2377 1674 2435 Ingrediens
1701 2378 1854 2422 autem
1881 2378 2105 2423 mundum
2116 2378 2234 2426 Ver*-
2302 2397 2329 2426 ;,;.

264 2449 376 2493 bum
408 2449 498 2492 Dei
523 2458 604 2501 est,
638 2458 686 2491 ut
718 2456 954 2491 ostensum
981 2455 1062 2490 est.
1089 2443 1179 2503 I'psi
1212 2459 1322 2502 ergo
1355 2444 1444 2488 Dei
1470 2443 1624 2487 Verbo
1657 2457 1823 2503 corpus
1849 2445 2040 2504 aptatur,
2061 2452 2119 2490 nt
2147 2445 2231 2491 sci·

263 2516 374 2560 licet
405 2515 463 2560 sit
487 2514 724 2573 proprium
757 2527 922 2572 corpus
956 2513 1075 2571 eius;
1103 2512 1226 2570 quod
1252 2511 1342 2555 dici
1366 2524 1461 2554 non
1492 2520 1662 2569 posset,
1694 2510 1782 2555 nisi
1813 2520 1933 2555 esset
1962 2512 2131 2557 eadem
2149 2511 2233 2573 h'y-
2309 2561 2314 2569 .,

262 2583 456 2660 postasis
493 2581 630 2629 Verbi
664 2582 753 2625 Dei
780 2591 824 2624 et
848 2579 969 2623 illius
1001 2579 1218 2623 hominis.
1254 2578 1453 2636 Oportet
1482 2577 1620 2635 igitur
1647 2591 1744 2622 esse
1771 2577 1984 2663 eamdem
2014 2576 2233 2638 hypostaa

264 2650 352 2694 sim
378 2649 467 2693 Dei
492 2647 631 2692 Verbi
659 2656 704 2691 et
733 2646 853 2690 illius
886 2646 2313 2690 hominis.

354 2714 593 2774 Amplius:
627 2714 778 2758 omnis
804 2713 1011 2769 mutatio,
1044 2711 1118 2756 vel
1143 2710 1294 2771 passio
1328 2710 1606 2755 conveniens
1639 2709 1835 2769 corpori
1858 2709 2064 2770 alicujus
2073 2710 2232 2780 potest

262 2783 444 2828 attribui
477 2783 518 2827 ei
537 2782 662 2840 cujus
690 2790 758 2825 est
779 2794 968 2839 corpus;
995 2780 1034 2824 si
1059 2779 1182 2823 enirn
1209 2792 1373 2837 corpus
1400 2777 1523 2822 Petri
1547 2777 1824 2831 vulneretur,
1849 2776 2137 2836 flagelletur,
2145 2778 2227 2823 8111

264 2850 499 2905 moriatur,
531 2857 682 2907 potest
721 2847 811 2891 dici
843 2847 965 2906 quod
991 2846 1151 2891 Petrus
1184 2844 1459 2897 vulneratur,
1490 2842 1759 2902 flagellatur,
1791 2852 1872 2888 aut
1899 2843 2105 2888 moritur.
2131 2842 2226 2889 Sed
2286 2842 2313 2888 1⁵

264 2931 428 2994 corp‘us
454 2885 573 2960 iliius
599 2915 801 2959 hominis
833 2913 916 2957 fuit
948 2927 1113 2972 corpus
1146 2912 1286 2956 Verbi
1321 2910 1424 2964 Dei,
1455 2920 1506 2954 ut
1546 2920 1783 2956 ostensum
1809 2919 1897 2957 est.
1914 2909 2045 2970 Ergo
2072 2911 2233 2967 onmis<

262 2985 412 3045 passio
433 2997 556 3061 ‘quae
581 2983 629 3026 in
656 2995 847 3040 corpore
878 2980 999 3025 illius
1030 2979 1233 3024 hominis
1264 2977 1383 3022 facta
1407 2976 1505 3031 fuit,
1538 2986 1688 3036 potest
1711 2976 1867 3021 Verbo
1896 2976 2002 3021 Dei
2022 2976 2230 3022 attribui.
2284 2986 2315 3041 5?

264 3053 405 3096 Recte
431 3051 568 3109 igitur
599 3059 748 3109 potest
773 3048 863 3092 dici
895 3047 1017 3124 quod
1043 3046 1253 3090 ‘Verbum
1295 3044 1383 3088 Dei
1425 3054 1470 3088 et
1504 3044 1632 3088 Deus
1663 3053 1732 3088 est
1761 3046 1935 3103 passus,
1963 3042 2225 3101 crucifixus,
2284 3057 2324 3101 ζ,

261 3129 467 3162 mortuus
494 3127 539 3161 et
563 3115 788 3175 sepultus;
822 3114 944 3173 quod
977 3114 1063 3173 ipsi
1087 3113 1328 3170 negabant.
1642 3128 1663 3145 τ
2239 3170 2246 3177 Ι

353 3186 494 3229 Item:
528 3182 780 3243 Apostolus
808 3182 917 3226 dicit
941 3180 1101 3240 (Hebr.
1128 3181 1183 3224 Π.
1215 3178 1329 3235 10.:)
1361 3180 1547 3224 Decebat
1579 3192 1686 3232 eum,
1712 3184 1888 3238 propter
1916 3188 2037 3237 quem
2060 3179 2230 3234 091181αρ

263 3258 300 3296 et
323 3259 402 3311 per
427 3266 545 3310 quem
578 3251 733 3304 omnia,
761 3251 831 3308 qui
862 3248 1012 3292 multos
1022 3248 1168 3306 filios
1152 3262 1196 3290 m
1220 3247 1402 3304 gloriam
1420 3245 1653 3290 adduxerat
1676 3250 1893 3290 auctorem
1912 3244 2058 3290 suiuus
2077 3254 2232 3292 m

253 3327 334 3379 per
352 3321 584 3395 passionem
602 3317 896 3362 consummari.
923 3315 988 3359 Ex
1011 3329 1102 3374 quo
1124 3314 1315 3358 habetur
1340 3313 1463 3372 quod
1481 3312 1558 3356 ille
1584 3314 1768 3372 propter
1782 3313 1923 3371 quein
1938 3311 2043 3356 sunt
2063 3308 2229 3359 omffi
2279 3322 2291 3354 -2'
2314 3318 2317 3363 j

261 3396 306 3430 et
327 3387 402 3445 qui
424 3384 673 3429 homines
663 3399 708 3427 1n
736 3383 930 3442 gloriam
958 3381 1154 3435 adducit,
1178 3390 1221 3425 et
1248 3380 1325 3439 qui
1351 3390 1419 3425 est
1445 3388 1604 3423 auctor
1629 3378 1784 3423 salutis
1808 3377 2039 3424 humanae
2060 3378 2230 3439 μέθυ
2268 3396 2289 3431 „s

261 3463 329 3497 est
354 3463 399 3496 et
423 3462 644 3496 mortuus.
674 3451 763 3495 Sed
795 3450 912 3494 haec
939 3458 1134 3508 quatuor
1166 3446 1454 3506 singulariter
1485 3456 1592 3490 sunt
1630 3444 1733 3499 Dei,
1758 3453 1806 3490 et
1832 3443 1954 3490 nulli
1987 3444 2066 3490 8111
2095 3443 2221 3491 ἡπί-
2285 3455 2307 3497 a

260 3519 477 3573 buuntur3
506 3518 668 3563 dicitur
693 3517 817 3561 enim
849 3516 1006 3575 (Prov.
1033 3515 1156 3559 XVI.
1182 3514 1268 3571 4.):
1309 3514 1515 3559 Universa
1538 3518 1711 3572 propter
1734 3513 2012 3572 semuipmae
2008 3512 2267 3572 dpm

259 3592 314 3630 est
348 3586 586 3637 Dominum
615 3595 658 3630 et
684 3584 740 3628 de
771 3582 926 3628 Verbo
951 3581 1041 3627 Dei
1066 3581 1228 3626 dicitur
1252 3580 1436 3640 (Joann.
1462 3579 1495 3625 1.
1527 3578 1608 3639 3.:)
1644 3579 1802 3626 Ontm'a
1824 3585 1918 3639 pur
1929 3578 2067 3639 {pum
2099 3575 2283 3636 faeni
