2332 3854
800 205 954 245 unm<
993 204 1070 245 111.
1111 204 1232 244 cAP.
1272 203 1420 272 ξονι.
1980 206 2045 261 43
2056 206 2082 262 3

135 310 324 370 impleat
339 323 419 370 per
430 308 691 355 orationem
704 308 787 353 sibi
803 308 1099 367 propositam,
1115 321 1210 352 non
1221 317 1290 353 est
1304 305 1564 352 mirandum
1580 306 1620 351 si
1635 306 1908 366 quandoque
1926 321 2088 352 eorum

136 378 275 423 etiam
301 390 416 436 quos
441 375 680 436 praecipue
706 374 852 433 diligit
877 374 1145 433 petitionem
1170 388 1264 419 non
1285 373 1459 433 implet,
1486 383 1536 419 ut
1554 373 1744 433 impleat
1769 373 1892 432 quod
1918 373 2090 433 petenti

136 444 284 502 magis
310 443 488 502 expedit
513 442 569 486 ad
595 441 803 494 salutern,
829 451 1012 500 propter
1038 441 1161 500 quod
1187 455 1213 485 a
1239 440 1384 486 Paulo
1406 439 1643 485 stimulum
1670 439 1817 484 carnis
1838 454 1934 484 non
1961 454 2088 485 amo-

134 511 215 565 vit,
239 510 447 569 quamvis
470 509 560 554 hoc
582 517 650 553 ter
673 517 860 567 peteret,
893 508 1136 566 providens
1162 508 1252 553 hoc
1280 508 1322 552 ei
1349 521 1446 553 esse
1473 506 1582 552 utile
1609 507 1665 551 ad
1691 505 1959 551 humilitatis
1986 521 2092 551 con·

135 578 454 630 servationem,
486 586 535 620 ut
566 575 791 620 habetur
779 589 826 619 1n
857 574 924 619 II.
950 575 1056 619 Cor.
1091 575 1213 633 (XII.
1247 575 1369 634 7·..9)
1403 574 1537 619 Unde
1571 584 1616 618 et
1647 573 1830 632 (Matth.
1863 572 1964 617 XX.
1997 575 2089 631 22.)

135 644 408 708 quibusdam
429 643 659 689 Dominus
685 641 816 686 dixit:
843 642 1016 686 Nescitis
1042 641 1139 699 quid
1161 644 1333 701 petatis;
1364 651 1409 686 et
1434 641 1590 699 (Rom.
1618 640 1743 685 VIII.
1777 638 1869 698 26.)
1902 640 2090 685 dicitur:

123 703 254 769 ‘Num
284 710 384 769 quid
415 723 575 754 oremus
604 710 710 754 sicut
740 713 910 767 oportet,
945 709 1156 752 nescimus.
1184 708 1240 753 Et
1266 718 1467 767 propter
1472 708 1563 751 hoc
1598 708 1881 766 Augustinus
1908 706 2052 751 dicit
2039 721 2087 750 m

135 777 262 835 epist.
295 777 352 820 ad
377 775 619 820 Paulinum
644 784 690 819 et
716 773 1011 819 Therasiam:
1053 790 1076 814 «
1112 774 1266 819 Bonus
1293 774 1534 827 Dominus,
1562 775 1636 832 qui
1654 788 1749 818 non
1774 773 1930 819 tribuit
1954 787 2089 833 saepe

134 843 256 903 quod
280 842 509 895 volumus,
535 852 585 886 ut
609 841 730 900 quod
756 839 997 885 mallemus
1025 841 1234 885 attribuat
1260 857 1299 884 22.

100 911 104 917 “
223 909 353 954 Patet
380 908 519 966 igitur
543 922 597 952 ex
622 907 878 966 praemissis
911 907 1033 965 quod
1067 906 1324 966 aliquorum
1350 920 1465 966 quae
1498 905 1610 951 fiunt
1636 921 1661 950 a
1686 906 1789 951 Deo
1824 921 1961 951 causa
1987 916 2093 952 sunt

0 1032 5 1044 Δ
56 1029 61 1035 Ι
137 975 384 1029 orationes,
410 985 454 1020 et
479 975 553 1032 pia
585 974 819 1019 desideria.
848 973 1099 1018 Ostensum
1126 984 1195 1018 est
1220 983 1374 1018 autern
1405 987 1539 1032 supra
1561 974 1621 1031 (c.
1650 973 1759 1031 77.),
1786 974 1910 1032 quod
1936 974 2089 1018 divina

134 1041 417 1102 providentia
439 1055 598 1085 causas
624 1040 735 1085 alias
759 1055 855 1086 non
881 1039 1092 1093 excludit,
1118 1040 1227 1098 quin
1253 1040 1402 1099 potius
1435 1039 1615 1084 ordinat
1648 1053 1724 1084 eas
1761 1039 1817 1083 ad
1843 1039 1933 1084 hoc
1967 1041 2090 1098 quod

135 1108 250 1154 ordo
277 1121 414 1167 quem
436 1107 554 1166 apud
579 1121 628 1152 se
654 1107 821 1160 statuit,
847 1107 980 1151 rebus
1002 1107 1288 1165 imponatur;
1311 1116 1356 1151 et
1376 1106 1440 1150 sic
1465 1120 1629 1150 causae
1654 1105 1881 1151 secundae
1904 1120 1999 1150 non
2024 1120 2090 1151 re-

134 1185 339 1236 pugnant
351 1173 678 1234 providentiae,
696 1174 778 1218 sed
800 1173 945 1231 magis
962 1173 1273 1231 providentiae
1300 1182 1605 1232 exsequuntur
1630 1170 1859 1218 effectum.
1883 1172 1959 1216 Sic
1979 1186 2089 1232 ergo

135 1240 378 1293 orationes,
397 1240 515 1299 apud
543 1240 698 1284 Deum
731 1238 939 1284 efficaces
970 1250 1088 1293 sunt,
1113 1253 1208 1283 non
1239 1249 1393 1283 tamen
1426 1238 1635 1286 ordinem
1665 1237 2002 1283 immutabilem
2028 1239 2089 1283 di-

134 1307 269 1352 vinae
292 1306 603 1366 providentiae
634 1305 831 1359 solvunt,
858 1306 962 1365 quia
988 1315 1035 1350 et
1058 1306 1149 1350 hoc
1179 1306 1330 1364 ipsum
1357 1306 1479 1364 quod
1510 1304 1591 1349 tali
1614 1305 1784 1364 petenti
1813 1305 1905 1349 hoc
1933 1319 2092 1350 conce-

136 1373 283 1428 datur,
301 1374 383 1418 sub
411 1373 570 1418 ordine
595 1372 775 1418 divinae
796 1372 1108 1431 providentiae
1135 1372 1268 1416 cadit.
1297 1371 1456 1416 Simile
1479 1382 1547 1417 est
1563 1386 1675 1430 ergo
1701 1371 1852 1416 dicere
1873 1386 1968 1416 non
1991 1386 2100 1417 esse.

135 1439 374 1494 orandum,
400 1450 449 1484 ut
475 1440 643 1499 aliquid
671 1453 1006 1498 consequamur
1039 1454 1065 1483 a
1100 1439 1220 1492 Deo,
1256 1439 1362 1498 quia
1394 1438 1509 1483 ordo
1545 1452 1654 1483 suae
1687 1438 1998 1497 providentiae
2025 1448 2092 1484 est

133 1506 445 1561 immutabilis,
470 1521 524 1551 ac
556 1508 593 1551 si
625 1507 848 1551 diceretur
879 1506 1001 1565 quod
1036 1520 1131 1550 non
1153 1515 1221 1550 est
1246 1505 1573 1551 ambulandum
1599 1515 1648 1550 ut
1689 1506 2010 1564 perveniamus
2036 1505 2093 1550 ad

133 1572 306 1627 locum,
331 1587 418 1618 nec
445 1573 783 1618 comedendum
808 1583 856 1617 ut
879 1573 1157 1626 nutriamur;
1183 1586 1300 1631 quae
1327 1572 1483 1616 omnia
1509 1581 1632 1630 patet
1663 1586 1762 1616 esse
1789 1572 1996 1616 absurda.

163 1688 168 1689 ⁷
223 1639 485 1686 Excluditur
501 1654 611 1698 ergo
628 1653 683 1684 ex
703 1639 961 1697 praemissis
984 1638 1147 1697 duplex
1165 1653 1291 1682 error
1308 1640 1428 1682 circa
1445 1639 1715 1682 orationem.
1746 1638 1951 1691 Quidam
1969 1638 2093 1683 enim

133 1706 342 1765 dixerunt
363 1705 541 1749 nullum
569 1719 667 1750 esse
695 1705 913 1750 orationis
943 1705 1167 1759 fructum;
1199 1705 1321 1764 quod
1348 1705 1532 1763 quidem
1564 1705 1775 1749 dicebant
1799 1715 1894 1749 tam
1920 1705 1988 1749 illi
2014 1705 2091 1764 qui

133 1772 363 1831 negabant
385 1772 587 1816 divinam
612 1772 959 1830 providentiam,
991 1771 1109 1816 sicut
1138 1772 1362 1830 Epicurei,
1393 1785 1533 1830 quam
1564 1770 1630 1814 illi
1661 1771 1737 1830 qui
1763 1785 1835 1816 res
1866 1772 2093 1817 humanas

136 1839 314 1884 divinae
340 1838 652 1898 providentiae
683 1838 1017 1891 subtrahebant,
1049 1838 1165 1883 sicut
1198 1837 1337 1896 aliqui
1361 1837 1784 1896 Peripateticorum,
1810 1852 1895 1883 nec
1928 1853 2023 1883 non
2049 1849 2094 1883 et

134 1904 203 1951 1111
227 1905 488 1964 qui-omnia
519 1919 634 1964 quae
666 1904 977 1963 providentiae
1008 1905 1212 1958 subsunt,
1239 1919 1295 1948 ex
1319 1905 1587 1949 necessitate
1621 1905 1885 1963 contingere
1913 1906 2094 1949 arbitra-

133 1972 310 2026 bantur,
335 1972 452 2017 sicut
477 1972 635 2017 Stoici.
661 1972 728 2016 Ex
751 1972 823 2016 his
850 1972 973 2016 enim
1000 1972 1212 2016 omnibus
1238 1971 1439 2030 sequitur
1465 1972 1588 2030 quod
1613 1971 1764 2016 nullus
1789 1972 1846 2016 sit
1873 1972 2093 2017 orationis

134 2038 320 2092 fructus,
346 2048 392 2084 et
415 2053 496 2097 per
521 2052 804 2097 consequens
821 2038 942 2097 quod
969 2039 1121 2083 omnis
1139 2038 1316 2082 deitatis
1342 2037 1488 2082 cultus
1509 2038 1586 2082 fiat
1600 2038 1647 2081 in
1673 2052 1872 2082 vanumo
1896 2039 1973 2098 qui
1994 2039 2092 2098 qui-

135 2105 241 2150 dem
268 2119 393 2150 error
416 2105 614 2164 tangitur
641 2104 950 2162 (Malach.III.
978 2104 1089 2161 14.):
1117 2106 1311 2159 Dixistis,
1331 2105 1489 2163 inquit,
1506 2119 1641 2149 vanus
1658 2107 1799 2163 estqui
1818 2107 1947 2150 servit
1971 2107 2063 2150 Deo
2070 2122 2090 2162 ;

134 2178 171 2217 et
194 2172 304 2231 quod
323 2172 657 2226 emolumentum,
684 2173 785 2230 quia
810 2167 1105 2216 custodivimus
1123 2178 1349 2231 praecepta
1370 2174 1475 2230 ejus,
1503 2178 1539 2216 et
1563 2173 1664 2230 quia
1689 2172 1999 2218 ambulavimus
2021 2174 2094 2218 tri-

132 2244 208 2284 stes
231 2253 378 2284 coram
401 2239 591 2283 Domino
613 2239 900 2284 exercituum?

225 2304 428 2359 Quidam
459 2319 569 2350 vero
597 2320 621 2350 e
648 2305 876 2356 contrario
911 2305 1112 2349 divinam
1145 2305 1490 2364 dispositionem
1524 2306 1804 2350 orationibus
1836 2276 2092 2351 vertibilem

135 2381 235 2418 esse
259 2371 484 2426 dicebant,
509 2372 626 2418 sicut
650 2382 696 2417 et
720 2372 936 2431 Aegyptii
962 2372 1185 2426 dicebant,
1212 2372 1334 2431 quod
1356 2372 1501 2416 fatum
1527 2373 1822 2428 orationibus,
1845 2384 1890 2417 et
1916 2374 2094 2432 quibus-

134 2438 242 2483 dam
267 2438 555 2497 imaginibus,
579 2449 623 2483 et
638 2438 1111 2501 subfumigationibus,
1129 2439 1224 2482 sive
1250 2439 1632 2483 incantationibus
1658 2440 1938 2494 vertebatur3
1966 2450 2010 2484 et
2031 2439 2088 2484 ad

133 2505 257 2550 hunc
282 2519 467 2551 sensum
491 2505 715 2565 pertinere
736 2505 946 2551 videntur
971 2506 1196 2564 quaedam
1219 2520 1334 2566 quae
1356 2506 1402 2550 in
1431 2506 1671 2566 Scripturis
1693 2507 1855 2551 divinis
1882 2508 2092 2551 dicuntur

134 2571 388 2617 secundum
399 2571 445 2616 id
462 2572 584 2631 quod
602 2572 747 2631 prima
764 2571 879 2616 facie
897 2582 1083 2630 apparet
1099 2587 1152 2616 ex
1171 2573 1250 2617 eis.
1266 2573 1444 2617 Dicitur
1462 2573 1583 2617 enim
1597 2574 2089 2631 (Isa.XXXV111.1-5.)

135 2638 259 2697 q'uod
288 2638 428 2683 Isaias
453 2652 507 2682 ex
533 2638 750 2683 mandato
786 2638 977 2682 Domini
1013 2638 1123 2683 dixit
1154 2638 1379 2683 Ezechiae
1414 2640 1534 2697 regi:
1570 2641 1690 2684 Haec
1721 2640 1822 2685 dicit
1853 2642 2091 2686 Dominus:

136 2705 320 2764 Dispone
335 2705 478 2749 domui
499 2710 605 2758 tuae,
624 2707 724 2763 quia
746 2707 938 2749 morieris
961 2711 1018 2757 tu,
1046 2712 1083 2749 et
1105 2720 1187 2749 non
1207 2707 1325 2750 vives
1334 2721 1351 2758 ;
1379 2715 1424 2749 et
1449 2706 1571 2764 quod
1588 2717 1692 2765 post
1708 2707 1964 2751 orationem
1987 2708 2093 2752 Eze-

137 2772 268 2816 chiae
285 2773 451 2830 sactum
471 2778 527 2816 est
549 2773 723 2817 verbum
748 2773 928 2816 Domini
948 2772 1001 2816 ad
1026 2772 1182 2816 Isaiam
1204 2771 1365 2817 dicens.-
1401 2773 1510 2817 Vade
1535 2779 1571 2817 et
1596 2773 1660 2817 dic
1677 2775 1904 2831 Ezechiae:
1927 2774 2092 2827 Audivi

136 2841 367 2883 orationem
384 2845 514 2891 tuam,
532 2853 618 2883 ecce
634 2852 703 2896 ego
721 2838 922 2896 adjiciam
939 2847 1059 2898 super
1080 2838 1161 2883 dies
1174 2845 1260 2883 tuos
1276 2838 1509 2897 quindecim
1525 2854 1654 2884 annos
1663 2856 1678 2892 ,·
1698 2850 1741 2884 et
1759 2841 1905 2899 (Hier.
1922 2840 2090 2886 XVIII.

137 2918 178 2963 7.
205 2915 249 2950 et
273 2905 336 2962 8.)
355 2905 517 2950 dicitur
542 2919 598 2949 ex
615 2912 806 2964 persona
832 2905 1047 2949 Domini:
1075 2907 1250 2965 Repente
1276 2905 1425 2964 loquar
1441 2906 1635 2951 adversus
1653 2914 1828 2966 gentem,
1845 2914 1881 2952 et
1898 2908 2092 2954 adversus

135 2986 320 3031 regnum,
343 2978 387 3015 ut
404 2971 625 3026 eradicem,
642 2977 678 3016 et
694 2971 919 3027 destruam,
934 2978 970 3016 et
985 2972 1218 3031 disperdam
1235 2973 1350 3018 illud.
1370 2973 1416 3019 Si
1423 2975 1724 3033 poenitentiam
1737 2977 1861 3033 egerit
1870 2990 1964 3034 gens
1980 2977 2055 3022 illa
2066 2991 2092 3021 a

134 3039 246 3083 malo
261 3052 335 3083 suo
353 3037 462 3096 quod
478 3038 636 3090 locutus
650 3053 740 3083 sum
757 3037 951 3084 adversus
972 3054 1078 3092 eam,
1107 3053 1229 3097 agam
1255 3046 1291 3084 et
1316 3054 1384 3098 ego
1404 3042 1704 3099 poenitentiam
1725 3050 1843 3100 super
1858 3043 1968 3087 malo
1985 3043 2093 3102 quod

136 3106 318 3163 cogitavi
340 3111 388 3149 ut
402 3105 589 3163 facerem
610 3105 647 3149 ei
659 3119 676 3159 ‚·
699 3114 745 3149 et
769 3104 904 3162 (Joel.
926 3105 982 3149 ΙΙ.
1015 3119 1079 3164 13.
1099 3116 1141 3150 et
1163 3105 1276 3165 14.):
1299 3107 1606 3152 Convertimini
1627 3109 1681 3152 ad
1703 3110 1936 3154 Dominum
1951 3111 2092 3155 Deum

135 3177 333 3224 vestrum,
350 3173 450 3229 quia
467 3172 674 3228 benignus,
683 3177 719 3215 et
730 3173 962 3216 misericors
973 3178 1042 3218 est.
1058 3173 1165 3229 Quis
1178 3175 1254 3217 scit
1269 3175 1304 3218 si
1329 3180 1598 3220 convertatur
1609 3181 1645 3219 et
1656 3176 1842 3234 ignoscat
1862 3176 2014 3221 Deus?

110 3247 112 3249 ·
226 3237 356 3282 Haec
371 3247 546 3281 autem:
568 3238 609 3282 si
621 3237 871 3282 secundum
888 3252 1017 3283 suam
1041 3238 1328 3298 superficiem
1346 3240 1669 3299 intelligantur,
1693 3242 1748 3286 ad
1766 3244 2090 3287 inconveniens

137 3304 320 3349 ducunt.
348 3303 560 3362 Sequitur
586 3304 709 3348 enim
740 3304 888 3361 primo
925 3305 1047 3364 quod
1083 3305 1294 3350 voluntas
1319 3306 1410 3351 Dei
1443 3307 1501 3351 sit
1535 3307 1786 3354 mutabilis:
1822 3309 1932 3352 item
1969 3311 2090 3367 quod

137 3370 305 3430 aliquid
331 3384 385 3415 ex
409 3380 615 3428 tempore
642 3370 744 3415 Deo
771 3371 995 3426 adveniat,
1029 3381 1073 3416 et
1099 3372 1284 3417 ulterius
1310 3373 1432 3431 quod
1460 3373 1611 3433 aliqua
1639 3390 1754 3433 quae
1781 3374 2091 3434 temporaliter

136 3437 184 3481 in
209 3437 424 3482 creaturis
449 3446 566 3490 sunt,
592 3436 680 3481 sint
706 3450 841 3482 causa
874 3437 1064 3498 alicujus
1091 3439 1342 3484 exsistentis
1367 3439 1415 3484 in
1440 3440 1559 3495 Deo,
1581 3456 1697 3500 quae
1729 3452 1832 3486 sunt
1853 3441 2090 3488 manifeste

135 3502 449 3564 impossibilia,
470 3503 586 3548 sicut
610 3517 664 3548 ex
689 3504 993 3563 superioribus
1019 3515 1155 3563 patet.

226 3569 538 3616 Adversantur
554 3570 693 3616 etiam
709 3571 1050 3619 auctoritatibus
1071 3586 1227 3618 sacrae
1251 3573 1531 3633 Scripturae,
1536 3588 1660 3633 quae
1681 3555 1964 3621 infallibilem
1987 3589 2092 3621 con-

271 3671 307 3707 S.
333 3671 488 3706 Tuon!
513 3672 645 3719 Summa
670 3679 779 3708 contra
800 3673 954 3709 Gentiles
1916 3680 1956 3712 28
