2332 3854
263 257 372 311 400
903 254 1061 292 LIBER
1099 252 1176 290 111.
1220 251 1339 291 CAP.
1380 251 1586 291 Lxxvn.

263 357 390 411 tiam,
415 371 510 402 non
535 366 653 401 esset
676 357 722 400 in
749 356 880 400 rebus
902 355 1016 399 ordo
1040 367 1295 407 causarum,
1321 353 1401 397 sed
1427 353 1671 398 effectuum
1697 364 1888 399 tantum.
1910 355 2062 414 Exigit
2081 355 2216 415 igitur

263 424 442 467 divinae
475 423 783 482 providentiae
811 421 1043 480 perfectio,
1071 419 1194 478 quod
1219 420 1310 464 sint
1335 433 1499 464 causae
1531 420 1710 477 mediae
1737 431 2031 480 exsequentes
2054 421 2214 480 ipsam.

352 491 468 534 Hinc
501 500 568 533 est
600 489 720 547 quod
755 489 915 531 dicitur
949 484 1626 542 (Psa1.C11.21.):Benedicite
1657 489 1842 532 Domino
1875 503 2011 532 omnes
2041 490 2217 534 virtutes

262 560 359 615 ejus,
398 558 580 600 ministri
611 559 696 612 ejus
727 556 799 612 qui
820 555 966 612 facitis
997 553 1253 596 voluntatem
1284 556 1396 610 ejus,·
1430 547 1475 598 et
1507 553 1615 597 alibi
1655 553 1927 611 (CXLVIII
1966 554 2054 613 8.)
2087 555 2214 614 Ignis,

259 624 434 683 grando,
468 625 556 675 nix,
589 624 757 680 spiritus
775 620 1077 679 procellarum,
1112 633 1214 678 quae
1236 620 1407 678 faciunt
1436 622 1612 665 verbum
1643 623 1741 679 ejus.

936 775 1190 831 CAPUT
1231 774 1542 830 LXXVIII.

485 902 643 948 QUOD
685 902 1059 940 MEDIANTIBUS
1102 902 1400 940 CREATURIS
1447 901 1992 941 INTELLECTUALIBUS

681 977 841 1014 ALIAE
883 976 1206 1015 CREATURAE
1247 976 1543 1015 REGUNTUR
1580 977 1617 1014 A
1656 975 1788 1014 DEO.

351 1086 442 1138 Qia
466 1100 576 1130 vero
610 1086 664 1129 ad
698 1085 899 1129 divinam
931 1085 1264 1144 providentiam
1299 1084 1494 1142 pertinet
1527 1094 1578 1128 ut
1612 1085 1725 1128 ordo
1751 1094 1953 1138 servetur
1977 1084 2024 1139 in
2058 1084 2214 1137 rebus:

259 1166 487 1210 congruus
515 1163 667 1197 autern
701 1152 814 1196 ordo
848 1162 917 1196 est
948 1162 997 1196 ut
1023 1166 1049 1195 a
1074 1152 1296 1210 supremis
1327 1151 1384 1194 ad
1415 1151 1573 1194 infima
1603 1150 2003 1209 proportionaliter
2035 1151 2218 1196 descen·

257 1219 401 1272 datur,
435 1229 615 1277 oportet
646 1219 770 1277 quod
801 1219 954 1262 divina
994 1218 1278 1277 providentia
1311 1217 1562 1262 secundum
1595 1218 1843 1275 quamdam
1870 1217 2215 1276 proportionem

258 1300 399 1344 usque
427 1287 482 1330 ad
508 1301 578 1330 res
597 1286 780 1330 ultimas
802 1287 1047 1344 perveniat.
1071 1286 1196 1329 Haec
1220 1295 1372 1330 autem
1395 1285 1628 1343 proportio
1657 1295 1739 1337 est,
1766 1294 1816 1328 ut
1839 1284 1958 1328 sicut
1975 1298 2215 1343 supremae

258 1363 488 1396 creaturae
515 1363 619 1396 sunt
644 1353 724 1397 sub
747 1353 866 1405 Deo,
894 1362 938 1396 et
964 1353 1271 1411 gubernantur
1298 1352 1351 1394 ab
1378 1354 1492 1408 ipso,
1519 1351 1581 1394 ita
1605 1349 1842 1394 inferiores
1869 1360 2103 1406 creaturae
2127 1352 2215 1403 31111

255 1419 336 1462 sub
369 1419 674 1476 superioribus
700 1429 745 1463 et
775 1429 989 1477 regantur
1015 1419 1068 1462 ab
1101 1419 1224 1477 ipsis.
1251 1419 1373 1462 Inter
1400 1432 1561 1462 omnes
1589 1428 1742 1462 autem
1769 1428 2001 1471 creaturas⁴
2020 1428 2217 1470 sumsu-

254 1499 438 1543 premae
469 1485 816 1539 intellectuales,
850 1486 968 1529 sicut
999 1499 1053 1528 ex
1085 1485 1391 1544 superioribus
1425 1486 1485 1542 (c.
1517 1484 1611 1542 49.)
1637 1494 1774 1542 patet.
1801 1484 1951 1543 Exigit
1985 1484 2122 1544 igitur
2147 1485 2213 1539 di-

253 1553 386 1595 vinae
402 1553 713 1609 providentiae
732 1553 846 1596 ratio
865 1562 914 1596 ut
936 1558 1362 1596 ceterae‘creaturae
1380 1566 1459 1610 per
1476 1561 1703 1605 creaturas
1721 1550 1974 1600 rationales,
1985 1562 2212 1610 1883111111.

341 1618 576 1676 Amplius:
601 1633 915 1677 quaecumque
940 1628 1144 1662 creatura
1168 1620 1424 1676 exsequitur
1445 1618 1623 1661 divinae
1647 1618 1956 1675 providentiae
1983 1617 2213 1672 ordinem,

253 1685 343 1728 hoc
369 1685 506 1728 habet
530 1686 576 1728 in
610 1696 831 1744 quantum
863 1685 1103 1743 participat
1135 1684 1303 1742 aliquid
1332 1685 1386 1728 de
1412 1685 1577 1728 virtute
1597 1684 1683 1728 sibi
1707 1684 2000 1742 providentis,
2026 1684 2149 1735 sicut
2167 1693 2213 1729 et

251 1751 602 1795 instrumentum
642 1766 735 1795 non
761 1761 918 1795 movet
942 1751 1030 1794 nisi
1054 1752 1101 1794 in
1133 1761 1355 1809 quantum
1380 1764 1459 1808 per
1485 1761 1664 1794 motum
1697 1750 1937 1808 participat
1960 1750 2223 1809 aliquidde‘

250 1818 414 1861 virtute
446 1817 706 1876 principalis
734 1818 923 1876 agentis.
958 1817 1092 1869 Quae
1123 1817 1260 1875 igitur
1287 1816 1483 1875 amplius
1504 1817 1564 1860 de
1581 1817 1746 1868 virtute
1771 1816 1951 1862 divinae
1976 1816 2215 1876 prwicben-

251 1884 341 1927 tiae
372 1885 654 1943 participant,
680 1895 786 1928 sunt
807 1884 1064 1928 exsecutiva
1091 1883 1270 1927 divinae
1293 1883 1604 1941 providentiae
1630 1883 1676 1925 in
1699 1882 1779 1926 illa
1799 1896 1930 1941 quae
1944 1883 2096 1937 minua
2115 1897 2212 1942 par-

251 1951 452 2007 ticipant.
481 1950 730 1994 Creaturae
763 1961 915 1994 autem
940 1949 1270 1995 intellectuales
1297 1948 1397 2007 plus
1425 1949 1523 1992 aliis
1555 1949 1611 1993 de
1643 1949 1742 2007 ipsa
1772 1949 2211 2007 participam*Nam

252 2031 358 2060 cum
384 2016 440 2060 ad
466 2017 799 2075 providentiam
825 2017 1075 2075 requiratur
1102 2016 1339 2074 dispositio
1381 2016 1567 2069 ordinis,
1611 2029 1728 2074 quae
1753 2015 1805 2061 fit
1828 2029 1914 2074 per>
1941 2016 2212 2074 cognosciti-

250 2097 358 2127 vam
397 2084 624 2138 virtutem,
656 2094 701 2128 et
727 2083 973 2136 exsecutio,
1007 2097 1122 2141 quae
1154 2082 1204 2126 fit
1243 2096 1322 2140 per
1363 2082 1659 2140 operativam,
1701 2091 1934 2127 creaturae
1965 2081 2211 2137 rationales

253 2160 489 2209 utramque
515 2151 729 2194 virtutem
754 2150 1037 2209 participant,
1068 2149 1270 2208 reliquae
1294 2163 1404 2193 vero
1432 2159 1665 2193 creaturae
1688 2149 1902 2194 virtutem
1927 2148 2212 2207 operativam

250 2226 441 2260 tantum.
484 2217 571 2260 Per
604 2227 831 2261 creaturas
871 2216 1009 2273 igitur
1039 2214 1284 2260 rationales
1318 2228 1479 2259 omnes
1521 2214 1636 2259 aliae
1678 2224 1911 2260 creaturae
1943 2214 2026 2269 sub
2057 2214 2210 2270 divina

248 2283 532 2341 providentia
556 2293 784 2341 reguntur

336 2350 525 2393 Adhuc:
555 2350 827 2408 cuicumque
861 2349 991 2393 datur
1019 2363 1044 2392 a
1075 2349 1178 2392 Deo
1207 2348 1355 2407 aliqua
1387 2348 1542 2402 virtus,
1570 2349 1699 2392 datur
1732 2348 1774 2392 ei
1798 2347 2049 2403 11110τᾴ1118
2062 2349 2122 2402 ad
2151 2348 2233 2403 eff-f·

246 2416 416 2462 fectum
442 2416 581 2474 ipsius
607 2417 795 2461 virtutis
821 2416 896 2460 Sic
920 2416 1045 2460 enim
1071 2415 1246 2473 optimo
1271 2415 1428 2459 omnia
1454 2415 1767 2474 disponuntur,
1795 2415 1905 2463 dum
1925 2416 2210 2475 1111113133οά-
2227 2417 2230 2419 ’
2304 2433 2332 2473 ρ,

247 2498 334 2541 que
357 2483 590 2539 ordinatur
616 2483 673 2526 ad
699 2483 855 2527 omnia
880 2483 1002 2526 bona
1024 2493 1140 2541 quae
1163 2496 1218 2525 ex
1238 2482 1337 2540 ipso
1359 2491 1467 2531 nata
1484 2492 1587 2526 sunt
1603 2482 1856 2540 provenire.
1877 2481 2033 2528 Virtus
2054 2492 2217 2535 autenm

247 2549 524 2594 intellectiva
545 2550 600 2594 de
617 2564 665 2593 se
684 2559 753 2594 est
778 2549 1033 2599 ordinativa
1059 2559 1103 2593 et
1127 2549 1342 2607 regitiva3
1371 2549 1488 2592 unde
1515 2549 1721 2592 videmus
1747 2548 1871 2607 quod
1897 2548 2079 2626 quando
2101 2562 2215 2603 com
2317 2540 2328 2566 ξ’

246 2618 493 2692 junguntur
517 2617 563 2660 in
590 2617 771 2670 eodem,
805 2617 946 2661 virtus
985 2616 1220 2674 operativa
1242 2615 1442 2690 sequitur
1464 2616 1671 2673 regimen
1692 2615 1995 2661 intellectivae
2015 2616 2198 2667 ἤτω313

247 2683 364 2727 sicut
393 2683 440 2727 in
471 2683 661 2727 homine
685 2683 893 2727 videmus
926 2683 1047 2741 quod
1075 2683 1131 2726 ad
1155 2682 1400 2757 imperium
1430 2681 1677 2726 volunt-atis
1703 2692 1912 2730 movetur
1932 2681 2204 2735 membrum.

246 2750 387 2807 quue
419 2750 557 2793 etiam
584 2759 769 2808 apparet
801 2750 838 2793 si
868 2750 916 2792 in
942 2749 1129 2793 diversis
1159 2748 1387 2801 exsistant,
1413 2762 1520 2791 nam
1547 2748 1614 2791 illi
1639 2748 1852 2793 homines
1878 2747 1956 2807 qui
1981 2748 2230 2803 excedunt„

245 2815 294 2860 in
318 2816 481 2860 virtute
520 2818 752 2875 operativa
777 2825 964 2892 oportet
990 2815 1113 2874 quod
1139 2815 1389 2873 dirigantur
1429 2815 1483 2858 ab
1515 2814 1604 2859 illis
1641 2816 1719 2874 qui
1749 2815 1797 2862 in
1827 2816 1993 2869 virtute
2029 2813 2205 2868 11138118-

248 2882 366 2926 ctiva
402 2884 636 2928 excedunt.
671 2882 822 2940 Exigit
846 2883 983 2941 igitur
1005 2883 1182 2926 divinae
1204 2881 1515 2940 providentiae
1537 2882 1667 2936 ratio,
1689 2881 1816 2940 quod
1833 2881 2067 2973 creaturae
2084 2880 2209 2929 'aliae

247 2962 325 3008 per
350 2948 679 2994 intellectuales
712 2959 941 2993 creaturas
967 2958 1196 3007 regantur.

284 3014 287 3017 ’
335 3016 473 3060 Item:
501 3016 687 3060 virtutes
712 3015 1006 3074 particulares
1037 3025 1170 3059 natae
1202 3023 1306 3061 sunt
1331 3014 1509 3058 moveri
1541 3028 1566 3058 a
1598 3013 1837 3067 virtutibus
1861 3012 2205 3071 universalibus,-
2279 3014 2330 3066 ξς

246 3091 295 3125 ut
316 3091 439 3141 patet
462 3092 559 3127 tam
582 3083 629 3126 in
656 3092 765 3136 arte,
788 3096 926 3141 quarn
947 3082 994 3125 in
1015 3091 1190 3126 natura.
1217 3080 1411 3126 Constat
1438 3090 1590 3130 autem
1617 3080 1740 3140 quod
1763 3079 2205 3137 virtusimellqectiva

245 3159 312 3193 est
338 3149 634 3198 universalior
656 3149 785 3193 omni
811 3149 901 3193 alia
923 3149 1087 3195 virtute
1114 3148 1372 3206 operativa3
1398 3162 1509 3193 nam
1532 3148 1673 3193 virtus
1697 3147 1982 3202 intellectivav
1998 3147 2204 3202 8911111181

243 3213 414 3260 formas
436 3215 726 3260 universales.
747 3215 914 3261 Omnis
937 3225 1090 3266 autem
1113 3215 1253 3259 virtus
1269 3213 1505 3273 operativa
1526 3224 1702 3260 tantum
1719 3223 1798 3260 est
1803 3227 1861 3261 ex
1881 3213 2036 3274 31111113-
2051 3212 2211 3268 forma

243 3283 424 3341 propria
451 3282 703 3341 operantis:
732 3291 914 3340 oportet
945 3282 1082 3339 igitur
1115 3281 1238 3340 quod
1259 3294 1340 3340 per
1360 3281 1546 3327 virtutes
1572 3280 1919 3336 mffielleqtuakeg
1929 3290 2202 3335 m9vew„
2330 3311 2332 3314 Α

245 3359 289 3394 et
313 3360 527 3407 regantur
553 3364 714 3396 omnes
742 3349 856 3394 aliae
884 3358 1130 3401 creaturae.

332 3416 592 3461 Praeterea:
619 3417 664 3460 in
688 3417 900 3460 omnibus
928 3415 1141 3475 potentiis
1164 3415 1395 3464 ordinatis
1423 3430 1511 3459 una
1534 3426 1602 3460 est
1627 3375 1843 3460 directiva
1864 3399 2068 3469 alterius,-
2080 3426 2200 3475 qum
2266 3403 2297 3474 35

246 3483 393 3539 magis
418 3483 643 3528 rationem
676 3483 928 3542 cognoscit.
957 3482 1094 3530 Unde
1116 3482 1323 3534 videmus
1354 3482 1400 3526 in
1424 3483 1608 3537 artibus,
1633 3483 1765 3542 quod
1779 3494 1861 3533 ans
1878 3481 1965 3533 illa:
1981 3482 2038 3534 311
2058 3493 2198 3541 quam

247 3549 439 3606 pertinet
469 3549 570 3594 finis
602 3564 655 3594 ex
681 3563 773 3608 quo
807 3550 999 3599 sumitur
1038 3549 1154 3596 ratio
1194 3548 1334 3597 totius
1365 3548 1556 3603 artificii,
1581 3549 1734 3608 dirigit
1762 3547 1982 3604 1113111μεὶ
2003 3547 2210 3607 Ruperat»

248 3614 289 3660 ci
315 3629 430 3675 quae
457 3615 695 3662 artificium
722 3626 956 3677 operatur:
981 3616 1099 3664 sicut
1124 3628 1194 3661 ars
1220 3615 1538 3675 gubematoria
1568 3612 2056 3671 annumerati&
2078 3627 2236 3677 quaet,
