2332 3854
282 118 389 185 526
965 126 1118 164 LIBER
1158 125 1234 162 111.
1276 124 1397 162 cAP.
1439 94 1560 162 etv.

272 230 625 308 praedicaverunt
656 230 821 286 ubique,
851 227 1036 270 Domino
1064 229 1322 284 cooperante,
1347 229 1386 268 et
1413 237 1641 267 sermonem
1673 224 1960 283 confirmante,
1979 226 2234 284 sequentibus

277 299 417 356 signis.

367 363 468 407 Fuit
492 372 645 406 autem
673 370 718 404 et
743 359 856 403 alius
884 355 1242 401 confirmationis
1260 355 1439 410 moduS,
1466 364 1529 409 ut,
1546 355 1656 400 dum
1681 356 2015 414 praedicatores
2031 357 2230 408 veritatis

278 444 385 475 vera
410 429 715 473 invenirentur
738 426 887 468 dicere
907 425 960 467 de
979 422 1170 467 occultis
1187 436 1303 481 quae
1328 422 1625 481 postmodum
1647 422 1926 467 manifestari
1928 433 2151 483 possunt,
2169 424 2234 470 eis

281 497 538 541 crederetur
568 508 675 538 vera
707 491 958 535 dicentibus
985 489 1041 532 de
1067 489 1138 533 his
1170 502 1286 547 quae
1310 488 1524 533 homines
1546 489 1738 548 experiri
1759 502 1856 533 non
1878 499 2091 547 possunt.
2113 489 2243 537 unde.

278 562 584 607 necessarium
617 559 701 603 fuit
726 559 899 601 donum
925 555 1208 615 prophetiae,
1224 569 1303 614 per
1320 555 1442 614 quod
1458 553 1620 610 futura,
1638 564 1684 599 et
1709 568 1762 599 ea
1788 569 1905 615 quae
1926 556 2245 615 communiter>

279 629 488 673 homines
507 627 660 679 latent,
678 625 780 668 Deo
807 622 1052 676 revelante,
1070 631 1256 681 possent
1271 621 1484 679 homines
1507 634 1788 680 cognoscere
1815 631 1860 666 et
1883 621 1984 666 aliis
2003 616 2232 669 indicare·
2222 657 2235 677 ,

279 705 329 738 ut
354 695 431 746 sic,
459 693 568 736 dum
600 692 646 734 in
662 691 734 734 his
760 690 1068 733 invenirentur
1092 702 1201 732 vera
1227 676 1428 742 dicere,‘'
1417 702 1464 731 m
1489 687 1561 732 his
1588 702 1704 746 quae
1730 698 1835 733 sunt
1859 687 1963 733 fidei
1991 689 2055 734 eis
2088 682 2237 735 crede-

280 769 414 804 retur.
447 759 580 802 Unde
619 755 871 834 Apostolus
904 756 1012 800 dicit
1045 755 1100 812 (Ι.
1135 755 1243 800 Cor.
1279 754 1402 798 XIV.
1431 754 1556 811 242)
1587 755 1633 799 Si
1657 760 1795 799 autem
1828 769 1964 800 omnes
1980 745 2237 815 prophetant,

281 829 403 870 intret
434 832 570 870 autem
597 826 686 882 quis
708 823 883 882 infidelis
908 822 973 867 vel
998 822 1146 876 idiota,
1174 823 1440 867 convincitur
1456 823 1508 866 ab
1524 823 1726 876 omnibus,
1751 821 2009 881 diJudicatur
2033 822 2086 883 ad
2107 824 2239 867 omni·

282 896 383 951 bus‚·
411 893 569 937 occulta
602 890 735 935 cordis
766 892 853 948 ejus
884 889 1103 947 manifesta
1123 889 1251 947 fiunt,
1280 889 1396 933 etita
1420 888 1566 933 cadens
1596 890 1642 932 in
1664 889 1822 947 faciem
1855 888 2050 935 adorabit
2076 889 2236 944 Deum,

274 961 556 1019 pronuntians
582 957 689 1016 quod
709 972 804 1001 vere
826 957 941 1000 Deus
966 957 1011 999 in
1036 957 1153 1000 vobis
1173 956 1236 999 sit.

366 1026 473 1070 Non
500 1034 653 1068 autem
670 1038 749 1083 per
773 1023 864 1068 hoc
891 1022 1158 1081 prophetiae
1185 1021 1358 1066 donum
1376 1020 1603 1066 sufficiens
1624 1021 1939 1066 testimonium
1970 1021 2077 1067 fidei
2107 1015 2230 1067 adhi-

280 1094 472 1147 beretur,
505 1091 589 1135 nisi
619 1100 737 1135 esset
762 1089 817 1134 de
842 1090 913 1133 his
942 1103 1058 1148 quae
1081 1103 1107 1132 a
1133 1087 1234 1132 solo
1267 1088 1370 1132 Deo
1398 1089 1619 1165 cognosci
1644 1097 1858 1148 possunt;
1889 1088 2007 1134 sicut
2031 1098 2077 1133 et
2106 1087 2239 1137 mira-

281 1160 382 1203 cula
400 1158 506 1203 talia
525 1167 628 1202 sunt
645 1156 770 1216 quod
782 1155 910 1211 >solus
927 1156 1054 1199 Deus
1077 1169 1130 1199 ea
1147 1165 1296 1214 potest
1313 1156 1502 1214 operari.
1523 1155 1800 1214 Hujusmodi
1821 1164 1983 1202 autem,
1995 1154 2236 1215 praecipue

281 1236 384 1270 sunt
419 1226 465 1269 in
497 1225 628 1268 rebus
666 1223 953 1268 inferioribus
989 1221 1171 1266 occulta
1209 1222 1431 1275 cordium,
1465 1235 1580 1280 quae
1622 1221 1747 1265 solus
1789 1221 1916 1267 Deus
1956 1234 2238 1281 cognoscere

281 1302 444 1351 potest,
471 1302 519 1335 ut
555 1305 690 1349 supra
717 1290 837 1347 (Lib.
865 1289 898 1334 Ι.
932 1304 970 1333 c.
998 1287 1090 1347 68.)
1119 1298 1353 1332 ostensum
1380 1299 1459 1343 est,
1499 1298 1543 1332 et
1576 1287 1726 1332 futura
1759 1288 2084 1348 contingentia,
2121 1301 2238 1349 quae

282 1361 418 1403 etiam
446 1358 530 1402 soli
554 1358 732 1402 divinae
767 1355 1022 1415 cognitioni
1046 1355 1249 1410 subsunt,
1282 1355 1387 1414 quia
1410 1369 1463 1399 ea
1488 1355 1536 1398 in
1562 1355 1720 1414 seipsis
1745 1354 1884 1409 videt,
1909 1369 2048 1416 quum
2082 1355 2174 1411 sint
2197 1354 2240 1400 ei

283 1425 538 1484 praesentia
563 1426 738 1468 ratione
771 1437 879 1468 suae
916 1423 1207 1476 aeternitatis,
1235 1432 1282 1466 ut
1309 1436 1443 1482 supra
1471 1422 1590 1480 (Lib.
1624 1423 1659 1466 Ι.
1697 1437 1735 1468 c.
1769 1420 1863 1481 67.)
1889 1433 2126 1468 ostensum
2157 1432 2238 1467 est.

283 1495 479 1537 Possunt
494 1501 649 1536 tamen
677 1490 828 1549 aliqua
853 1489 1002 1534 futura
1030 1490 1340 1548 contingentia
1367 1489 1505 1533 etiam
1525 1489 1577 1532 ab
1605 1488 1868 1534 hominibus
1893 1489 2239 1553 praecognosci,

281 1574 374 1604 non
403 1558 623 1618 quidem
612 1573 659 1601 in
686 1567 905 1617 quantum
932 1556 1077 1600 futura
1110 1567 1228 1610 sunt,
1253 1556 1333 1600 sed
1366 1557 1411 1599 in
1444 1566 1663 1615 quantum
1690 1556 1736 1600 in
1764 1556 1912 1600 causis
1936 1556 2028 1602 suis
2058 1569 2240 1615 praeex-

282 1626 469 1680 sistunt3
496 1626 657 1684 quibus
683 1624 878 1703 cognitis
911 1623 985 1667 vel
1010 1624 1261 1667 secundum
1288 1624 1437 1682 seipsa
1459 1622 1532 1666 vel
1558 1637 1639 1682 per
1667 1620 1845 1682 aliquos
1868 1622 2056 1682 effectus
2081 1637 2240 1689 earum

284 1692 565 1746 manifestos,
582 1706 698 1751 quae
725 1694 854 1750 signa
873 1691 1094 1745 dicuntur,
1122 1690 1176 1734 de
1203 1690 1426 1748 aliquibus
1453 1689 1686 1734 effectibus
1711 1689 1872 1734 futuris
1903 1700 2056 1750 potest
2080 1691 2133 1735 ab
2159 1691 2240 1735 ho·

283 1760 407 1803 mine
433 1759 756 1834 praecognitio
765 1758 946 1811 haberi3
964 1757 1080 1801 sicut
1097 1756 1301 1800 medicus
1323 1757 1673 1815 praecognoscit
1690 1766 1888 1802 mortem
1905 1756 1980 1802 vel
1999 1743 2239 1803 sanitatem

283 1825 487 1873 futuram¹
502 1840 555 1869 ex
572 1836 690 1870 statu
715 1825 892 1869 virtutis
917 1823 1149 1878 naturalis,
1175 1837 1313 1882 quam
1332 1824 1570 1882 cognoscit
1586 1822 1732 1882 pulsu,
1750 1824 1894 1880 urina,
1912 1834 1957 1868 et
1976 1824 2241 1883 hujusmodi

284 1892 439 1950 signis.
467 1892 744 1950 Hujusmodi
771 1901 923 1934 autem
951 1890 1154 1948 cognitio
1173 1889 1430 1933 futurorum
1448 1890 1614 1948 partim
1631 1889 1815 1948 quidem
1834 1899 1957 1935 certa
1972 1900 2053 1945 est,
2074 1891 2241 1951 partim
2323 1932 2332 1939 ,,

283 1959 469 2018 quidem
492 1959 688 2012 incerta;
715 1968 820 2002 sunt
846 1958 969 2002 enim
996 1957 1221 2016 quaedam
1249 1970 1413 2000 causae
1438 1957 1815 2015 praeexsistentes
1841 1970 1896 2000 ex
1917 1957 2079 2016 quibus
2102 1957 2241 2003 futuri
2316 1984 2332 2015 ς

284 2025 472 2070 effectus
500 2039 554 2070 ex
590 2025 861 2070 necessitate
899 2034 1252 2083 consequuntur,
1279 2024 1408 2078 sicut,
1445 2024 1796 2082 praeexsistente
1823 2025 2160 2083 compositione
2186 2039 2241 2070 ex
2325 2024 2330 2031 “

285 2093 522 2138 contrariis
554 2093 601 2136 in
629 2092 830 2145 animali,
858 2106 914 2135 ex
947 2091 1217 2135 necessitate
1244 2091 1445 2149 sequitur
1471 2104 1620 2145 mors;
1648 2091 1918 2150 quibusdam
1948 2105 2060 2136 vero
2093 2092 2242 2137 causis
2298 2119 2323 2151 ¹3

283 2159 724 2218 praeexsistentibus,
742 2168 991 2217 sequuntur
1019 2157 1156 2201 futuri
1173 2156 1374 2212 effectus,
1390 2171 1484 2202 non
1503 2171 1558 2200 ex
1573 2159 1856 2212 necessitate,
1874 2157 1954 2202 sed
1969 2167 2019 2202 ut
2038 2157 2242 2218 frequen·
2319 2196 2322 2198 .

284 2237 368 2280 ter,
396 2227 512 2270 sicut
543 2241 598 2270 ex
618 2226 794 2269 semine
829 2224 1029 2268 hominis
1062 2225 1108 2267 in
1145 2224 1386 2268 matricem
1427 2225 1634 2282 projecto
1658 2234 1706 2268 ut
1736 2225 1782 2267 in
1807 2223 2011 2282 pluribus
2040 2225 2243 2284 sequitur
2312 2233 2327 2258 .;

284 2293 430 2336 homo
456 2291 696 2351 perfectus,
715 2291 988 2350 quandoque
1005 2301 1160 2334 tamen
1194 2300 1398 2334 monstra
1423 2299 1709 2349 generantur,
1735 2299 1919 2349 propter
1945 2290 2131 2351 aliquod
2160 2291 2243 2336 im-

284 2359 597 2419 pedimentum
619 2358 942 2417 superveniens
974 2357 1232 2416 operationi
1257 2356 1474 2400 naturalis
1500 2357 1699 2411 virtutis;
1730 2357 1984 2416 primorum
2015 2357 2158 2417 igitur·
2183 2357 2243 2403 ef—
2319 2357 2327 2408 ζ

284 2426 488 2471 fectuum
515 2425 830 2484 praecognitio
856 2423 1150 2468 infallibiliter
1166 2433 1288 2467 certa
1305 2423 1510 2477 habetur,
1529 2424 1695 2472 horum
1715 2433 1867 2468 autem
1884 2438 2001 2484 quae
2017 2425 2241 2484 posterius
2312 2438 2319 2445 ·”

287 2494 406 2537 dicta
432 2503 537 2537 sunt
561 2506 655 2536 non
682 2501 749 2536 est
773 2491 1088 2550 praecognitio
1115 2489 1412 2534 infallibiliter
1438 2500 1573 2535 certa.
1598 2490 1818 2549 Cognitio
1851 2500 2003 2544 autem
2036 2506 2152 2552 quae
2184 2492 2242 2536 de
2311 2488 2325 2525 3

284 2559 443 2604 futuris
479 2559 671 2603 habetur
707 2573 760 2602 ex
795 2557 1072 2602 revelatione
1113 2557 1264 2601 divina
1300 2557 1551 2601 secundum
1589 2557 1783 2615 gratiam
1823 2557 2140 2634 prophetalem
2173 2567 2242 2607 est.
2325 2580 2328 2591 2

286 2627 477 2671 omnino
511 2637 646 2679 certa,
672 2626 789 2670 sicut
821 2635 865 2669 et
896 2625 1047 2668 divina
1072 2624 1386 2683 praecognitio
1421 2634 1488 2668 est
1520 2634 1666 2678 certa;
1691 2638 1786 2668 non
1813 2625 1937 2669 enim
1966 2625 2094 2671 Deus
2117 2639 2243 2686 prae·
2312 2624 2329 2672 ἦ

287 2693 526 2752 cognoscit
549 2692 698 2736 futura
724 2691 876 2736 solum
902 2700 1036 2749 prout
1061 2700 1167 2735 sunt
1191 2691 1236 2734 in
1260 2691 1352 2734 suis
1379 2690 1542 2744 causis,
1568 2690 1648 2734 sed
1670 2689 1963 2735 infallibiliter
1988 2692 2241 2747 secundum
2313 2705 2320 2727 1

286 2759 409 2819 quod
442 2769 546 2803 sunt
576 2759 622 2802 in
649 2758 823 2818 seipsis,
865 2758 981 2802 sicut
1020 2758 1225 2816 superius
1267 2757 1387 2816 (Lib.
1414 2757 1446 2800 Ι.
1478 2771 1516 2801 c.
1550 2755 1639 2814 67.)
1669 2767 1900 2802 ostensum
1927 2768 2014 2814 est;
2047 2759 2166 2805 unde
2197 2769 2243 2805 et
2317 2773 2323 2804 ἰ,

286 2826 490 2884 cognitio
517 2825 783 2885 prophetica
808 2839 889 2884 per
915 2824 1130 2868 eumdem
1155 2823 1348 2868 modum
1374 2823 1505 2868 datur
1539 2824 1718 2868 homini
1755 2824 1811 2868 de
1835 2823 1996 2871 futuris
2022 2827 2130 2870 cum
2151 2839 2243 2870 cer-

285 2893 476 2938 titudine
502 2891 724 2951 perfecta3
760 2906 846 2935 nec
872 2901 1027 2936 tamen
1052 2892 1168 2935 haec
1206 2891 1428 2936 certitudo
1460 2901 1681 2949 repugnat
1713 2890 2053 2951 contingentiae
2073 2890 2244 2945 futuro-
2303 2902 2313 2943 ζ

286 2953 403 3013 rum,
435 2960 552 3004 sicut
585 2973 671 3004 nec
708 2959 930 3004 certitudo
967 2958 1184 3002 scientiae
1217 2957 1413 3011 divinae,
1449 2967 1498 3001 ut
1530 2971 1665 3016 supra
1696 2956 1847 3015 (ibid.)
1882 2967 2117 3013 ostensum
2158 2970 2240 3013 est·
2303 2949 2322 3005 s:

287 3026 565 3071 Revelantur
590 3036 744 3071 tamen
773 3025 1016 3084 aliquando
1044 3025 1181 3084 aliqui
1209 3023 1347 3068 futuri
1383 3023 1569 3069 effectus
1595 3024 1844 3082 prophetiS,
1869 3037 1965 3070 nou
1989 3025 2243 3079 secundum
2302 3057 2313 3080 *z

286 3094 409 3153 quod
436 3104 539 3138 sunt
563 3094 610 3137 in
642 3093 816 3153 seipsis,
850 3093 928 3137 sed
955 3092 1207 3138 secundum
1243 3091 1367 3150 quod
1393 3100 1497 3135 sunt
1521 3091 1568 3134 in
1605 3091 1754 3135 causis
1779 3091 1872 3137 suis
1882 3106 1895 3146 ;
1920 3101 1966 3137 et
1987 3101 2100 3141 tunc!
2126 3092 2244 3145 nihil
2295 3085 2328 3137 ’ζ

288 3160 512 3219 prohibet,
539 3160 577 3204 si
609 3174 772 3204 causae
798 3160 1104 3218 impediantur
1128 3172 1186 3202 ne
1212 3157 1477 3217 perveniant
1504 3157 1558 3201 ad
1586 3171 1692 3202 suos
1719 3156 1923 3213 effectus,
1948 3158 2070 3218 quod
2102 3159 2242 3212 etiarn
2309 3162 2324 3188 ²-

287 3227 535 3286 prophetae
572 3226 903 3286 praenuntiatio
931 3227 1215 3279 immutetur;
1256 3225 1374 3269 sicut
1397 3224 1536 3268 Isaias
1565 3224 1842 3282 (XXXVIII.
1869 3224 1931 3283 1.)
1953 3226 2245 3286 prophetarit
2302 3238 2332 3282 ,ᾗ

286 3293 510 3337 Ezechiae
528 3293 805 3352 aegrotanti:
833 3294 1017 3352 Dispone
1034 3292 1179 3336 domui
1195 3297 1305 3345 tuae,
1324 3291 1424 3349 quia
1446 3292 1650 3346 morieris,
1682 3298 1720 3337 et
1740 3300 1825 3336 mm
1838 3292 2071 3352 vives,⁴qui
2085 3302 2241 3347 tamen

288 3370 472 3404 sanatus
508 3370 599 3414 est;
641 3370 686 3404 et
720 3360 860 3418 Jonas
896 3359 1120 3418 propheta
1155 3357 1488 3416 praenuntiavit
1525 3357 1646 3417 quod
1684 3367 1788 3417 post
1820 3358 2121 3418 quadraginta
2145 3358 2241 3406 dies
2296 3352 2325 3419 ’ζ

286 3427 452 3470 Ninive
478 3426 810 3471 subverteretur
827 3426 948 3484 (Jon.
976 3426 1091 3483 111.),
1117 3438 1202 3469 nec
1225 3434 1379 3468 tamen
1403 3433 1470 3468 est
1495 3424 1733 3479 subversa;
1760 3424 2093 3483 praenuntiavit
2117 3425 2241 3476 enim
2308 3444 2317 3455 θ

288 3493 429 3537 Isaias
461 3503 659 3538 mortem
691 3492 887 3538 futuram
914 3492 1136 3541 Ezechiae
1162 3490 1413 3536 secundum
1446 3490 1654 3535 ordinem
1685 3490 1999 3550 dispositionis,
2035 3492 2241 3552 eqrpqris
