2332 3854
273 197 380 250 268
918 210 935 246 s
979 214 1134 254 LIBER
1173 215 1228 252 11.
1271 215 1391 254 CAP.
1430 216 1522 254 xc,

269 314 496 372 oportebit
520 314 568 358 in
596 328 789 374 corpore
827 314 1042 358 elementi
1074 316 1275 360 invenire
1313 317 1619 362 diversitatem
1657 331 1964 376 organorum;
2007 319 2130 378 quod
2163 334 2228 364 re-

268 390 442 439 pugnat
466 381 746 440 simplicitati
771 382 925 440 ipsius.
950 383 1059 425 Non
1080 382 1218 440 igitur
1243 383 1492 428 substantia
1517 383 1835 428 intellectualis
1861 395 2012 443 potest
2035 385 2153 430 uniri
2177 395 2228 430 ut

268 445 417 491 forma
445 447 579 491 alicui
608 449 852 501 elemento,
880 458 956 492 aut
984 449 1101 507 parti
1127 450 1237 508 ejus.

358 514 591 573 Amplius:
616 524 785 573 quanto
815 515 999 573 aliquod
1028 529 1191 574 corpus
1219 526 1286 560 est
1310 517 1605 576 propinquius
1638 518 1856 562 materiae
1882 518 2071 578 primae,
2096 527 2224 562 tanto

266 590 335 624 est
359 581 619 639 ignobilius,
647 591 803 638 utpote
830 582 979 639 magis
1005 584 1051 625 in
1068 583 1272 640 potentia
1294 586 1526 638 exsistens,
1555 595 1599 628 et
1620 586 1770 628 minus
1787 585 1835 628 in
1856 594 1959 629 actu
1978 583 2226 644 completo.

264 646 503 691 Elementa
528 658 681 691 autem
698 648 797 706 ipsa
813 658 917 692 sunt
933 649 1259 708 propinquiora
1276 651 1494 694 materiae
1511 652 1686 710 primae
1704 665 1842 710 quam
1859 665 2052 710 corpora
2069 651 2226 704 mixta,

263 728 403 772 quum
432 725 475 758 et
515 715 611 773 ipsa
638 715 726 758 sint
763 714 1012 759 mixtorum
1050 730 1297 775 corporum
1328 719 1546 762 materiae
1579 719 1800 776 proxima.
1829 719 1946 763 Sunt
1976 719 2113 777 igitur
2138 718 2227 763 ele·

265 790 526 824 mentorum
554 794 751 839 corpora
777 781 1067 840 ignobiliora,
1094 784 1347 828 secundum
1374 799 1504 829 suam
1527 785 1743 844 speciem,
1771 785 2038 845 corporibus
2059 785 2224 838 mixtis.

267 846 426 898 Quum
452 847 589 904 igitur
613 847 851 892 nobilioris
877 847 1083 908 corporis
1109 850 1166 894 sit
1190 851 1389 895 nobilior
1413 851 1578 907 forma,
1603 852 1886 911 impossibile
1913 863 1981 897 est
2005 851 2128 912 quod
2147 865 2228 897 no-

225 925 232 932 ·
261 913 482 957 bilissima
507 913 671 968 forma,
706 929 822 973 quae
855 925 923 959 est
956 916 1109 960 anima
1144 917 1438 973 intellectiva,
1475 919 1532 963 sit
1569 920 1694 963 unita
1732 919 1998 979 corporibus
2030 917 2227 964 clemen·
2286 979 2294 984 ,

261 990 429 1024 torum.

347 1048 483 1091 Item:
513 1047 549 1091 si
576 1062 767 1107 corpora
795 1048 1130 1094 elementorum
1165 1051 1446 1111 aut-aliquae
1472 1062 1622 1111 partes
1650 1067 1812 1097 eorum
1840 1062 1993 1098 essent
2019 1052 2221 1097 animata

260 1114 555 1158 nobilissimis
582 1115 834 1170 animabus,
858 1131 974 1175 quae
992 1126 1095 1161 sunt
1113 1118 1293 1162 animae
1315 1119 1633 1173 intellectivae,
1656 1129 1888 1178 oporteret
1909 1119 2031 1178 quod
2053 1128 2223 1178 quanto

262 1181 412 1240 aliqua
439 1196 633 1241 corpora
660 1193 810 1227 essent
834 1183 1056 1227 viciniora
1074 1183 1327 1239 elementis,
1345 1197 1496 1230 essent
1517 1186 1843 1244 propinquiora
1860 1187 1916 1230 ad
1940 1187 2096 1230 vitam.
2119 1185 2223 1230 Hoc

261 1259 412 1293 autem
440 1263 534 1293 non
562 1260 760 1308 apparet,
788 1251 867 1295 sed
901 1251 1048 1309 magis
1081 1254 1385 1307 contrarium;
1417 1267 1526 1296 nam
1563 1252 1746 1311 plantae
1787 1253 1938 1296 minus
1962 1253 2135 1297 habent
2155 1247 2222 1296 vde

259 1316 351 1360 vita
378 1331 516 1375 quam
550 1316 779 1371 animalia,
813 1332 954 1376 quum
992 1314 1275 1362 tamen'sint
1309 1321 1657 1378 propinquiores
1693 1329 1865 1374 terrae3
1903 1329 1948 1363 et
1972 1317 2224 1373 mineralia,

260 1398 374 1441 quae
401 1394 505 1428 sunt
529 1384 678 1428 adhuc
711 1385 1052 1443 propinquiora,
1085 1385 1199 1429 nihil
1239 1386 1409 1430 habent
1444 1386 1499 1429 de
1525 1386 1630 1429 vita.
1657 1386 1764 1430 Non
1799 1387 1934 1444 igitur
1967 1385 2217 1430 substantia

262 1450 582 1495 intellectualis
613 1451 765 1495 unitur
791 1451 926 1495 alicui
953 1451 1198 1506 elemento,
1225 1452 1299 1496 vel
1325 1454 1438 1511 parti
1467 1453 1563 1511 ejus
1590 1462 1640 1496 ut
1669 1451 1834 1496 forma.

349 1518 536 1562 Adhuc:
571 1518 780 1562 omnium
813 1519 1100 1562 moventium
1134 1519 1496 1579 corruptibilium
1521 1520 1615 1563 vita
1646 1533 1726 1577 per
1758 1517 2077 1563 excellentiam
2109 1530 2221 1564 con-

261 1585 500 1629 trarietatis
528 1595 858 1644 corrumpitur3
885 1600 991 1629 nam
1022 1586 1237 1630 animalia
1263 1596 1308 1630 et
1330 1586 1510 1645 plantae
1537 1585 1870 1642 mortificantur
1897 1586 1950 1630 ab
1979 1584 2221 1631 excellenti

260 1652 409 1695 calido
437 1663 480 1696 et
510 1652 691 1711 frigido,
719 1653 910 1697 humido
939 1663 1015 1697 aut
1041 1654 1178 1697 sicco.
1206 1654 1257 1697 In
1292 1654 1558 1713 corporibus
1586 1662 1739 1697 autem
1761 1652 2095 1698 elementorum
2113 1661 2218 1700 sunt

256 1719 499 1777 praecipue
526 1719 821 1763 excellentiae
847 1720 1012 1764 harum
1040 1720 1428 1765 contrarietatum.
1455 1720 1563 1764 Non
1588 1720 1726 1778 igitur
1751 1729 1820 1764 est
1844 1719 2059 1778 possibile
2091 1718 2214 1779 quod

257 1785 304 1828 in
331 1786 395 1829 eis
422 1787 478 1830 sit
502 1787 618 1841 vita3
645 1787 926 1846 impossibile
955 1797 1021 1832 est
1046 1788 1182 1846 igitur
1216 1787 1338 1847 quod
1371 1787 1620 1832 substantia
1649 1785 1927 1831 intellectiva
1951 1787 2132 1831 uniatur
2152 1786 2227 1830 eis*

258 1861 307 1895 ut
331 1851 494 1897 forma.

349 1920 585 1979 Amplius:
614 1920 855 1975 elementa,
875 1921 958 1965 etsi
982 1922 1233 1965 secundum
1259 1931 1408 1966 totum
1441 1921 1530 1965 sint
1554 1919 1928 1979 incorruptibilia,
1952 1928 2108 1964 tamen
2133 1919 2220 1965 sin-

256 1985 390 2044 gulae
428 1997 576 2045 partes
619 1997 723 2031 sunt
764 1988 1094 2047 corruptibiles,
1135 1999 1292 2048 utpote
1331 1989 1699 2032 contrarietatem
1733 1988 1967 2032 habentes.
2000 1987 2051 2031 Si
2080 1987 2218 2046 igitur

255 2053 432 2111 aliquae
459 2064 607 2112 partes
635 2055 972 2098 elementorum
1005 2056 1203 2099 habeant
1240 2056 1325 2099 sibi
1365 2057 1513 2099 unitas
1551 2055 1822 2099 substantias
1865 2062 2214 2113 cognoscentes,

253 2120 451 2164 maxime
477 2121 654 2164 videtur
679 2122 801 2179 quod
830 2122 1083 2180 assignetur
1105 2123 1169 2166 eis
1195 2123 1263 2166 vis
1288 2122 1529 2166 discretiva
1552 2121 1967 2180 corrumpentium;
1988 2121 2220 2180 quaequi·

253 2186 358 2230 dem
385 2197 451 2231 est
477 2201 636 2231 sensus
662 2198 825 2244 tactus,
853 2189 929 2247 qui
962 2198 1027 2233 est
1060 2189 1325 2233 discretivus
1357 2188 1493 2233 calidi
1526 2199 1570 2233 et
1593 2188 1771 2247 frigidi,
1793 2198 1839 2232 et
1869 2187 2087 2233 similium
2113 2201 2219 2232 con-

251 2254 548 2308 trarietatum,
575 2265 759 2314 propter
779 2256 901 2314 quod
921 2256 1074 2310 etiam,
1094 2257 1222 2315 quasi
1248 2256 1532 2300 necessarius
1555 2256 1610 2299 ad
1636 2255 2050 2314 praeservationem
2073 2268 2100 2298 a
2122 2268 2218 2299 cor·

249 2322 472 2379 ruptione,
490 2322 701 2366 omnibus
721 2321 994 2367 animalibus
1011 2323 1140 2367 inest.
1155 2324 1288 2367 Hunc
1302 2332 1455 2367 autem
1474 2337 1659 2367 sensum
1678 2321 1961 2381 impossibile
1983 2330 2053 2366 est
2065 2320 2214 2367 inesse

252 2390 434 2448 corpori
459 2390 670 2449 simplici,
698 2405 840 2449 quum
868 2401 1080 2450 oporteat
1106 2406 1331 2450 organum
1357 2401 1502 2435 tactus
1529 2405 1623 2435 non
1648 2390 1816 2434 habere
1844 2399 1946 2434 actu
1974 2389 2215 2434 contrarie-

249 2464 380 2509 tates,
406 2456 484 2500 sed
511 2457 736 2515 potentia3
765 2458 887 2516 quod
915 2458 1140 2516 contingit
1163 2459 1313 2502 solum
1332 2459 1377 2501 in
1404 2458 1555 2501 mixtis
1570 2457 1846 2516 temperatis.
1865 2456 1974 2501 Non
1990 2455 2126 2515 igitur
2147 2464 2216 2501 est

250 2523 464 2580 possibile
493 2524 665 2582 aliquas
693 2534 841 2583 partes
866 2524 1199 2569 elementorum
1227 2540 1326 2570 esse
1355 2525 1579 2569 animatas
1607 2525 1760 2568 anima
1792 2524 2122 2583 cognoscitiva.

337 2590 478 2634 Item:
507 2605 646 2634 omne
675 2605 840 2650 corpus
866 2592 1023 2636 vivens
1052 2592 1204 2650 aliquo
1226 2591 1367 2636 modo
1390 2592 1642 2636 secundum
1667 2591 1868 2634 animam
1894 2590 2102 2635 localiter
2118 2603 2214 2634 mo-

249 2666 403 2710 vetur;
435 2671 543 2701 nam
571 2671 766 2715 corpora
794 2658 1026 2712 coelestia,
1054 2659 1091 2702 si
1113 2669 1267 2702 tamen
1295 2659 1384 2702 sint
1410 2659 1625 2713 animata,
1653 2668 1897 2701 moventur
1913 2656 2211 2712 circulariter3

251 2724 465 2768 animalia
491 2724 705 2783 perfecta,
734 2736 863 2769 motu
890 2726 1206 2784 progressivo;
1235 2736 1383 2770 ostrea
1409 2736 1562 2770 autem
1589 2735 1718 2769 motu
1742 2724 2017 2768 dilatationis
2040 2733 2086 2768 et
2105 2738 2211 2769 con—

248 2792 518 2846 strictionis3
547 2793 728 2850 plantae
767 2803 920 2837 autem
956 2803 1085 2837 motu
1120 2793 1354 2851 augmenti
1391 2803 1435 2836 et
1476 2792 1770 2844 decrementi,
1808 2791 1884 2850 qui
1915 2799 2020 2835 sunt
2055 2790 2209 2850 aliquo

249 2860 390 2903 modo
419 2860 671 2903 secundum
699 2861 986 2917 locum.,Sed
1013 2861 1058 2903 in
1087 2860 1325 2904 elementis
1357 2874 1450 2902 non
1475 2869 1661 2918 apparet
1687 2858 1847 2917 aliquis
1875 2867 2027 2913 motus
2054 2858 2132 2917 qui
2153 2858 2211 2902 sit

249 2926 302 2969 ab
331 2926 496 2982 anima,
525 2927 601 2970 sed
629 2927 781 2970 solum
809 2937 961 2970 motus
983 2927 1213 2970 naturalis.
1242 2927 1349 2969 Non
1373 2936 1476 2969 sunt
1502 2926 1639 2983 igitur
1665 2939 1856 2984 corpora
1880 2924 2093 2969 viventia.

335 2993 384 3036 Si
412 3003 563 3036 autem
593 2994 767 3035 dicatur
794 2993 915 3049 quod
944 2993 1193 3036 substantia
1220 2992 1555 3046 intellectualis,
1584 2994 1665 3036 etsi
1692 3006 1786 3036 non
1814 2992 1994 3036 uniatur
2025 2992 2205 3051 corpori

245 3057 526 3111 elementari,
556 3068 631 3101 aut
657 3059 771 3115 parti
795 3059 891 3115 ejus
918 3068 966 3102 ut
992 3058 1154 3114 forma,
1183 3060 1333 3101 unitur
1365 3069 1520 3102 tamen
1549 3059 1590 3102 ei
1617 3069 1665 3102 ut
1691 3069 1858 3102 motor.

267 3172 271 3177 .
334 3123 540 3167 Primum
569 3125 752 3182 quidem
779 3125 822 3167 in
852 3129 954 3168 aere
981 3125 1071 3168 hoc
1100 3125 1188 3168 dici
1214 3125 1494 3183 impossibile
1522 3136 1601 3169 est.
1631 3125 1789 3177 Quum
1816 3125 1940 3170 enim
1964 3132 2066 3183 pars
2093 3124 2208 3170 aeris

243 3203 336 3233 non
364 3191 420 3234 sit
453 3205 531 3248 per
564 3191 761 3249 seipsam
794 3192 1107 3245 terminabilis,
1144 3206 1239 3234 non
1272 3202 1421 3250 potest
1454 3193 1606 3250 aliqua
1644 3194 1746 3251 pars
1779 3194 1877 3251 ejus
1908 3192 2207 3237 determinata

246 3267 423 3301 motum
451 3258 684 3316 proprium
712 3259 895 3311 habere,
923 3268 1106 3317 propter
1129 3273 1266 3316 quem
1294 3259 1374 3301 sibi
1400 3259 1648 3303 substantia
1671 3258 1990 3304 intellectualis
2011 3258 2204 3304 uniatur.

333 3323 597 3369 Praeterea:
625 3325 662 3368 si
685 3325 835 3383 aliqua
863 3325 1111 3369 substantia
1138 3324 1457 3369 intellectualis
1485 3326 1637 3370 unitur
1664 3325 1799 3370 alicui
1825 3325 2008 3386 corpori
2029 3335 2207 3373 natura-

242 3389 358 3444 liter,
383 3391 498 3435 sicut
525 3401 678 3435 motor
700 3392 883 3451 proprio
913 3392 1086 3445 mobili,
1110 3401 1289 3451 oportet
1306 3392 1519 3436 virtutem
1539 3395 1761 3437 motivam
1785 3391 1903 3437 illius
1929 3392 2203 3443 substantiae

241 3455 425 3500 limitari
459 3459 513 3501 ad
547 3473 710 3517 corpus
744 3459 914 3503 mobile
958 3459 1031 3502 cui
1066 3458 1330 3503 naturaliter
1366 3459 1541 3514 unitur3
1576 3474 1684 3504 nam
1726 3458 1975 3517 cujuslibet
2005 3458 2199 3504 motoris

242 3525 410 3583 proprii
434 3525 574 3569 virtus
592 3540 685 3569 non
706 3526 894 3579 excedit,
913 3527 956 3569 in
975 3526 1221 3580 movendo,
1240 3526 1474 3584 proprium
1492 3526 1677 3571 mobile.
1696 3526 1955 3572 Ridiculum
1973 3535 2126 3572 autem
2142 3526 2204 3570 vi·

241 3593 370 3636 detur
398 3592 549 3637 dicere
569 3593 690 3652 quod
707 3594 848 3638 virtus
867 3593 1056 3653 alicujus
1074 3593 1349 3638 substantiae
1366 3593 1685 3639 intellectualis
1708 3607 1802 3638 non
1818 3593 2021 3648 excedat,
2036 3593 2084 3638 in
2107 3606 2203 3651 mar

2320 2144 2332 2172 ἰ’

2325 2173 2332 2193 ῑ

2319 2239 2332 2272 Q.

2324 2273 2332 2301 ,ἢ
