<?xml version="1.0" encoding="UTF-8"?>
<!DOCTYPE html PUBLIC "-//W3C//DTD XHTML 1.0 Transitional//EN"
    "http://www.w3.org/TR/xhtml1/DTD/xhtml1-transitional.dtd">
<html xmlns="http://www.w3.org/1999/xhtml" xml:lang="en" lang="en">
 <head>
  <title>
</title>
<meta http-equiv="Content-Type" content="text/html;charset=utf-8" />
  <meta name='ocr-system' content='tesseract 3.04.00' />
  <meta name='ocr-capabilities' content='ocr_page ocr_carea ocr_par ocr_line ocrx_word'/>
</head>
<body>
  <div class='ocr_page' id='page_1' title='image "./divithomaeaquina00thom_0383.png"; bbox 0 0 2332 3854; ppageno 0'>
   <div class='ocr_carea' id='block_1_1' title="bbox 0 1330 42 3383">
    <p class='ocr_par' dir='ltr' id='par_1_1' title="bbox 0 1330 42 3383">
     <span class='ocr_line' id='line_1_1' title="bbox 0 1330 42 3383; baseline 0 0"><span class='ocrx_word' id='word_1_1' title='bbox 0 1330 42 3383; x_wconf 95' lang='lat' dir='ltr'> </span> 
     </span>
    </p>
   </div>
   <div class='ocr_carea' id='block_1_2' title="bbox 758 250 2090 308">
    <p class='ocr_par' dir='ltr' id='par_1_2' title="bbox 758 250 2090 308">
     <span class='ocr_line' id='line_1_2' title="bbox 758 250 2090 308; baseline 0 -18"><span class='ocrx_word' id='word_1_2' title='bbox 758 253 767 263; x_wconf 87' lang='grc'><strong><em>’</em></strong></span> <span class='ocrx_word' id='word_1_3' title='bbox 831 251 984 291; x_wconf 71' lang='lat' dir='ltr'>Lmen</span> <span class='ocrx_word' id='word_1_4' title='bbox 1023 250 1100 291; x_wconf 90' lang='lat'>111.</span> <span class='ocrx_word' id='word_1_5' title='bbox 1144 251 1262 291; x_wconf 80' lang='lat' dir='ltr'>CAP.</span> <span class='ocrx_word' id='word_1_6' title='bbox 1304 250 1411 290; x_wconf 73' lang='lat' dir='ltr'>Lxx.</span> <span class='ocrx_word' id='word_1_7' title='bbox 1990 253 2090 308; x_wconf 89' lang='lat'>371</span> 
     </span>
    </p>
   </div>
   <div class='ocr_carea' id='block_1_3' title="bbox 142 352 2114 1802">
    <p class='ocr_par' dir='ltr' id='par_1_3' title="bbox 142 352 2103 1012">
     <span class='ocr_line' id='line_1_3' title="bbox 233 352 2098 414; baseline -0.001 -14"><span class='ocrx_word' id='word_1_8' title='bbox 233 354 422 400; x_wconf 88' lang='lat' dir='ltr'>Adhuc:</span> <span class='ocrx_word' id='word_1_9' title='bbox 448 354 488 399; x_wconf 86' lang='lat' dir='ltr'>si</span> <span class='ocrx_word' id='word_1_10' title='bbox 513 353 664 414; x_wconf 86' lang='lat' dir='ltr'>aliqua</span> <span class='ocrx_word' id='word_1_11' title='bbox 689 354 808 399; x_wconf 88' lang='lat' dir='ltr'>actio</span> <span class='ocrx_word' id='word_1_12' title='bbox 841 355 899 399; x_wconf 92' lang='lat' dir='ltr'>sit</span> <span class='ocrx_word' id='word_1_13' title='bbox 928 355 975 399; x_wconf 88' lang='lat' dir='ltr'>in</span> <span class='ocrx_word' id='word_1_14' title='bbox 1007 364 1229 413; x_wconf 89' lang='lat' dir='ltr'>tempore,</span> <span class='ocrx_word' id='word_1_15' title='bbox 1269 354 1362 400; x_wconf 89' lang='lat' dir='ltr'>hoc</span> <span class='ocrx_word' id='word_1_16' title='bbox 1383 353 1479 399; x_wconf 74' lang='lat' dir='ltr'>verit</span> <span class='ocrx_word' id='word_1_17' title='bbox 1515 352 1589 398; x_wconf 88' lang='lat' dir='ltr'>vel</span> <span class='ocrx_word' id='word_1_18' title='bbox 1620 363 1805 412; x_wconf 91' lang='lat' dir='ltr'>propter</span> <span class='ocrx_word' id='word_1_19' title='bbox 1828 354 2098 414; x_wconf 89' lang='lat' dir='ltr'>principium</span> 
     </span>
     <span class='ocr_line' id='line_1_4' title="bbox 145 419 2103 480; baseline -0.001 -12"><span class='ocrx_word' id='word_1_20' title='bbox 145 421 351 476; x_wconf 79' lang='lat' dir='ltr'>actionis,</span> <span class='ocrx_word' id='word_1_21' title='bbox 377 421 500 480; x_wconf 93' lang='lat' dir='ltr'>quod</span> <span class='ocrx_word' id='word_1_22' title='bbox 525 426 593 466; x_wconf 82' lang='lat' dir='ltr'>es&#39;t</span> <span class='ocrx_word' id='word_1_23' title='bbox 616 421 663 465; x_wconf 88' lang='lat' dir='ltr'>in</span> <span class='ocrx_word' id='word_1_24' title='bbox 688 430 911 479; x_wconf 84' lang='lat' dir='ltr'>tempore,</span> <span class='ocrx_word' id='word_1_25' title='bbox 938 421 1053 465; x_wconf 89' lang='lat' dir='ltr'>sicut</span> <span class='ocrx_word' id='word_1_26' title='bbox 1085 421 1287 466; x_wconf 87' lang='lat' dir='ltr'>actiones</span> <span class='ocrx_word' id='word_1_27' title='bbox 1317 434 1470 465; x_wconf 87' lang='lat' dir='ltr'>rerum</span> <span class='ocrx_word' id='word_1_28' title='bbox 1497 419 1771 464; x_wconf 86' lang='lat' dir='ltr'>naturalium</span> <span class='ocrx_word' id='word_1_29' title='bbox 1798 429 1903 464; x_wconf 91' lang='lat' dir='ltr'>sunt</span> <span class='ocrx_word' id='word_1_30' title='bbox 1926 430 2103 480; x_wconf 90' lang='lat' dir='ltr'>tempo-</span> 
     </span>
     <span class='ocr_line' id='line_1_5' title="bbox 143 486 2099 548; baseline -0.001 -16"><span class='ocrx_word' id='word_1_31' title='bbox 143 487 276 542; x_wconf 80' lang='lat' dir='ltr'>rales,</span> <span class='ocrx_word' id='word_1_32' title='bbox 291 488 366 532; x_wconf 88' lang='lat' dir='ltr'>vel</span> <span class='ocrx_word' id='word_1_33' title='bbox 380 497 562 548; x_wconf 89' lang='lat' dir='ltr'>propter</span> <span class='ocrx_word' id='word_1_34' title='bbox 583 487 860 547; x_wconf 82' lang='lat' dir='ltr'>operationis</span> <span class='ocrx_word' id='word_1_35' title='bbox 876 489 1138 542; x_wconf 88' lang='lat' dir='ltr'>terminum,</span> <span class='ocrx_word' id='word_1_36' title='bbox 1155 488 1273 532; x_wconf 91' lang='lat' dir='ltr'>sicut</span> <span class='ocrx_word' id='word_1_37' title='bbox 1293 487 1642 532; x_wconf 87' lang='lat' dir='ltr'>substantiarum</span> <span class='ocrx_word' id='word_1_38' title='bbox 1663 486 1964 545; x_wconf 85' lang='lat' dir='ltr'>spiritualium</span> <span class='ocrx_word' id='word_1_39' title='bbox 1982 501 2099 546; x_wconf 90' lang='lat' dir='ltr'>quae</span> 
     </span>
     <span class='ocr_line' id='line_1_6' title="bbox 142 552 2103 613; baseline -0.001 -13"><span class='ocrx_word' id='word_1_40' title='bbox 142 561 249 600; x_wconf 81' lang='lat' dir='ltr'>sunt</span> <span class='ocrx_word' id='word_1_41' title='bbox 268 569 404 613; x_wconf 88' lang='lat' dir='ltr'>supra</span> <span class='ocrx_word' id='word_1_42' title='bbox 426 565 622 613; x_wconf 89' lang='lat' dir='ltr'>tempus,</span> <span class='ocrx_word' id='word_1_43' title='bbox 647 568 760 613; x_wconf 90' lang='lat' dir='ltr'>quas</span> <span class='ocrx_word' id='word_1_44' title='bbox 786 564 997 599; x_wconf 80' lang='lat' dir='ltr'>exercent</span> <span class='ocrx_word' id='word_1_45' title='bbox 1018 554 1063 598; x_wconf 92' lang='lat' dir='ltr'>in</span> <span class='ocrx_word' id='word_1_46' title='bbox 1090 569 1162 599; x_wconf 90' lang='lat' dir='ltr'>res</span> <span class='ocrx_word' id='word_1_47' title='bbox 1186 554 1384 613; x_wconf 79' lang='lat' dir='ltr'>tempori</span> <span class='ocrx_word' id='word_1_48' title='bbox 1405 553 1619 598; x_wconf 89' lang='lat' dir='ltr'>subditas.</span> <span class='ocrx_word' id='word_1_49' title='bbox 1643 552 1773 598; x_wconf 91' lang='lat' dir='ltr'>Visio</span> <span class='ocrx_word' id='word_1_50' title='bbox 1795 563 1950 598; x_wconf 90' lang='lat' dir='ltr'>autem</span> <span class='ocrx_word' id='word_1_51' title='bbox 1978 568 2103 612; x_wconf 91' lang='lat' dir='ltr'>prae-</span> 
     </span>
     <span class='ocr_line' id='line_1_7' title="bbox 143 620 2100 680; baseline 0 -14"><span class='ocrx_word' id='word_1_52' title='bbox 143 620 262 667; x_wconf 90' lang='lat' dir='ltr'>dicta</span> <span class='ocrx_word' id='word_1_53' title='bbox 288 635 382 666; x_wconf 91' lang='lat' dir='ltr'>non</span> <span class='ocrx_word' id='word_1_54' title='bbox 414 631 482 666; x_wconf 88' lang='lat' dir='ltr'>est</span> <span class='ocrx_word' id='word_1_55' title='bbox 504 622 552 665; x_wconf 92' lang='lat' dir='ltr'>in</span> <span class='ocrx_word' id='word_1_56' title='bbox 571 630 779 680; x_wconf 90' lang='lat' dir='ltr'>tempore</span> <span class='ocrx_word' id='word_1_57' title='bbox 806 634 859 664; x_wconf 85' lang='lat' dir='ltr'>ex</span> <span class='ocrx_word' id='word_1_58' title='bbox 884 631 1011 679; x_wconf 87' lang='lat' dir='ltr'>parte</span> <span class='ocrx_word' id='word_1_59' title='bbox 1037 622 1132 678; x_wconf 90' lang='lat' dir='ltr'>ejus</span> <span class='ocrx_word' id='word_1_60' title='bbox 1158 622 1281 680; x_wconf 91' lang='lat' dir='ltr'>quod</span> <span class='ocrx_word' id='word_1_61' title='bbox 1307 622 1496 674; x_wconf 87' lang='lat' dir='ltr'>videtur,</span> <span class='ocrx_word' id='word_1_62' title='bbox 1524 634 1631 664; x_wconf 91' lang='lat' dir='ltr'>cum</span> <span class='ocrx_word' id='word_1_63' title='bbox 1656 620 1747 665; x_wconf 89' lang='lat' dir='ltr'>hoc</span> <span class='ocrx_word' id='word_1_64' title='bbox 1771 620 1827 664; x_wconf 89' lang='lat' dir='ltr'>sit</span> <span class='ocrx_word' id='word_1_65' title='bbox 1852 620 2100 666; x_wconf 89' lang='lat' dir='ltr'>substantia</span> 
     </span>
     <span class='ocr_line' id='line_1_8' title="bbox 144 687 2100 746; baseline -0.001 -14"><span class='ocrx_word' id='word_1_66' title='bbox 144 697 342 741; x_wconf 87' lang='lat' dir='ltr'>aeterna,</span> <span class='ocrx_word' id='word_1_67' title='bbox 366 702 515 746; x_wconf 87' lang='lat' dir='ltr'>neque</span> <span class='ocrx_word' id='word_1_68' title='bbox 537 701 592 732; x_wconf 80' lang='lat' dir='ltr'>ex</span> <span class='ocrx_word' id='word_1_69' title='bbox 616 698 741 746; x_wconf 87' lang='lat' dir='ltr'>parte</span> <span class='ocrx_word' id='word_1_70' title='bbox 768 687 863 744; x_wconf 90' lang='lat' dir='ltr'>ejus</span> <span class='ocrx_word' id='word_1_71' title='bbox 889 700 980 745; x_wconf 88' lang='lat' dir='ltr'>quo</span> <span class='ocrx_word' id='word_1_72' title='bbox 1006 687 1195 741; x_wconf 87' lang='lat' dir='ltr'>videtur,</span> <span class='ocrx_word' id='word_1_73' title='bbox 1222 688 1346 746; x_wconf 90' lang='lat' dir='ltr'>quod</span> <span class='ocrx_word' id='word_1_74' title='bbox 1373 688 1510 732; x_wconf 88' lang='lat' dir='ltr'>etiam</span> <span class='ocrx_word' id='word_1_75' title='bbox 1537 697 1603 732; x_wconf 89' lang='lat' dir='ltr'>est</span> <span class='ocrx_word' id='word_1_76' title='bbox 1629 687 1879 732; x_wconf 89' lang='lat' dir='ltr'>substantia</span> <span class='ocrx_word' id='word_1_77' title='bbox 1902 697 2100 740; x_wconf 92' lang='lat' dir='ltr'>aeterna,</span> 
     </span>
     <span class='ocr_line' id='line_1_9' title="bbox 142 753 2103 812; baseline 0 -14"><span class='ocrx_word' id='word_1_78' title='bbox 142 768 289 812; x_wconf 90' lang='lat' dir='ltr'>neque</span> <span class='ocrx_word' id='word_1_79' title='bbox 322 754 461 798; x_wconf 87' lang='lat' dir='ltr'>etiam</span> <span class='ocrx_word' id='word_1_80' title='bbox 495 768 548 798; x_wconf 88' lang='lat' dir='ltr'>ex</span> <span class='ocrx_word' id='word_1_81' title='bbox 580 763 705 812; x_wconf 89' lang='lat' dir='ltr'>parte</span> <span class='ocrx_word' id='word_1_82' title='bbox 730 753 936 805; x_wconf 89' lang='lat' dir='ltr'>videntis,</span> <span class='ocrx_word' id='word_1_83' title='bbox 969 754 1090 812; x_wconf 92' lang='lat' dir='ltr'>quod</span> <span class='ocrx_word' id='word_1_84' title='bbox 1123 763 1190 798; x_wconf 90' lang='lat' dir='ltr'>est</span> <span class='ocrx_word' id='word_1_85' title='bbox 1211 754 1482 808; x_wconf 89' lang='lat' dir='ltr'>intellectus,</span> <span class='ocrx_word' id='word_1_86' title='bbox 1506 755 1634 812; x_wconf 74' lang='lat' dir='ltr'>cuius</span> <span class='ocrx_word' id='word_1_87' title='bbox 1660 767 1759 798; x_wconf 91' lang='lat' dir='ltr'>esse</span> <span class='ocrx_word' id='word_1_88' title='bbox 1783 766 1878 799; x_wconf 91' lang='lat' dir='ltr'>non</span> <span class='ocrx_word' id='word_1_89' title='bbox 1898 754 2103 812; x_wconf 90' lang='lat' dir='ltr'>subjacet</span> 
     </span>
     <span class='ocr_line' id='line_1_10' title="bbox 142 819 2103 880; baseline 0.001 -16"><span class='ocrx_word' id='word_1_90' title='bbox 142 819 353 879; x_wconf 85' lang='lat' dir='ltr'>tempori,</span> <span class='ocrx_word' id='word_1_91' title='bbox 385 834 490 864; x_wconf 92' lang='lat' dir='ltr'>cum</span> <span class='ocrx_word' id='word_1_92' title='bbox 521 820 579 865; x_wconf 91' lang='lat' dir='ltr'>sit</span> <span class='ocrx_word' id='word_1_93' title='bbox 602 819 969 878; x_wconf 89' lang='lat' dir='ltr'>incorruptibilis,</span> <span class='ocrx_word' id='word_1_94' title='bbox 996 829 1044 863; x_wconf 90' lang='lat' dir='ltr'>ut</span> <span class='ocrx_word' id='word_1_95' title='bbox 1070 835 1203 879; x_wconf 90' lang='lat' dir='ltr'>supra</span> <span class='ocrx_word' id='word_1_96' title='bbox 1231 821 1350 877; x_wconf 88' lang='lat' dir='ltr'>(Lib.</span> <span class='ocrx_word' id='word_1_97' title='bbox 1377 821 1432 868; x_wconf 89' lang='lat'>11.</span> <span class='ocrx_word' id='word_1_98' title='bbox 1460 835 1498 865; x_wconf 90' lang='lat' dir='ltr'>c.</span> <span class='ocrx_word' id='word_1_99' title='bbox 1528 822 1619 880; x_wconf 84' lang='lat'>79.)</span> <span class='ocrx_word' id='word_1_100' title='bbox 1646 821 1889 880; x_wconf 89' lang='lat' dir='ltr'>probatum</span> <span class='ocrx_word' id='word_1_101' title='bbox 1915 830 1996 865; x_wconf 89' lang='lat' dir='ltr'>est.</span> <span class='ocrx_word' id='word_1_102' title='bbox 2022 820 2103 865; x_wconf 88' lang='lat' dir='ltr'>Est</span> 
     </span>
     <span class='ocr_line' id='line_1_11' title="bbox 142 885 2102 947; baseline 0.001 -17"><span class='ocrx_word' id='word_1_103' title='bbox 142 885 280 944; x_wconf 84' lang='lat' dir='ltr'>igitur</span> <span class='ocrx_word' id='word_1_104' title='bbox 299 886 415 931; x_wconf 89' lang='lat' dir='ltr'>visio</span> <span class='ocrx_word' id='word_1_105' title='bbox 445 886 525 932; x_wconf 91' lang='lat' dir='ltr'>illa</span> <span class='ocrx_word' id='word_1_106' title='bbox 561 887 811 931; x_wconf 91' lang='lat' dir='ltr'>secundum</span> <span class='ocrx_word' id='word_1_107' title='bbox 838 886 1112 931; x_wconf 83' lang='lat' dir='ltr'>aeternitatis</span> <span class='ocrx_word' id='word_1_108' title='bbox 1139 887 1548 947; x_wconf 83' lang='lat' dir='ltr'>participationem,</span> <span class='ocrx_word' id='word_1_109' title='bbox 1575 898 1733 947; x_wconf 90' lang='lat' dir='ltr'>utpote</span> <span class='ocrx_word' id='word_1_110' title='bbox 1760 887 1952 932; x_wconf 91' lang='lat' dir='ltr'>omnino</span> <span class='ocrx_word' id='word_1_111' title='bbox 1978 897 2102 932; x_wconf 85' lang='lat' dir='ltr'>tran·</span> 
     </span>
     <span class='ocr_line' id='line_1_12' title="bbox 143 953 588 1012; baseline 0 -14"><span class='ocrx_word' id='word_1_112' title='bbox 143 953 365 1001; x_wconf 79' lang='lat' dir='ltr'>scendens</span> <span class='ocrx_word' id='word_1_113' title='bbox 396 963 588 1012; x_wconf 90' lang='lat' dir='ltr'>tempus.</span> 
     </span>
    </p>

    <p class='ocr_par' dir='ltr' id='par_1_4' title="bbox 142 993 2104 1666">
     <span class='ocr_line' id='line_1_13' title="bbox 175 993 2103 1097; baseline 0.002 -35"><span class='ocrx_word' id='word_1_114' title='bbox 175 1061 178 1062; x_wconf 10' lang='grc' dir='ltr'><em>γ</em></span> <span class='ocrx_word' id='word_1_115' title='bbox 219 1019 466 1097; x_wconf 88' lang='lat' dir='ltr'>Amplius:</span> <span class='ocrx_word' id='word_1_116' title='bbox 494 1020 646 1064; x_wconf 90' lang='lat' dir='ltr'>anima</span> <span class='ocrx_word' id='word_1_117' title='bbox 671 1018 946 1064; x_wconf 87' lang='lat' dir='ltr'>intellectiva</span> <span class='ocrx_word' id='word_1_118' title='bbox 964 1030 1031 1065; x_wconf 91' lang='lat' dir='ltr'>est</span> <span class='ocrx_word' id='word_1_119' title='bbox 1052 1031 1202 1066; x_wconf 90' lang='lat' dir='ltr'>creata</span> <span class='ocrx_word' id='word_1_120' title='bbox 1224 1022 1270 1065; x_wconf 90' lang='lat' dir='ltr'>in</span> <span class='ocrx_word' id='word_1_121' title='bbox 1288 1021 1488 1066; x_wconf 88' lang='lat' dir='ltr'>confinio</span> <span class='ocrx_word' id='word_1_122' title='bbox 1512 1021 1788 1066; x_wconf 86' lang='lat' dir='ltr'>aeternitatis</span> <span class='ocrx_word' id='word_1_123' title='bbox 1806 1030 1848 1067; x_wconf 91' lang='lat' dir='ltr'>et</span> <span class='ocrx_word' id='word_1_124' title='bbox 1867 993 2103 1080; x_wconf 87' lang='lat' dir='ltr'>temporis,</span> 
     </span>
     <span class='ocr_line' id='line_1_14' title="bbox 144 1087 2102 1148; baseline 0.001 -15"><span class='ocrx_word' id='word_1_125' title='bbox 144 1098 195 1133; x_wconf 88' lang='lat' dir='ltr'>ut</span> <span class='ocrx_word' id='word_1_126' title='bbox 216 1087 264 1132; x_wconf 87' lang='lat' dir='ltr'>in</span> <span class='ocrx_word' id='word_1_127' title='bbox 288 1087 405 1132; x_wconf 87' lang='lat' dir='ltr'>libro</span> <span class='ocrx_word' id='word_1_128' title='bbox 430 1088 502 1132; x_wconf 89' lang='lat' dir='ltr'>De</span> <span class='ocrx_word' id='word_1_129' title='bbox 534 1088 681 1132; x_wconf 90' lang='lat' dir='ltr'>causis</span> <span class='ocrx_word' id='word_1_130' title='bbox 713 1089 916 1146; x_wconf 89' lang='lat' dir='ltr'>(propos.</span> <span class='ocrx_word' id='word_1_131' title='bbox 943 1088 1025 1145; x_wconf 87' lang='grc' dir='ltr'>ΙΙ)</span> <span class='ocrx_word' id='word_1_132' title='bbox 1059 1089 1235 1143; x_wconf 89' lang='lat' dir='ltr'>dicitur,</span> <span class='ocrx_word' id='word_1_133' title='bbox 1262 1099 1306 1133; x_wconf 89' lang='lat' dir='ltr'>et</span> <span class='ocrx_word' id='word_1_134' title='bbox 1331 1103 1385 1134; x_wconf 86' lang='lat' dir='ltr'>ex</span> <span class='ocrx_word' id='word_1_135' title='bbox 1411 1089 1670 1148; x_wconf 86' lang='lat' dir='ltr'>praemissis</span> <span class='ocrx_word' id='word_1_136' title='bbox 1703 1099 1853 1148; x_wconf 91' lang='lat' dir='ltr'>potest</span> <span class='ocrx_word' id='word_1_137' title='bbox 1885 1103 1983 1134; x_wconf 89' lang='lat' dir='ltr'>esse</span> <span class='ocrx_word' id='word_1_138' title='bbox 2010 1102 2102 1134; x_wconf 88' lang='lat' dir='ltr'>ma-</span> 
     </span>
     <span class='ocr_line' id='line_1_15' title="bbox 142 1153 2104 1214; baseline -0.001 -13"><span class='ocrx_word' id='word_1_139' title='bbox 142 1153 372 1208; x_wconf 67' lang='lat' dir='ltr'>niiestum,</span> <span class='ocrx_word' id='word_1_140' title='bbox 391 1156 498 1213; x_wconf 91' lang='lat' dir='ltr'>quia</span> <span class='ocrx_word' id='word_1_141' title='bbox 514 1164 582 1199; x_wconf 89' lang='lat' dir='ltr'>est</span> <span class='ocrx_word' id='word_1_142' title='bbox 607 1154 800 1199; x_wconf 89' lang='lat' dir='ltr'>ultima</span> <span class='ocrx_word' id='word_1_143' title='bbox 789 1169 834 1199; x_wconf 80' lang='lat' dir='ltr'>in</span> <span class='ocrx_word' id='word_1_144' title='bbox 857 1155 1013 1200; x_wconf 90' lang='lat' dir='ltr'>ordine</span> <span class='ocrx_word' id='word_1_145' title='bbox 1035 1155 1373 1210; x_wconf 88' lang='lat' dir='ltr'>intellectuum,</span> <span class='ocrx_word' id='word_1_146' title='bbox 1362 1172 1372 1181; x_wconf 91' lang='lat'><strong>·</strong></span> <span class='ocrx_word' id='word_1_147' title='bbox 1396 1166 1441 1201; x_wconf 90' lang='lat' dir='ltr'>et</span> <span class='ocrx_word' id='word_1_148' title='bbox 1465 1166 1621 1201; x_wconf 91' lang='lat' dir='ltr'>tamen</span> <span class='ocrx_word' id='word_1_149' title='bbox 1643 1157 1738 1214; x_wconf 82' lang='lat' dir='ltr'>ejus</span> <span class='ocrx_word' id='word_1_150' title='bbox 1762 1156 2010 1201; x_wconf 90' lang='lat' dir='ltr'>substantia</span> <span class='ocrx_word' id='word_1_151' title='bbox 2036 1165 2104 1200; x_wconf 78' lang='lat' dir='ltr'>est</span> 
     </span>
     <span class='ocr_line' id='line_1_16' title="bbox 144 1221 2101 1282; baseline -0.001 -14"><span class='ocrx_word' id='word_1_152' title='bbox 144 1221 320 1268; x_wconf 80' lang='lat' dir='ltr'>elevata</span> <span class='ocrx_word' id='word_1_153' title='bbox 345 1235 480 1280; x_wconf 88' lang='lat' dir='ltr'>supra</span> <span class='ocrx_word' id='word_1_154' title='bbox 505 1222 745 1266; x_wconf 89' lang='lat' dir='ltr'>materiam</span> <span class='ocrx_word' id='word_1_155' title='bbox 773 1221 1073 1280; x_wconf 87' lang='lat' dir='ltr'>corporalem,</span> <span class='ocrx_word' id='word_1_156' title='bbox 1099 1237 1194 1267; x_wconf 92' lang='lat' dir='ltr'>non</span> <span class='ocrx_word' id='word_1_157' title='bbox 1227 1223 1486 1282; x_wconf 87' lang='lat' dir='ltr'>dependens</span> <span class='ocrx_word' id='word_1_158' title='bbox 1514 1223 1567 1267; x_wconf 92' lang='lat' dir='ltr'>ab</span> <span class='ocrx_word' id='word_1_159' title='bbox 1599 1223 1711 1282; x_wconf 89' lang='lat' dir='ltr'>ipsa.</span> <span class='ocrx_word' id='word_1_160' title='bbox 1737 1223 1827 1268; x_wconf 92' lang='lat' dir='ltr'>Sed</span> <span class='ocrx_word' id='word_1_161' title='bbox 1854 1223 1974 1268; x_wconf 81' lang='lat' dir='ltr'>actio</span> <span class='ocrx_word' id='word_1_162' title='bbox 1990 1223 2101 1281; x_wconf 87' lang='lat' dir='ltr'>ejus,</span> 
     </span>
     <span class='ocr_line' id='line_1_17' title="bbox 142 1287 2101 1364; baseline 0.001 -31"><span class='ocrx_word' id='word_1_163' title='bbox 142 1287 395 1333; x_wconf 81' lang='lat' dir='ltr'>secundum</span> <span class='ocrx_word' id='word_1_164' title='bbox 426 1301 565 1364; x_wconf 80' lang='lat' dir='ltr'>quam</span> <span class='ocrx_word' id='word_1_165' title='bbox 591 1287 881 1364; x_wconf 84' lang='lat' dir='ltr'>conjungitur</span> <span class='ocrx_word' id='word_1_166' title='bbox 907 1287 1192 1334; x_wconf 87' lang='lat' dir='ltr'>inferioribus</span> <span class='ocrx_word' id='word_1_167' title='bbox 1225 1304 1340 1348; x_wconf 89' lang='lat' dir='ltr'>quae</span> <span class='ocrx_word' id='word_1_168' title='bbox 1373 1300 1476 1335; x_wconf 89' lang='lat' dir='ltr'>sunt</span> <span class='ocrx_word' id='word_1_169' title='bbox 1506 1290 1552 1333; x_wconf 87' lang='lat' dir='ltr'>iu</span> <span class='ocrx_word' id='word_1_170' title='bbox 1585 1299 1809 1348; x_wconf 87' lang='lat' dir='ltr'>tempore,</span> <span class='ocrx_word' id='word_1_171' title='bbox 1836 1299 1902 1335; x_wconf 87' lang='lat' dir='ltr'>est</span> <span class='ocrx_word' id='word_1_172' title='bbox 1927 1299 2101 1355; x_wconf 86' lang='lat' dir='ltr'>tempo·</span> 
     </span>
     <span class='ocr_line' id='line_1_18' title="bbox 142 1353 2103 1433; baseline 0.001 -35"><span class='ocrx_word' id='word_1_173' title='bbox 142 1353 262 1401; x_wconf 78' lang='lat' dir='ltr'>ralis.</span> <span class='ocrx_word' id='word_1_174' title='bbox 294 1353 418 1413; x_wconf 85' lang='lat' dir='ltr'>Ergo</span> <span class='ocrx_word' id='word_1_175' title='bbox 451 1354 570 1399; x_wconf 87' lang='lat' dir='ltr'>actio</span> <span class='ocrx_word' id='word_1_176' title='bbox 607 1356 703 1413; x_wconf 85' lang='lat' dir='ltr'>ejus</span> <span class='ocrx_word' id='word_1_177' title='bbox 742 1355 994 1400; x_wconf 89' lang='lat' dir='ltr'>secundum</span> <span class='ocrx_word' id='word_1_178' title='bbox 1019 1370 1157 1413; x_wconf 86' lang='lat' dir='ltr'>quam</span> <span class='ocrx_word' id='word_1_179' title='bbox 1185 1357 1475 1415; x_wconf 85' lang='lat' dir='ltr'>conjungitur</span> <span class='ocrx_word' id='word_1_180' title='bbox 1507 1357 1814 1433; x_wconf 82' lang='lat' dir='ltr'>superioribus</span> <span class='ocrx_word' id='word_1_181' title='bbox 1850 1371 1967 1416; x_wconf 88' lang='lat' dir='ltr'>quae</span> <span class='ocrx_word' id='word_1_182' title='bbox 1998 1366 2103 1401; x_wconf 88' lang='lat' dir='ltr'>sunt</span> 
     </span>
     <span class='ocr_line' id='line_1_19' title="bbox 142 1422 2103 1482; baseline 0.001 -17"><span class='ocrx_word' id='word_1_183' title='bbox 142 1434 277 1480; x_wconf 87' lang='lat' dir='ltr'>supra</span> <span class='ocrx_word' id='word_1_184' title='bbox 307 1430 503 1480; x_wconf 88' lang='lat' dir='ltr'>tempus,</span> <span class='ocrx_word' id='word_1_185' title='bbox 540 1422 853 1467; x_wconf 90' lang='lat' dir='ltr'>aeternitatem</span> <span class='ocrx_word' id='word_1_186' title='bbox 886 1423 1137 1481; x_wconf 90' lang='lat' dir='ltr'>participat</span> <span class='ocrx_word' id='word_1_187' title='bbox 1176 1422 1304 1468; x_wconf 90' lang='lat' dir='ltr'>Talis</span> <span class='ocrx_word' id='word_1_188' title='bbox 1341 1434 1494 1469; x_wconf 90' lang='lat' dir='ltr'>autem</span> <span class='ocrx_word' id='word_1_189' title='bbox 1530 1434 1598 1468; x_wconf 89' lang='lat' dir='ltr'>est</span> <span class='ocrx_word' id='word_1_190' title='bbox 1634 1424 1833 1469; x_wconf 80' lang='lat' dir='ltr'>maxime</span> <span class='ocrx_word' id='word_1_191' title='bbox 1863 1423 1979 1468; x_wconf 88' lang='lat' dir='ltr'>visio</span> <span class='ocrx_word' id='word_1_192' title='bbox 2013 1438 2103 1482; x_wconf 89' lang='lat' dir='ltr'>qua</span> 
     </span>
     <span class='ocr_line' id='line_1_20' title="bbox 143 1486 2103 1550; baseline -0.001 -15"><span class='ocrx_word' id='word_1_193' title='bbox 143 1486 345 1535; x_wconf 86' lang='lat' dir='ltr'>divinam</span> <span class='ocrx_word' id='word_1_194' title='bbox 369 1487 667 1533; x_wconf 85' lang='lat' dir='ltr'>substantiam</span> <span class='ocrx_word' id='word_1_195' title='bbox 691 1489 826 1534; x_wconf 83' lang='lat' dir='ltr'>videt.</span> <span class='ocrx_word' id='word_1_196' title='bbox 860 1489 982 1547; x_wconf 87' lang='lat' dir='ltr'>Ergo</span> <span class='ocrx_word' id='word_1_197' title='bbox 1014 1503 1093 1547; x_wconf 88' lang='lat' dir='ltr'>per</span> <span class='ocrx_word' id='word_1_198' title='bbox 1124 1490 1389 1548; x_wconf 86' lang='lat' dir='ltr'>hujusmodi</span> <span class='ocrx_word' id='word_1_199' title='bbox 1419 1490 1647 1535; x_wconf 86' lang='lat' dir='ltr'>visionem</span> <span class='ocrx_word' id='word_1_200' title='bbox 1678 1491 1724 1534; x_wconf 91' lang='lat' dir='ltr'>in</span> <span class='ocrx_word' id='word_1_201' title='bbox 1757 1490 2103 1550; x_wconf 86' lang='lat' dir='ltr'>participatione</span> 
     </span>
     <span class='ocr_line' id='line_1_21' title="bbox 144 1554 2101 1615; baseline 0.002 -17"><span class='ocrx_word' id='word_1_202' title='bbox 144 1554 423 1599; x_wconf 87' lang='lat' dir='ltr'>aeternitatis</span> <span class='ocrx_word' id='word_1_203' title='bbox 448 1554 509 1608; x_wconf 88' lang='lat' dir='ltr'>fit,</span> <span class='ocrx_word' id='word_1_204' title='bbox 537 1565 583 1599; x_wconf 91' lang='lat' dir='ltr'>et</span> <span class='ocrx_word' id='word_1_205' title='bbox 607 1555 768 1600; x_wconf 89' lang='lat' dir='ltr'>eadem</span> <span class='ocrx_word' id='word_1_206' title='bbox 799 1556 974 1599; x_wconf 87' lang='lat' dir='ltr'>ratione</span> <span class='ocrx_word' id='word_1_207' title='bbox 1006 1557 1282 1615; x_wconf 89' lang='lat' dir='ltr'>quicumque</span> <span class='ocrx_word' id='word_1_208' title='bbox 1315 1556 1428 1601; x_wconf 89' lang='lat' dir='ltr'>alius</span> <span class='ocrx_word' id='word_1_209' title='bbox 1455 1556 1712 1602; x_wconf 89' lang='lat' dir='ltr'>intellectus</span> <span class='ocrx_word' id='word_1_210' title='bbox 1740 1567 1917 1603; x_wconf 89' lang='lat' dir='ltr'>creatus</span> <span class='ocrx_word' id='word_1_211' title='bbox 1948 1558 2101 1602; x_wconf 90' lang='lat' dir='ltr'>Deum</span> 
     </span>
     <span class='ocr_line' id='line_1_22' title="bbox 143 1620 279 1666; baseline 0.007 -2"><span class='ocrx_word' id='word_1_212' title='bbox 143 1620 279 1666; x_wconf 89' lang='lat' dir='ltr'>videt.</span> 
     </span>
    </p>

    <p class='ocr_par' dir='ltr' id='par_1_5' title="bbox 143 1687 2114 1802">
     <span class='ocr_line' id='line_1_23' title="bbox 233 1687 2114 1749; baseline 0.002 -17"><span class='ocrx_word' id='word_1_213' title='bbox 233 1687 352 1735; x_wconf 86' lang='lat' dir='ltr'>Hinc</span> <span class='ocrx_word' id='word_1_214' title='bbox 377 1698 445 1733; x_wconf 88' lang='lat' dir='ltr'>est</span> <span class='ocrx_word' id='word_1_215' title='bbox 465 1688 588 1747; x_wconf 91' lang='lat' dir='ltr'>quod</span> <span class='ocrx_word' id='word_1_216' title='bbox 610 1688 838 1734; x_wconf 89' lang='lat' dir='ltr'>Dominus</span> <span class='ocrx_word' id='word_1_217' title='bbox 860 1689 968 1734; x_wconf 91' lang='lat' dir='ltr'>dicit</span> <span class='ocrx_word' id='word_1_218' title='bbox 989 1689 1079 1747; x_wconf 92' lang='lat' dir='ltr'>(Jo.</span> <span class='ocrx_word' id='word_1_219' title='bbox 1097 1689 1243 1735; x_wconf 90' lang='lat' dir='ltr'>XVII.</span> <span class='ocrx_word' id='word_1_220' title='bbox 1267 1691 1345 1747; x_wconf 81' lang='lat'>3.):</span> <span class='ocrx_word' id='word_1_221' title='bbox 1364 1691 1481 1735; x_wconf 82' lang='lat' dir='ltr'>Haec</span> <span class='ocrx_word' id='word_1_222' title='bbox 1503 1697 1559 1736; x_wconf 79' lang='lat' dir='ltr'>est</span> <span class='ocrx_word' id='word_1_223' title='bbox 1579 1692 1671 1736; x_wconf 87' lang='lat' dir='ltr'>vita</span> <span class='ocrx_word' id='word_1_224' title='bbox 1698 1697 1866 1736; x_wconf 80' lang='lat' dir='ltr'>aeterna</span> <span class='ocrx_word' id='word_1_225' title='bbox 1892 1697 1937 1735; x_wconf 87' lang='lat' dir='ltr'>ut</span> <span class='ocrx_word' id='word_1_226' title='bbox 1959 1705 2114 1749; x_wconf 64' lang='lat' dir='ltr'>cogno·&gt;</span> 
     </span>
     <span class='ocr_line' id='line_1_24' title="bbox 143 1755 819 1802; baseline 0.003 -3"><span class='ocrx_word' id='word_1_227' title='bbox 143 1760 260 1800; x_wconf 79' lang='lat' dir='ltr'>scant</span> <span class='ocrx_word' id='word_1_228' title='bbox 280 1760 317 1800; x_wconf 76' lang='lat' dir='ltr'>te</span> <span class='ocrx_word' id='word_1_229' title='bbox 339 1755 472 1800; x_wconf 90' lang='lat' dir='ltr'>solum</span> <span class='ocrx_word' id='word_1_230' title='bbox 497 1756 637 1801; x_wconf 81' lang='lat' dir='ltr'>Deum</span> <span class='ocrx_word' id='word_1_231' title='bbox 658 1770 819 1802; x_wconf 84' lang='lat' dir='ltr'>verum.</span> 
     </span>
    </p>
   </div>
   <div class='ocr_carea' id='block_1_4' title="bbox 311 2016 1934 2094">
    <p class='ocr_par' dir='ltr' id='par_1_6' title="bbox 311 2016 1934 2094">
     <span class='ocr_line' id='line_1_25' title="bbox 311 2016 1934 2094; baseline -0.001 -8"><span class='ocrx_word' id='word_1_232' title='bbox 311 2047 472 2094; x_wconf 85' lang='lat' dir='ltr'><strong>QUOD</strong></span> <span class='ocrx_word' id='word_1_233' title='bbox 512 2047 784 2086; x_wconf 87' lang='lat' dir='ltr'>VIDENTES</span> <span class='ocrx_word' id='word_1_234' title='bbox 826 2044 981 2085; x_wconf 86' lang='lat' dir='ltr'>DEUM</span> <span class='ocrx_word' id='word_1_235' title='bbox 1021 2047 1077 2087; x_wconf 91' lang='lat' dir='ltr'>IN</span> <span class='ocrx_word' id='word_1_236' title='bbox 1118 2047 1444 2086; x_wconf 90' lang='lat' dir='ltr'><strong>PERPETUUM</strong></span> <span class='ocrx_word' id='word_1_237' title='bbox 1482 2047 1597 2085; x_wconf 90' lang='lat' dir='ltr'>EUM</span> <span class='ocrx_word' id='word_1_238' title='bbox 1636 2016 1934 2086; x_wconf 63' lang='lat' dir='ltr'><strong>VIDEBUNT.</strong></span> 
     </span>
    </p>
   </div>
   <div class='ocr_carea' id='block_1_5' title="bbox 140 2155 2110 3685">
    <p class='ocr_par' dir='ltr' id='par_1_7' title="bbox 140 2155 2107 2552">
     <span class='ocr_line' id='line_1_26' title="bbox 232 2155 2103 2216; baseline -0.001 -14"><span class='ocrx_word' id='word_1_239' title='bbox 232 2158 297 2202; x_wconf 80' lang='lat' dir='ltr'>Ex</span> <span class='ocrx_word' id='word_1_240' title='bbox 321 2156 413 2202; x_wconf 90' lang='lat' dir='ltr'>hoc</span> <span class='ocrx_word' id='word_1_241' title='bbox 437 2167 590 2201; x_wconf 87' lang='lat' dir='ltr'>autem</span> <span class='ocrx_word' id='word_1_242' title='bbox 616 2166 803 2216; x_wconf 90' lang='lat' dir='ltr'>apparet</span> <span class='ocrx_word' id='word_1_243' title='bbox 823 2157 945 2215; x_wconf 88' lang='lat' dir='ltr'>quod</span> <span class='ocrx_word' id='word_1_244' title='bbox 967 2156 1034 2200; x_wconf 90' lang='lat' dir='ltr'>illi</span> <span class='ocrx_word' id='word_1_245' title='bbox 1066 2157 1143 2215; x_wconf 91' lang='lat' dir='ltr'>qui</span> <span class='ocrx_word' id='word_1_246' title='bbox 1168 2156 1378 2201; x_wconf 89' lang='lat' dir='ltr'>ultimam</span> <span class='ocrx_word' id='word_1_247' title='bbox 1400 2155 1664 2201; x_wconf 89' lang='lat' dir='ltr'>felicitatem</span> <span class='ocrx_word' id='word_1_248' title='bbox 1691 2166 2031 2215; x_wconf 90' lang='lat' dir='ltr'>consequuntur</span> <span class='ocrx_word' id='word_1_249' title='bbox 2049 2170 2103 2200; x_wconf 87' lang='lat' dir='ltr'>ex</span> 
     </span>
     <span class='ocr_line' id='line_1_27' title="bbox 142 2223 2107 2283; baseline -0.001 -13"><span class='ocrx_word' id='word_1_250' title='bbox 142 2225 317 2270; x_wconf 87' lang='lat' dir='ltr'>visione</span> <span class='ocrx_word' id='word_1_251' title='bbox 342 2223 494 2268; x_wconf 88' lang='lat' dir='ltr'>divina</span> <span class='ocrx_word' id='word_1_252' title='bbox 515 2238 748 2283; x_wconf 91' lang='lat' dir='ltr'>nunquam</span> <span class='ocrx_word' id='word_1_253' title='bbox 769 2223 822 2269; x_wconf 90' lang='lat' dir='ltr'>ab</span> <span class='ocrx_word' id='word_1_254' title='bbox 838 2223 917 2267; x_wconf 91' lang='lat' dir='ltr'>illa</span> <span class='ocrx_word' id='word_1_255' title='bbox 935 2223 1157 2268; x_wconf 88' lang='lat' dir='ltr'>decident.</span> <span class='ocrx_word' id='word_1_256' title='bbox 1187 2223 1342 2269; x_wconf 91' lang='lat' dir='ltr'>Omne</span> <span class='ocrx_word' id='word_1_257' title='bbox 1369 2224 1492 2268; x_wconf 90' lang='lat' dir='ltr'>enim</span> <span class='ocrx_word' id='word_1_258' title='bbox 1519 2225 1641 2283; x_wconf 93' lang='lat' dir='ltr'>quod</span> <span class='ocrx_word' id='word_1_259' title='bbox 1664 2224 1938 2283; x_wconf 87' lang='lat' dir='ltr'>quandoque</span> <span class='ocrx_word' id='word_1_260' title='bbox 1956 2234 2039 2278; x_wconf 90' lang='lat' dir='ltr'>est,</span> <span class='ocrx_word' id='word_1_261' title='bbox 2063 2233 2107 2267; x_wconf 94' lang='lat' dir='ltr'>et</span> 
     </span>
     <span class='ocr_line' id='line_1_28' title="bbox 142 2290 2105 2352; baseline -0.002 -15"><span class='ocrx_word' id='word_1_262' title='bbox 142 2292 416 2352; x_wconf 80' lang='lat' dir='ltr'>quandoque</span> <span class='ocrx_word' id='word_1_263' title='bbox 427 2304 522 2336; x_wconf 89' lang='lat' dir='ltr'>non</span> <span class='ocrx_word' id='word_1_264' title='bbox 533 2300 614 2344; x_wconf 89' lang='lat' dir='ltr'>est,</span> <span class='ocrx_word' id='word_1_265' title='bbox 631 2300 839 2349; x_wconf 89' lang='lat' dir='ltr'>tempore</span> <span class='ocrx_word' id='word_1_266' title='bbox 856 2300 1156 2343; x_wconf 88' lang='lat' dir='ltr'>mensuratur,</span> <span class='ocrx_word' id='word_1_267' title='bbox 1170 2299 1217 2334; x_wconf 92' lang='lat' dir='ltr'>ut</span> <span class='ocrx_word' id='word_1_268' title='bbox 1230 2301 1352 2349; x_wconf 89' lang='lat' dir='ltr'>patet</span> <span class='ocrx_word' id='word_1_269' title='bbox 1367 2290 1414 2334; x_wconf 90' lang='lat' dir='ltr'>in</span> <span class='ocrx_word' id='word_1_270' title='bbox 1427 2301 1588 2349; x_wconf 87' lang='lat' dir='ltr'>quarto</span> <span class='ocrx_word' id='word_1_271' title='bbox 1601 2290 1838 2350; x_wconf 88' lang='lat' dir='ltr'>Physicor.</span> <span class='ocrx_word' id='word_1_272' title='bbox 1853 2292 1905 2348; x_wconf 92' lang='lat' dir='ltr'>(t.</span> <span class='ocrx_word' id='word_1_273' title='bbox 1919 2291 2105 2348; x_wconf 33' lang='lat' dir='ltr'>c.⁴117.).</span> 
     </span>
     <span class='ocr_line' id='line_1_29' title="bbox 140 2356 2105 2416; baseline -0.001 -13"><span class='ocrx_word' id='word_1_274' title='bbox 140 2357 271 2404; x_wconf 56' lang='lat' dir='ltr'>visio</span> <span class='ocrx_word' id='word_1_275' title='bbox 298 2367 452 2403; x_wconf 88' lang='lat' dir='ltr'>autem</span> <span class='ocrx_word' id='word_1_276' title='bbox 478 2357 721 2416; x_wconf 84' lang='lat' dir='ltr'>praedicta,</span> <span class='ocrx_word' id='word_1_277' title='bbox 748 2371 865 2416; x_wconf 88' lang='lat' dir='ltr'>quae</span> <span class='ocrx_word' id='word_1_278' title='bbox 891 2356 1223 2402; x_wconf 88' lang='lat' dir='ltr'>intellectuales</span> <span class='ocrx_word' id='word_1_279' title='bbox 1251 2365 1478 2402; x_wconf 90' lang='lat' dir='ltr'>creaturas</span> <span class='ocrx_word' id='word_1_280' title='bbox 1504 2357 1660 2402; x_wconf 89' lang='lat' dir='ltr'>beatas</span> <span class='ocrx_word' id='word_1_281' title='bbox 1691 2356 1814 2411; x_wconf 90' lang='lat' dir='ltr'>facit,</span> <span class='ocrx_word' id='word_1_282' title='bbox 1839 2372 1934 2402; x_wconf 91' lang='lat' dir='ltr'>non</span> <span class='ocrx_word' id='word_1_283' title='bbox 1967 2367 2035 2402; x_wconf 87' lang='lat' dir='ltr'>est</span> <span class='ocrx_word' id='word_1_284' title='bbox 2059 2360 2105 2401; x_wconf 87' lang='lat' dir='ltr'>in</span> 
     </span>
     <span class='ocr_line' id='line_1_30' title="bbox 143 2423 2106 2485; baseline -0.001 -16"><span class='ocrx_word' id='word_1_285' title='bbox 143 2435 365 2485; x_wconf 90' lang='lat' dir='ltr'>tempore,</span> <span class='ocrx_word' id='word_1_286' title='bbox 391 2424 470 2469; x_wconf 91' lang='lat' dir='ltr'>sed</span> <span class='ocrx_word' id='word_1_287' title='bbox 496 2425 540 2468; x_wconf 92' lang='lat' dir='ltr'>in</span> <span class='ocrx_word' id='word_1_288' title='bbox 570 2425 848 2477; x_wconf 78' lang='lat' dir='ltr'>aeternitate.</span> <span class='ocrx_word' id='word_1_289' title='bbox 875 2423 1163 2483; x_wconf 89' lang='lat' dir='ltr'>Impossibile</span> <span class='ocrx_word' id='word_1_290' title='bbox 1182 2433 1250 2468; x_wconf 89' lang='lat' dir='ltr'>est</span> <span class='ocrx_word' id='word_1_291' title='bbox 1275 2438 1385 2482; x_wconf 87' lang='lat' dir='ltr'>ergo</span> <span class='ocrx_word' id='word_1_292' title='bbox 1404 2424 1525 2483; x_wconf 91' lang='lat' dir='ltr'>quod</span> <span class='ocrx_word' id='word_1_293' title='bbox 1552 2438 1607 2468; x_wconf 81' lang='lat' dir='ltr'>ex</span> <span class='ocrx_word' id='word_1_294' title='bbox 1624 2438 1715 2483; x_wconf 91' lang='lat' dir='ltr'>quo</span> <span class='ocrx_word' id='word_1_295' title='bbox 1742 2423 1862 2469; x_wconf 90' lang='lat' dir='ltr'>illius</span> <span class='ocrx_word' id='word_1_296' title='bbox 1883 2424 2106 2483; x_wconf 87' lang='lat' dir='ltr'>particeps</span> 
     </span>
     <span class='ocr_line' id='line_1_31' title="bbox 143 2491 798 2552; baseline -0.006 -14"><span class='ocrx_word' id='word_1_297' title='bbox 143 2491 306 2552; x_wconf 76' lang='lat' dir='ltr'>aliquis</span> <span class='ocrx_word' id='word_1_298' title='bbox 336 2491 400 2546; x_wconf 78' lang='lat' dir='ltr'>fit,</span> <span class='ocrx_word' id='word_1_299' title='bbox 422 2491 572 2550; x_wconf 89' lang='lat' dir='ltr'>ipsam</span> <span class='ocrx_word' id='word_1_300' title='bbox 607 2491 798 2535; x_wconf 90' lang='lat' dir='ltr'>amittat.</span> 
     </span>
    </p>

    <p class='ocr_par' dir='ltr' id='par_1_8' title="bbox 143 2555 2109 2953">
     <span class='ocr_line' id='line_1_32' title="bbox 231 2555 2108 2617; baseline -0.003 -12"><span class='ocrx_word' id='word_1_301' title='bbox 231 2559 423 2605; x_wconf 86' lang='lat' dir='ltr'>Adhuc:</span> <span class='ocrx_word' id='word_1_302' title='bbox 443 2568 648 2603; x_wconf 88' lang='lat' dir='ltr'>creatura</span> <span class='ocrx_word' id='word_1_303' title='bbox 664 2557 982 2604; x_wconf 88' lang='lat' dir='ltr'>intellectualis</span> <span class='ocrx_word' id='word_1_304' title='bbox 1005 2572 1098 2602; x_wconf 91' lang='lat' dir='ltr'>non</span> <span class='ocrx_word' id='word_1_305' title='bbox 1122 2558 1325 2617; x_wconf 88' lang='lat' dir='ltr'>pervenit</span> <span class='ocrx_word' id='word_1_306' title='bbox 1344 2558 1398 2601; x_wconf 90' lang='lat' dir='ltr'>ad</span> <span class='ocrx_word' id='word_1_307' title='bbox 1417 2557 1630 2602; x_wconf 91' lang='lat' dir='ltr'>ultimum</span> <span class='ocrx_word' id='word_1_308' title='bbox 1648 2558 1801 2612; x_wconf 88' lang='lat' dir='ltr'>finem,</span> <span class='ocrx_word' id='word_1_309' title='bbox 1820 2557 1908 2602; x_wconf 88' lang='lat' dir='ltr'>nisi</span> <span class='ocrx_word' id='word_1_310' title='bbox 1925 2555 2108 2616; x_wconf 88' lang='lat' dir='ltr'>quando</span> 
     </span>
     <span class='ocr_line' id='line_1_33' title="bbox 145 2623 2108 2685; baseline -0.002 -14"><span class='ocrx_word' id='word_1_311' title='bbox 145 2627 240 2685; x_wconf 83' lang='lat' dir='ltr'>ejus</span> <span class='ocrx_word' id='word_1_312' title='bbox 261 2625 466 2671; x_wconf 83' lang='lat' dir='ltr'>naturale</span> <span class='ocrx_word' id='word_1_313' title='bbox 492 2625 767 2670; x_wconf 88' lang='lat' dir='ltr'>desiderium</span> <span class='ocrx_word' id='word_1_314' title='bbox 784 2625 1022 2684; x_wconf 87' lang='lat' dir='ltr'>quietatur.</span> <span class='ocrx_word' id='word_1_315' title='bbox 1052 2625 1180 2669; x_wconf 91' lang='lat' dir='ltr'>Sicut</span> <span class='ocrx_word' id='word_1_316' title='bbox 1205 2635 1358 2670; x_wconf 88' lang='lat' dir='ltr'>autem</span> <span class='ocrx_word' id='word_1_317' title='bbox 1384 2625 1650 2669; x_wconf 89' lang='lat' dir='ltr'>naturaliter</span> <span class='ocrx_word' id='word_1_318' title='bbox 1672 2625 1895 2669; x_wconf 90' lang='lat' dir='ltr'>desiderat</span> <span class='ocrx_word' id='word_1_319' title='bbox 1917 2623 2108 2669; x_wconf 90' lang='lat' dir='ltr'>felicita·</span> 
     </span>
     <span class='ocr_line' id='line_1_34' title="bbox 143 2689 2107 2750; baseline -0.002 -12"><span class='ocrx_word' id='word_1_320' title='bbox 143 2703 255 2747; x_wconf 87' lang='lat' dir='ltr'>tem,</span> <span class='ocrx_word' id='word_1_321' title='bbox 274 2693 338 2737; x_wconf 88' lang='lat' dir='ltr'>ita</span> <span class='ocrx_word' id='word_1_322' title='bbox 362 2692 626 2737; x_wconf 86' lang='lat' dir='ltr'>naturaliter</span> <span class='ocrx_word' id='word_1_323' title='bbox 651 2691 878 2742; x_wconf 85' lang='lat' dir='ltr'>desiderat</span> <span class='ocrx_word' id='word_1_324' title='bbox 901 2689 1129 2736; x_wconf 88' lang='lat' dir='ltr'>felicitatis</span> <span class='ocrx_word' id='word_1_325' title='bbox 1151 2691 1511 2750; x_wconf 88' lang='lat' dir='ltr'>perpetuitatem.</span> <span class='ocrx_word' id='word_1_326' title='bbox 1542 2691 1664 2736; x_wconf 91' lang='lat' dir='ltr'>Cum</span> <span class='ocrx_word' id='word_1_327' title='bbox 1682 2691 1806 2735; x_wconf 90' lang='lat' dir='ltr'>enim</span> <span class='ocrx_word' id='word_1_328' title='bbox 1832 2691 1878 2734; x_wconf 92' lang='lat' dir='ltr'>in</span> <span class='ocrx_word' id='word_1_329' title='bbox 1901 2705 1982 2735; x_wconf 84' lang='lat' dir='ltr'>sua</span> <span class='ocrx_word' id='word_1_330' title='bbox 2004 2691 2107 2735; x_wconf 91' lang='lat' dir='ltr'>sub-</span> 
     </span>
     <span class='ocr_line' id='line_1_35' title="bbox 144 2757 2109 2818; baseline -0.002 -13"><span class='ocrx_word' id='word_1_331' title='bbox 144 2760 306 2804; x_wconf 89' lang='lat' dir='ltr'>stantia</span> <span class='ocrx_word' id='word_1_332' title='bbox 333 2759 391 2805; x_wconf 88' lang='lat' dir='ltr'>sit</span> <span class='ocrx_word' id='word_1_333' title='bbox 413 2768 645 2818; x_wconf 89' lang='lat' dir='ltr'>perpetua,</span> <span class='ocrx_word' id='word_1_334' title='bbox 671 2758 782 2802; x_wconf 89' lang='lat' dir='ltr'>illud</span> <span class='ocrx_word' id='word_1_335' title='bbox 815 2757 937 2817; x_wconf 91' lang='lat' dir='ltr'>quod</span> <span class='ocrx_word' id='word_1_336' title='bbox 970 2768 1152 2817; x_wconf 89' lang='lat' dir='ltr'>propter</span> <span class='ocrx_word' id='word_1_337' title='bbox 1188 2771 1236 2802; x_wconf 90' lang='lat' dir='ltr'>se</span> <span class='ocrx_word' id='word_1_338' title='bbox 1273 2757 1510 2811; x_wconf 87' lang='lat' dir='ltr'>desiderat,</span> <span class='ocrx_word' id='word_1_339' title='bbox 1548 2768 1592 2802; x_wconf 90' lang='lat' dir='ltr'>et</span> <span class='ocrx_word' id='word_1_340' title='bbox 1625 2772 1719 2802; x_wconf 90' lang='lat' dir='ltr'>non</span> <span class='ocrx_word' id='word_1_341' title='bbox 1755 2767 1939 2817; x_wconf 86' lang='lat' dir='ltr'>propter</span> <span class='ocrx_word' id='word_1_342' title='bbox 1971 2757 2109 2812; x_wconf 90' lang='lat' dir='ltr'>aliud,</span> 
     </span>
     <span class='ocr_line' id='line_1_36' title="bbox 145 2823 2108 2884; baseline -0.001 -14"><span class='ocrx_word' id='word_1_343' title='bbox 145 2826 371 2872; x_wconf 84' lang='lat' dir='ltr'>desiderat</span> <span class='ocrx_word' id='word_1_344' title='bbox 395 2835 445 2870; x_wconf 91' lang='lat' dir='ltr'>ut</span> <span class='ocrx_word' id='word_1_345' title='bbox 469 2839 650 2884; x_wconf 87' lang='lat' dir='ltr'>semper</span> <span class='ocrx_word' id='word_1_346' title='bbox 675 2825 950 2870; x_wconf 88' lang='lat' dir='ltr'>habendum.</span> <span class='ocrx_word' id='word_1_347' title='bbox 983 2824 1091 2869; x_wconf 91' lang='lat' dir='ltr'>Non</span> <span class='ocrx_word' id='word_1_348' title='bbox 1117 2824 1254 2883; x_wconf 89' lang='lat' dir='ltr'>igitur</span> <span class='ocrx_word' id='word_1_349' title='bbox 1287 2834 1405 2869; x_wconf 90' lang='lat' dir='ltr'>esset</span> <span class='ocrx_word' id='word_1_350' title='bbox 1434 2823 1627 2869; x_wconf 85' lang='lat' dir='ltr'>felicitas</span> <span class='ocrx_word' id='word_1_351' title='bbox 1661 2823 1847 2869; x_wconf 86' lang='lat' dir='ltr'>ultimus</span> <span class='ocrx_word' id='word_1_352' title='bbox 1879 2824 1994 2879; x_wconf 78' lang='lat' dir='ltr'>finis,</span> <span class='ocrx_word' id='word_1_353' title='bbox 2021 2824 2108 2869; x_wconf 88' lang='lat' dir='ltr'>nisi</span> 
     </span>
     <span class='ocr_line' id='line_1_37' title="bbox 145 2902 696 2953; baseline -0.004 -15"><span class='ocrx_word' id='word_1_354' title='bbox 145 2902 367 2953; x_wconf 87' lang='lat' dir='ltr'>perpetuo</span> <span class='ocrx_word' id='word_1_355' title='bbox 395 2903 696 2951; x_wconf 85' lang='lat' dir='ltr'>permaneret.</span> 
     </span>
    </p>

    <p class='ocr_par' dir='ltr' id='par_1_9' title="bbox 145 2957 2110 3617">
     <span class='ocr_line' id='line_1_38' title="bbox 235 2957 2107 3018; baseline 0 -15"><span class='ocrx_word' id='word_1_356' title='bbox 235 2958 472 3018; x_wconf 86' lang='lat' dir='ltr'>Amplius:</span> <span class='ocrx_word' id='word_1_357' title='bbox 499 2971 638 3003; x_wconf 90' lang='lat' dir='ltr'>omne</span> <span class='ocrx_word' id='word_1_358' title='bbox 663 2957 775 3002; x_wconf 90' lang='lat' dir='ltr'>illud</span> <span class='ocrx_word' id='word_1_359' title='bbox 801 2957 923 3017; x_wconf 86' lang='lat' dir='ltr'>quod</span> <span class='ocrx_word' id='word_1_360' title='bbox 947 2971 1052 3001; x_wconf 89' lang='lat' dir='ltr'>cum</span> <span class='ocrx_word' id='word_1_361' title='bbox 1079 2970 1238 3002; x_wconf 90' lang='lat' dir='ltr'>amore</span> <span class='ocrx_word' id='word_1_362' title='bbox 1264 2957 1535 3016; x_wconf 89' lang='lat' dir='ltr'>possidetur,</span> <span class='ocrx_word' id='word_1_363' title='bbox 1562 2957 1601 3002; x_wconf 91' lang='lat' dir='ltr'>si</span> <span class='ocrx_word' id='word_1_364' title='bbox 1627 2957 1794 3002; x_wconf 88' lang='lat' dir='ltr'>sciatur</span> <span class='ocrx_word' id='word_1_365' title='bbox 1820 2958 1943 3016; x_wconf 91' lang='lat' dir='ltr'>quod</span> <span class='ocrx_word' id='word_1_366' title='bbox 1970 2971 2107 3017; x_wconf 89' lang='lat' dir='ltr'>quan·</span> 
     </span>
     <span class='ocr_line' id='line_1_39' title="bbox 145 3023 2108 3085; baseline -0.001 -15"><span class='ocrx_word' id='word_1_367' title='bbox 145 3026 297 3085; x_wconf 88' lang='lat' dir='ltr'>doque</span> <span class='ocrx_word' id='word_1_368' title='bbox 323 3025 568 3079; x_wconf 85' lang='lat' dir='ltr'>amittatur,</span> <span class='ocrx_word' id='word_1_369' title='bbox 593 3024 821 3070; x_wconf 88' lang='lat' dir='ltr'>tristitiam</span> <span class='ocrx_word' id='word_1_370' title='bbox 848 3023 994 3068; x_wconf 87' lang='lat' dir='ltr'>infert.</span> <span class='ocrx_word' id='word_1_371' title='bbox 1026 3023 1156 3068; x_wconf 89' lang='lat' dir='ltr'>Visio</span> <span class='ocrx_word' id='word_1_372' title='bbox 1190 3034 1342 3069; x_wconf 89' lang='lat' dir='ltr'>autem</span> <span class='ocrx_word' id='word_1_373' title='bbox 1376 3024 1623 3083; x_wconf 90' lang='lat' dir='ltr'>praedicta,</span> <span class='ocrx_word' id='word_1_374' title='bbox 1657 3038 1774 3083; x_wconf 88' lang='lat' dir='ltr'>quae</span> <span class='ocrx_word' id='word_1_375' title='bbox 1800 3024 1958 3068; x_wconf 91' lang='lat' dir='ltr'>beatos</span> <span class='ocrx_word' id='word_1_376' title='bbox 1984 3023 2108 3080; x_wconf 87' lang='lat' dir='ltr'>facit,</span> 
     </span>
     <span class='ocr_line' id='line_1_40' title="bbox 146 3090 2109 3150; baseline -0.001 -13"><span class='ocrx_word' id='word_1_377' title='bbox 146 3107 254 3138; x_wconf 90' lang='lat' dir='ltr'>cum</span> <span class='ocrx_word' id='word_1_378' title='bbox 278 3092 336 3137; x_wconf 87' lang='lat' dir='ltr'>sit</span> <span class='ocrx_word' id='word_1_379' title='bbox 366 3092 566 3137; x_wconf 81' lang='lat' dir='ltr'>maxime</span> <span class='ocrx_word' id='word_1_380' title='bbox 592 3090 870 3136; x_wconf 88' lang='lat' dir='ltr'>delectabilis</span> <span class='ocrx_word' id='word_1_381' title='bbox 897 3101 943 3136; x_wconf 91' lang='lat' dir='ltr'>et</span> <span class='ocrx_word' id='word_1_382' title='bbox 973 3091 1173 3136; x_wconf 85' lang='lat' dir='ltr'>maxime</span> <span class='ocrx_word' id='word_1_383' title='bbox 1206 3091 1473 3145; x_wconf 89' lang='lat' dir='ltr'>desiderata,</span> <span class='ocrx_word' id='word_1_384' title='bbox 1497 3091 1696 3136; x_wconf 86' lang='lat' dir='ltr'>maxime</span> <span class='ocrx_word' id='word_1_385' title='bbox 1724 3105 1748 3135; x_wconf 92' lang='lat' dir='ltr'>a</span> <span class='ocrx_word' id='word_1_386' title='bbox 1775 3091 2109 3150; x_wconf 88' lang='lat' dir='ltr'>possidentibus</span> 
     </span>
     <span class='ocr_line' id='line_1_41' title="bbox 147 3157 2105 3218; baseline -0.001 -14"><span class='ocrx_word' id='word_1_387' title='bbox 147 3173 250 3205; x_wconf 90' lang='lat' dir='ltr'>eam</span> <span class='ocrx_word' id='word_1_388' title='bbox 274 3167 463 3203; x_wconf 87' lang='lat' dir='ltr'>amatur.</span> <span class='ocrx_word' id='word_1_389' title='bbox 484 3157 770 3218; x_wconf 88' lang='lat' dir='ltr'>Impossibile</span> <span class='ocrx_word' id='word_1_390' title='bbox 793 3172 903 3217; x_wconf 86' lang='lat' dir='ltr'>ergo</span> <span class='ocrx_word' id='word_1_391' title='bbox 931 3167 1047 3202; x_wconf 88' lang='lat' dir='ltr'>esset</span> <span class='ocrx_word' id='word_1_392' title='bbox 1074 3171 1154 3202; x_wconf 90' lang='lat' dir='ltr'>eos</span> <span class='ocrx_word' id='word_1_393' title='bbox 1179 3172 1274 3202; x_wconf 90' lang='lat' dir='ltr'>non</span> <span class='ocrx_word' id='word_1_394' title='bbox 1291 3158 1472 3212; x_wconf 88' lang='lat' dir='ltr'>tristari,</span> <span class='ocrx_word' id='word_1_395' title='bbox 1499 3158 1537 3203; x_wconf 91' lang='lat' dir='ltr'>si</span> <span class='ocrx_word' id='word_1_396' title='bbox 1563 3158 1730 3202; x_wconf 89' lang='lat' dir='ltr'>scirent</span> <span class='ocrx_word' id='word_1_397' title='bbox 1755 3172 1803 3202; x_wconf 87' lang='lat' dir='ltr'>se</span> <span class='ocrx_word' id='word_1_398' title='bbox 1830 3157 2105 3218; x_wconf 90' lang='lat' dir='ltr'>quandoque</span> 
     </span>
     <span class='ocr_line' id='line_1_42' title="bbox 146 3224 2110 3283; baseline -0.001 -13"><span class='ocrx_word' id='word_1_399' title='bbox 146 3239 249 3271; x_wconf 86' lang='lat' dir='ltr'>eam</span> <span class='ocrx_word' id='word_1_400' title='bbox 278 3225 536 3269; x_wconf 89' lang='lat' dir='ltr'>amissuros.</span> <span class='ocrx_word' id='word_1_401' title='bbox 567 3224 617 3269; x_wconf 91' lang='lat' dir='ltr'>Si</span> <span class='ocrx_word' id='word_1_402' title='bbox 644 3234 795 3269; x_wconf 89' lang='lat' dir='ltr'>autem</span> <span class='ocrx_word' id='word_1_403' title='bbox 822 3238 916 3269; x_wconf 88' lang='lat' dir='ltr'>non</span> <span class='ocrx_word' id='word_1_404' title='bbox 942 3234 1060 3269; x_wconf 88' lang='lat' dir='ltr'>esset</span> <span class='ocrx_word' id='word_1_405' title='bbox 1091 3235 1322 3283; x_wconf 89' lang='lat' dir='ltr'>perpetua,</span> <span class='ocrx_word' id='word_1_406' title='bbox 1354 3225 1445 3269; x_wconf 94' lang='lat' dir='ltr'>hoc</span> <span class='ocrx_word' id='word_1_407' title='bbox 1478 3225 1658 3269; x_wconf 87' lang='lat' dir='ltr'>scirent.</span> <span class='ocrx_word' id='word_1_408' title='bbox 1682 3224 1784 3282; x_wconf 91' lang='lat' dir='ltr'>Jam</span> <span class='ocrx_word' id='word_1_409' title='bbox 1811 3224 1933 3268; x_wconf 90' lang='lat' dir='ltr'>enim</span> <span class='ocrx_word' id='word_1_410' title='bbox 1963 3234 2110 3269; x_wconf 92' lang='lat' dir='ltr'>osten-</span> 
     </span>
     <span class='ocr_line' id='line_1_43' title="bbox 146 3290 2107 3350; baseline -0.001 -13"><span class='ocrx_word' id='word_1_411' title='bbox 146 3306 250 3337; x_wconf 83' lang='lat' dir='ltr'>sum</span> <span class='ocrx_word' id='word_1_412' title='bbox 275 3301 343 3336; x_wconf 91' lang='lat' dir='ltr'>est</span> <span class='ocrx_word' id='word_1_413' title='bbox 369 3292 428 3348; x_wconf 91' lang='lat' dir='ltr'>(c.</span> <span class='ocrx_word' id='word_1_414' title='bbox 460 3291 564 3350; x_wconf 85' lang='lat'>59.)‚</span> <span class='ocrx_word' id='word_1_415' title='bbox 590 3291 711 3349; x_wconf 91' lang='lat' dir='ltr'>quod</span> <span class='ocrx_word' id='word_1_416' title='bbox 738 3290 936 3336; x_wconf 90' lang='lat' dir='ltr'>videndo</span> <span class='ocrx_word' id='word_1_417' title='bbox 969 3291 1170 3335; x_wconf 89' lang='lat' dir='ltr'>divinam</span> <span class='ocrx_word' id='word_1_418' title='bbox 1202 3292 1500 3336; x_wconf 82' lang='lat' dir='ltr'>substantiam</span> <span class='ocrx_word' id='word_1_419' title='bbox 1534 3291 1671 3336; x_wconf 90' lang='lat' dir='ltr'>etiam</span> <span class='ocrx_word' id='word_1_420' title='bbox 1699 3291 1786 3334; x_wconf 92' lang='lat' dir='ltr'>alia</span> <span class='ocrx_word' id='word_1_421' title='bbox 1820 3300 2107 3349; x_wconf 88' lang='lat' dir='ltr'>cognoscunt</span> 
     </span>
     <span class='ocr_line' id='line_1_44' title="bbox 147 3356 2106 3418; baseline 0 -15"><span class='ocrx_word' id='word_1_422' title='bbox 147 3373 262 3418; x_wconf 87' lang='lat' dir='ltr'>quae</span> <span class='ocrx_word' id='word_1_423' title='bbox 291 3357 556 3403; x_wconf 88' lang='lat' dir='ltr'>naturaliter</span> <span class='ocrx_word' id='word_1_424' title='bbox 587 3367 704 3402; x_wconf 91' lang='lat' dir='ltr'>sunt.</span> <span class='ocrx_word' id='word_1_425' title='bbox 737 3357 870 3402; x_wconf 91' lang='lat' dir='ltr'>Unde</span> <span class='ocrx_word' id='word_1_426' title='bbox 904 3357 1050 3403; x_wconf 89' lang='lat' dir='ltr'>multo</span> <span class='ocrx_word' id='word_1_427' title='bbox 1083 3358 1231 3416; x_wconf 89' lang='lat' dir='ltr'>magis</span> <span class='ocrx_word' id='word_1_428' title='bbox 1264 3368 1551 3416; x_wconf 90' lang='lat' dir='ltr'>cognoscunt</span> <span class='ocrx_word' id='word_1_429' title='bbox 1585 3357 1730 3417; x_wconf 90' lang='lat' dir='ltr'>qualis</span> <span class='ocrx_word' id='word_1_430' title='bbox 1767 3356 1843 3401; x_wconf 90' lang='lat' dir='ltr'>illa</span> <span class='ocrx_word' id='word_1_431' title='bbox 1881 3357 1996 3403; x_wconf 90' lang='lat' dir='ltr'>visio</span> <span class='ocrx_word' id='word_1_432' title='bbox 2033 3358 2106 3411; x_wconf 87' lang='lat' dir='ltr'>sit,</span> 
     </span>
     <span class='ocr_line' id='line_1_45' title="bbox 147 3424 2108 3483; baseline -0.001 -12"><span class='ocrx_word' id='word_1_433' title='bbox 147 3434 296 3471; x_wconf 84' lang='lat' dir='ltr'>utrum</span> <span class='ocrx_word' id='word_1_434' title='bbox 323 3434 552 3483; x_wconf 86' lang='lat' dir='ltr'>perpetua,</span> <span class='ocrx_word' id='word_1_435' title='bbox 578 3424 652 3469; x_wconf 88' lang='lat' dir='ltr'>vel</span> <span class='ocrx_word' id='word_1_436' title='bbox 677 3425 949 3483; x_wconf 89' lang='lat' dir='ltr'>quandoque</span> <span class='ocrx_word' id='word_1_437' title='bbox 973 3425 1184 3469; x_wconf 88' lang='lat' dir='ltr'>desitura.</span> <span class='ocrx_word' id='word_1_438' title='bbox 1203 3425 1309 3468; x_wconf 90' lang='lat' dir='ltr'>Non</span> <span class='ocrx_word' id='word_1_439' title='bbox 1327 3439 1437 3483; x_wconf 91' lang='lat' dir='ltr'>ergo</span> <span class='ocrx_word' id='word_1_440' title='bbox 1464 3425 1566 3469; x_wconf 88' lang='lat' dir='ltr'>talis</span> <span class='ocrx_word' id='word_1_441' title='bbox 1587 3425 1703 3469; x_wconf 90' lang='lat' dir='ltr'>visio</span> <span class='ocrx_word' id='word_1_442' title='bbox 1731 3424 1909 3469; x_wconf 91' lang='lat' dir='ltr'>adesset</span> <span class='ocrx_word' id='word_1_443' title='bbox 1925 3425 1988 3469; x_wconf 89' lang='lat' dir='ltr'>eis</span> <span class='ocrx_word' id='word_1_444' title='bbox 2010 3424 2108 3469; x_wconf 90' lang='lat' dir='ltr'>sine</span> 
     </span>
     <span class='ocr_line' id='line_1_46' title="bbox 147 3491 2108 3551; baseline 0 -15"><span class='ocrx_word' id='word_1_445' title='bbox 147 3491 339 3546; x_wconf 87' lang='lat' dir='ltr'>tristitia,</span> <span class='ocrx_word' id='word_1_446' title='bbox 362 3503 406 3537; x_wconf 91' lang='lat' dir='ltr'>et</span> <span class='ocrx_word' id='word_1_447' title='bbox 426 3491 488 3536; x_wconf 88' lang='lat' dir='ltr'>ita</span> <span class='ocrx_word' id='word_1_448' title='bbox 509 3505 603 3536; x_wconf 90' lang='lat' dir='ltr'>non</span> <span class='ocrx_word' id='word_1_449' title='bbox 625 3502 744 3536; x_wconf 91' lang='lat' dir='ltr'>esset</span> <span class='ocrx_word' id='word_1_450' title='bbox 764 3505 871 3536; x_wconf 82' lang='lat' dir='ltr'>vera</span> <span class='ocrx_word' id='word_1_451' title='bbox 892 3491 1098 3546; x_wconf 88' lang='lat' dir='ltr'>felicitas,</span> <span class='ocrx_word' id='word_1_452' title='bbox 1121 3506 1236 3551; x_wconf 91' lang='lat' dir='ltr'>quae</span> <span class='ocrx_word' id='word_1_453' title='bbox 1265 3492 1318 3536; x_wconf 87' lang='lat' dir='ltr'>ab</span> <span class='ocrx_word' id='word_1_454' title='bbox 1341 3492 1470 3536; x_wconf 90' lang='lat' dir='ltr'>omni</span> <span class='ocrx_word' id='word_1_455' title='bbox 1492 3491 1616 3536; x_wconf 92' lang='lat' dir='ltr'>malo</span> <span class='ocrx_word' id='word_1_456' title='bbox 1642 3491 1897 3536; x_wconf 90' lang='lat' dir='ltr'>immunem</span> <span class='ocrx_word' id='word_1_457' title='bbox 1920 3492 2108 3537; x_wconf 87' lang='lat' dir='ltr'>reddere</span> 
     </span>
     <span class='ocr_line' id='line_1_47' title="bbox 151 3558 1104 3617; baseline -0.001 -14"><span class='ocrx_word' id='word_1_458' title='bbox 151 3558 298 3612; x_wconf 82' lang='lat' dir='ltr'>debet,</span> <span class='ocrx_word' id='word_1_459' title='bbox 323 3567 371 3603; x_wconf 91' lang='lat' dir='ltr'>ut</span> <span class='ocrx_word' id='word_1_460' title='bbox 395 3572 530 3617; x_wconf 87' lang='lat' dir='ltr'>supra</span> <span class='ocrx_word' id='word_1_461' title='bbox 558 3558 617 3614; x_wconf 89' lang='lat' dir='ltr'>(c.</span> <span class='ocrx_word' id='word_1_462' title='bbox 643 3558 735 3615; x_wconf 88' lang='grc'>48.)</span> <span class='ocrx_word' id='word_1_463' title='bbox 764 3567 998 3604; x_wconf 87' lang='lat' dir='ltr'>ostensum</span> <span class='ocrx_word' id='word_1_464' title='bbox 1026 3569 1104 3603; x_wconf 93' lang='lat' dir='ltr'>est.</span> 
     </span>
    </p>

    <p class='ocr_par' dir='ltr' id='par_1_10' title="bbox 239 3624 2106 3685">
     <span class='ocr_line' id='line_1_48' title="bbox 239 3624 2106 3685; baseline 0.001 -17"><span class='ocrx_word' id='word_1_465' title='bbox 239 3624 376 3670; x_wconf 86' lang='lat' dir='ltr'>Item:</span> <span class='ocrx_word' id='word_1_466' title='bbox 405 3624 526 3684; x_wconf 92' lang='lat' dir='ltr'>quod</span> <span class='ocrx_word' id='word_1_467' title='bbox 555 3634 764 3669; x_wconf 87' lang='lat' dir='ltr'>movetur</span> <span class='ocrx_word' id='word_1_468' title='bbox 789 3624 1052 3671; x_wconf 81' lang='lat' dir='ltr'>naturaliter</span> <span class='ocrx_word' id='word_1_469' title='bbox 1085 3625 1139 3669; x_wconf 91' lang='lat' dir='ltr'>ad</span> <span class='ocrx_word' id='word_1_470' title='bbox 1163 3625 1329 3685; x_wconf 88' lang='lat' dir='ltr'>aliquid</span> <span class='ocrx_word' id='word_1_471' title='bbox 1357 3625 1473 3671; x_wconf 90' lang='lat' dir='ltr'>sicut</span> <span class='ocrx_word' id='word_1_472' title='bbox 1498 3625 1553 3671; x_wconf 93' lang='lat' dir='ltr'>ad</span> <span class='ocrx_word' id='word_1_473' title='bbox 1577 3625 1714 3671; x_wconf 82' lang='lat' dir='ltr'>finem</span> <span class='ocrx_word' id='word_1_474' title='bbox 1738 3626 1807 3672; x_wconf 91' lang='lat' dir='ltr'>sui</span> <span class='ocrx_word' id='word_1_475' title='bbox 1825 3635 1990 3680; x_wconf 88' lang='lat' dir='ltr'>motus,</span> <span class='ocrx_word' id='word_1_476' title='bbox 2014 3640 2106 3671; x_wconf 88' lang='lat' dir='ltr'>non</span> 
     </span>
    </p>
   </div>
  </div>
 </body>
</html>
