2332 3854
263 191 333 259 36
943 200 1098 238 LIBER
1138 200 1172 236 1.
1215 199 1334 237 CAP.
1377 198 1525 237 xxvr.

257 305 331 349 vel
357 302 627 357 universale,
646 303 742 347 sine
760 302 989 346 additione
1012 315 1109 346 esse
1125 315 1220 345 non
1240 309 1402 359 potest,
1420 300 1498 345 sed
1522 300 1618 345 sine
1637 300 1865 345 additione
1889 293 2214 344 consideratur.

257 372 366 416 Non
407 371 530 414 enim
569 368 738 413 animal
769 378 918 427 potest
954 381 1052 412 esse
1093 368 1262 426 absque
1298 366 1509 411 rationali
1547 366 1623 412 vel
1657 366 1908 411 irrationali
1948 365 2215 421 differentia,

258 437 465 496 quamvis
483 437 579 480 sine
601 436 671 479 his
694 434 955 479 differentiis
983 435 1226 492 cogitetur;
1253 432 1361 478 licet
1377 434 1516 478 etiam
1536 434 1759 492 cogitetur
1776 432 2031 477 universale
2048 432 2216 492 absque

259 504 502 555 additione,
534 517 629 546 non
661 512 815 546 tamen
849 502 1016 559 absque
1053 499 1397 559 receptibilitate
1431 500 1674 545 additionis
1701 510 1781 544 est.
1813 500 1937 544 Nam
1963 501 2001 543 si
2027 498 2216 543 animali

258 570 382 614 nulla
416 569 667 613 differentia
700 568 803 611 addi
835 577 1000 626 posset,
1034 581 1178 624 genus
1209 581 1303 611 non
1336 576 1476 622 esset;
1503 577 1547 611 et
1577 567 1784 612 similiter
1817 576 1885 611 est
1916 566 1972 610 de
2005 565 2216 611 omnibus

260 637 357 681 aliis
384 636 658 680 nominibus.
685 635 904 678 Divinum
939 643 1092 677 autem
1119 647 1218 678 esse
1244 639 1289 678 et
1315 634 1482 692 absque
1516 634 1759 688 additione,
1791 646 1884 677 non
1917 631 2070 677 solum
2096 631 2218 691 cogi-

257 706 442 757 tatione,
460 704 538 747 sed
557 703 694 746 etiam
712 702 756 744 in
774 715 925 744 rerum
942 710 1103 744 natura
1117 735 1127 755 ,
1155 710 1222 745 est
1247 715 1341 745 non
1364 700 1516 745 solum
1540 701 1706 760 absque
1726 700 1970 753 additione,
1987 698 2217 746 sedetiam

260 771 429 828 absque
456 767 799 827 receptibilitate
829 767 1084 811 additionis.
1113 767 1247 811 Unde
1274 782 1328 812 ex
1353 767 1443 812 hoc
1470 768 1570 826 ipso
1595 767 1716 826 quod
1740 766 2019 810 additionem
2036 778 2133 810 non
2152 778 2218 809 re-

259 838 366 896 cipit
392 850 475 879 nec
503 836 703 892 recipere
730 842 892 892 potest,
919 834 1066 892 magis
1089 833 1303 877 concludi
1328 843 1475 893 potest
1494 834 1616 893 quod
1632 835 1758 878 Deus
1775 847 1869 877 non
1886 833 1943 878 sit
1968 846 2069 877 esse
2093 845 2218 876 com-

260 917 413 956 mune,
440 902 516 946 sed
545 902 790 959 proprium.
823 900 1005 944 Etenim
1032 914 1085 943 ex
1102 900 1192 943 hoc
1219 900 1318 959 ipso
1337 915 1470 944 suum
1497 914 1595 945 esse
1623 900 1676 944 ab
1705 900 1916 944 omnibus
1943 898 2042 943 aliis
2067 898 2219 943 distin-

258 971 422 1028 guitur,
450 968 553 1027 quia
579 966 693 1010 nihil
726 967 766 1010 ei
799 966 903 1010 addi
934 975 1097 1024 potest.
1140 967 1274 1010 Unde
1317 967 1682 1021 Commentator,
1717 967 1765 1010 in
1804 965 1919 1009 libro
1955 966 2027 1010 De
2071 965 2216 1008 causis

259 1038 463 1095 (propos.
498 1049 537 1093 9.
572 1035 691 1077 circa
724 1033 836 1090 fin.),
870 1033 978 1077 dicit
1009 1033 1132 1092 quod
1165 1047 1302 1077 causa
1327 1034 1489 1093 prima,
1523 1049 1575 1078 ex
1607 1034 1704 1093 ipsa
1731 1033 1922 1092 puritate
1952 1046 2063 1077 suae
2093 1031 2219 1076 boni-

255 1103 374 1156 tatis,
403 1102 455 1145 ab
485 1101 582 1144 aliis
610 1100 898 1158 distinguitur
924 1110 967 1143 et
994 1101 1338 1158 quodammodo
1364 1101 1682 1146 individuatur.

348 1168 579 1212 Tertium:
609 1167 729 1225 quod
747 1180 825 1210 eos
852 1167 898 1209 in
917 1167 1037 1209 hunc
1066 1181 1267 1210 errorem
1286 1167 1474 1221 induxit,
1502 1177 1569 1211 est
1594 1167 1772 1210 divinae
1794 1165 2096 1225 simplicitatis
2114 1179 2219 1211 con-

256 1235 484 1279 sideratio.
507 1233 629 1285 Quia
647 1233 770 1276 enim
790 1233 916 1277 Deus
942 1233 1145 1276 infinitae
1167 1233 1469 1292 simplicitatis
1483 1243 1563 1287 est,
1583 1236 1937 1278 aestimaverunt
1951 1232 2078 1288 illud,
2094 1232 2217 1292 quod

256 1305 301 1347 in
319 1302 480 1346 ultimo
509 1299 801 1344 resolutionis
828 1300 1054 1344 invenitur
1077 1314 1238 1343 eorum
1261 1314 1377 1359 quae
1404 1310 1508 1344 sunt
1533 1301 1579 1343 in
1605 1300 1752 1354 nobis,
1769 1300 1924 1344 Deum
1950 1313 2064 1354 esse,
2090 1299 2220 1358 quasi

255 1368 670 1428 simplicissimum3
693 1381 786 1410 non
805 1367 926 1410 enim
945 1377 1012 1410 est
1036 1367 1083 1410 in
1109 1366 1337 1410 infinitum
1364 1366 1611 1425 procedere
1628 1367 1674 1409 in
1694 1365 2030 1425 compositione
2056 1379 2217 1410 eorum

256 1451 372 1496 quae
400 1445 503 1479 sunt
529 1436 574 1478 in
600 1434 745 1478 nobis.
780 1434 831 1476 In
858 1434 948 1477 hoc
977 1434 1115 1477 etiam
1143 1448 1302 1477 eorum
1327 1433 1492 1477 defecit
1516 1434 1647 1488 ratio,
1672 1433 1781 1476 dum
1807 1446 1902 1476 non
1928 1431 2216 1476 attenderunt

254 1504 318 1580 id,
343 1503 463 1561 quod
490 1504 535 1545 in
561 1501 693 1545 nobis
719 1501 1111 1558 simplicissimum
1138 1500 1380 1554 invenitur,
1406 1514 1500 1544 non
1527 1511 1620 1544 tam
1649 1514 1747 1544 rern
1775 1498 2054 1558 completam
2079 1512 2219 1558 quam

257 1571 322 1614 rei
349 1569 519 1628 aliquid
547 1582 660 1612 esse.
687 1568 790 1611 Deo
819 1578 972 1611 autem
1005 1566 1272 1668 simplicitas
1307 1567 1577 1621 attribuitur,
1610 1567 1725 1611 sicut
1756 1566 1822 1610 rei
1855 1565 1991 1610 alicui
2020 1564 2219 1624 perfecte

256 1636 529 1682 subsistenti.

347 1703 575 1755 Quartum
603 1702 755 1755 etiam,
789 1702 911 1760 quod
945 1715 1024 1745 eos
1057 1701 1112 1745 ad
1143 1701 1235 1745 hoc
1261 1700 1475 1745 inducere
1507 1701 1668 1759 potuit,
1695 1709 1763 1744 est
1788 1699 1953 1744 modus
1978 1698 2213 1759 loquendi,

257 1786 348 1831 quo
381 1771 574 1814 dicimus
607 1770 758 1812 Deum
785 1770 830 1812 in
857 1769 1068 1812 omnibus
1101 1768 1233 1812 rebus
1260 1781 1382 1822 esse;
1416 1781 1509 1811 non
1542 1767 1848 1826 intelligentes
1875 1766 2002 1826 quod
2029 1779 2125 1810 non
2149 1766 2217 1810 sic

258 1849 325 1883 est
356 1839 402 1881 in
435 1837 566 1881 rebus
593 1836 722 1894 quasi
755 1835 923 1894 aliquid
950 1835 1029 1888 rei,
1056 1836 1134 1879 sed
1162 1835 1278 1878 sicut
1303 1834 1369 1878 rei
1395 1848 1546 1888 causa,
1575 1848 1691 1893 quae
1717 1833 1846 1877 nullo
1879 1833 2022 1877 modo
2048 1846 2132 1878 suo
2158 1832 2219 1877 ef-

253 1905 392 1949 fectui
418 1905 558 1949 deest.
582 1903 692 1947 Non
719 1903 843 1948 enim
870 1902 1077 1947 similiter
1103 1916 1202 1946 esse
1229 1901 1421 1945 dicimus
1443 1900 1678 1945 formam'
1667 1915 1714 1944 m
1742 1913 1935 1972 corpore
1960 1909 2005 1945 et
2028 1909 2218 1945 nautam

252 1987 299 2016 m
324 1986 446 2015 naVl.

976 2125 1230 2181 CAPUT
1273 2126 1509 2181 XXVII.

517 2265 675 2311 QUOD
712 2263 853 2302 DEUS
886 2263 1004 2302 NON
1037 2262 1122 2300 SIT
1165 2261 1347 2300 FORMA
1377 2261 1634 2315 ALICUJUS
1670 2259 1955 2300 CORPORIS.

345 2376 547 2421 Ostenso
574 2374 710 2433 igitur
737 2372 859 2432 quod
890 2373 1016 2416 Deus
1042 2386 1136 2415 non
1163 2371 1219 2415 sit
1251 2384 1350 2416 esse
1377 2371 1602 2426 omnium¹
1628 2369 1837 2414 similiter
1862 2368 2044 2414 ostendi
2066 2379 2219 2430 potest

255 2443 378 2503 quod
405 2444 532 2487 Deus
558 2456 652 2485 non
679 2442 736 2485 sit
762 2440 951 2498 alicujus
978 2439 1043 2482 rei
1068 2438 1230 2482 forma.

348 2525 383 2555 1.
410 2510 530 2555 Nam
550 2509 755 2552 divinum
774 2521 871 2551 esse
889 2516 1038 2565 potest
1061 2519 1161 2550 esse
1180 2504 1370 2563 alicujus
1388 2505 1453 2548 rei
1470 2504 1710 2580 quidditas,
1729 2517 1844 2563 quae
1860 2517 1955 2548 non
1981 2501 2042 2549 sit
2065 2502 2217 2564 ipsum

254 2592 366 2631 esse,
394 2586 442 2620 ut
469 2586 702 2620 ostensum
731 2585 798 2618 est
824 2575 884 2631 (c.
914 2574 1031 2630 22.);
1056 2572 1182 2648 quod
1205 2581 1358 2615 autern
1387 2580 1454 2615 est
1478 2571 1628 2629 ipsum
1655 2585 1754 2615 esse
1781 2571 2001 2625 divinum,
2026 2584 2121 2615 non
2146 2574 2228 2616 est

254 2644 373 2688 aliud
403 2657 539 2702 quam
561 2643 701 2686 Deus.
728 2640 1016 2699 Impossibile
1035 2649 1103 2683 est
1123 2639 1260 2697 igitur
1282 2639 1435 2681 Deum
1457 2651 1556 2681 esse
1579 2638 1769 2696 alicujus
1797 2637 1981 2682 alterius
2001 2636 2216 2694 formam.

344 2724 383 2754 2.
411 2709 647 2768 Amplius:
675 2708 823 2752 forma
851 2707 1056 2765 corporis
1083 2721 1176 2749 non
1204 2716 1271 2750 est
1297 2706 1446 2764 ipsum
1469 2719 1581 2758 esse,
1609 2705 1687 2748 sed
1715 2704 1897 2749 essendi
1917 2704 2215 2764 principium3

251 2779 377 2823 Deus
401 2788 553 2821 autem
581 2787 648 2820 est
673 2776 824 2834 ipsum
851 2788 974 2827 esse;
1000 2787 1095 2817 non
1122 2787 1232 2831 ergo
1260 2781 1327 2816 est
1351 2772 1477 2815 Deus
1504 2771 1653 2815 forma
1678 2771 1896 2830 corporis.
1941 2776 1943 2778 ’

346 2860 382 2903 3.
410 2845 545 2888 Item:
574 2857 628 2887 ex
654 2843 822 2886 unione
840 2840 1016 2885 formae
1035 2850 1078 2884 et
1094 2839 1312 2883 materiae
1339 2839 1528 2882 resultat
1553 2837 1723 2897 aliquid
1751 2838 2075 2898 compositum,
2088 2837 2216 2897 quod

253 2922 321 2957 est
345 2922 510 2964 totum,
537 2919 745 2968 respectu
778 2908 997 2952 materiae
1025 2917 1068 2951 et
1093 2906 1283 2950 formae.
1300 2905 1474 2949 Partes
1507 2915 1659 2949 autem
1692 2914 1797 2949 sunt
1826 2905 1874 2949 in
1905 2904 2123 2982 potentia,
2149 2917 2216 2949 re·

251 2989 408 3039 spectu
425 2980 587 3031 totius;
605 2978 649 3020 in
670 2977 771 3020 Deo
792 2985 941 3019 autem
962 2974 1084 3018 nulla
1103 2984 1169 3018 est
1185 2973 1512 3032 potentialita33
1531 2971 1813 3031 impossibile
1831 2982 1898 3017 est
1913 2971 2050 3031 igitur
2061 2972 2215 3017 Deum

253 3060 351 3106 esse
378 3045 577 3089 formam
603 3044 776 3087 unitam
806 3042 941 3086 alicui
965 3043 1042 3085 rei.

340 3126 382 3168 4.
411 3113 600 3157 Adhuc:
629 3110 751 3170 quod
771 3124 850 3169 per
867 3124 914 3153 se
933 3109 1070 3152 habet
1097 3122 1209 3166 esse,
1231 3106 1428 3151 nobilius
1447 3117 1512 3151 est
1530 3121 1585 3150 eo
1603 3106 1724 3165 quod
1750 3106 1890 3151 habet
1915 3119 2014 3151 esse
2036 3106 2084 3150 in
2107 3106 2213 3151 alio.

256 3180 422 3226 Omnis
450 3188 601 3223 autem
629 3177 777 3222 forma
805 3176 994 3233 alicujus
1018 3175 1222 3234 corporis
1244 3174 1382 3217 habet
1408 3187 1505 3218 esse
1531 3173 1577 3216 in
1605 3173 1707 3217 alio.
1740 3172 1900 3225 Quum
1926 3172 2064 3232 igitur
2088 3173 2214 3219 Deus

253 3248 310 3292 sit
342 3262 421 3291 ens
453 3245 809 3298 nobilissimum,
845 3244 974 3302 quasi
1007 3242 1154 3302 prima
1186 3241 1364 3286 essendi
1397 3254 1548 3294 causa,
1580 3254 1675 3284 non
1707 3250 1857 3299 potest
1888 3253 1988 3286 esse
2020 3237 2211 3300 alicujus

253 3314 415 3358 forma.
2222 3359 2225 3362 .

349 3395 383 3438 5.
411 3380 672 3424 Praeterea:
701 3379 791 3423 hoc
818 3377 941 3422 idem
966 3385 1116 3435 potest
1141 3374 1333 3428 ostendi,
1351 3388 1407 3419 ex
1429 3374 1692 3419 aeternitate
1715 3382 1882 3429 motus,
1898 3373 1990 3419 sic:
2012 3371 2062 3418 si
2086 3368 2213 3418 Deus

255 3458 322 3493 est
347 3447 495 3491 forma
523 3446 712 3503 alicujus
739 3444 935 3499 mobilis,
962 3458 1102 3503 quum
1134 3442 1231 3502 ipse
1258 3441 1314 3486 sit
1339 3441 1536 3501 primurn
1565 3453 1756 3485 movens
1781 3439 2103 3500 compositum,
2128 3439 2214 3484 erit

255 3528 447 3558 movens
465 3513 679 3572 seipsum.
695 3512 784 3557 Sed
803 3525 994 3556 movens
1006 3511 1205 3569 seipsum
1223 3518 1373 3569 potest
1387 3507 1564 3552 moveri
1583 3517 1627 3552 et
1642 3521 1736 3551 non
1754 3507 1954 3564 movet—ig
1956 3514 2212 3567 utrumque

254 3581 390 3642 igitur
415 3581 461 3624 in
493 3580 592 3640 ipso
625 3589 704 3625 est.
735 3579 875 3632 Quod
908 3587 1061 3623 autern
1087 3586 1154 3622 est
1178 3575 1443 3634 hujusmodi
1473 3588 1568 3619 non
1599 3574 1736 3620 habet
1767 3582 1921 3620 motus
1949 3571 2214 3619 indeficien-
