2332 3854
296 172 404 226 610
963 184 1118 222 LIBER
1157 183 1228 222 1v.
1271 182 1391 222 CAP.
1433 180 1617 222 xxxw.

1003 416 1258 473 CAPUT
1294 416 1559 473 XXXIV.

543 554 631 590 DE
695 551 981 590 ERRORE
1045 549 1437 589 THEODORI
1494 551 2004 592 MOPSUESTEN1.

667 670 673 674 ,
744 623 908 663 cIRcA
935 623 1190 664 UNIONEM
1220 623 1485 663 VERBIAD
1519 625 1796 664 HOMINEM.
1964 615 1968 617 ’

383 752 448 794 Ex
474 749 733 808 praemissis
770 749 909 807 igitur
948 758 1134 808 apparet
1173 748 1296 806 quod
1324 747 1510 792 Christo
1537 761 1622 792 nec
1649 746 1803 791 divina
1832 757 1994 792 natura
2018 747 2174 804 defuit,
2204 761 2254 795 ut
2327 741 2330 744 ⁴

295 818 455 870 Ebion,
485 817 728 860 Cerinthus
756 826 800 859 et
825 815 1048 860 Photinus
1075 815 1298 869 dixerunt,
1323 828 1409 859 nec
1435 828 1596 858 verum
1623 827 1790 872 corpus
1814 814 2081 871 humanum.
2097 815 2254 860 secun-

295 886 402 928 dum
435 898 635 927 errorem
663 882 924 926 Manichaei
967 891 1100 940 atque
1127 880 1382 936 Valentini;
1423 895 1509 924 nec
1551 881 1689 924 etiam
1716 880 1919 924 humana
1943 881 2254 936 animm-sicut
2330 926 2332 929 .

293 960 544 1010 posuerunt
569 950 704 993 Arius
729 960 772 992 et
797 948 1091 1007 Apollinaris.
1120 948 1202 991 His
1234 948 1371 1006 igitur
1395 948 1535 992 tribus
1562 947 1822 992 substantiis
1852 947 1901 991 in
1926 947 2117 993 Christo
2144 962 2254 993 con·
2327 942 2329 945 ’

293 1017 593 1069 venientibus,
617 1016 791 1059 scilicet
817 1016 1066 1068 divinitate,
1092 1016 1244 1058 anima
1269 1014 1471 1059 humana
1493 1024 1537 1058 et
1557 1027 1668 1058 vero
1687 1014 1893 1058 humano
1906 1027 2116 1074 corpore,
2127 1015 2253 1060 ‘circa

293 1085 461 1128 horum
499 1083 719 1126 unionem
754 1082 860 1140 quid
892 1081 1181 1125 sentiendum
1223 1081 1294 1135 sit,
1321 1080 1574 1125 secundum
1599 1080 1935 1139 Scripturarum
1961 1081 2253 1135 documenta,

293 1149 615 1209 inquirendum
641 1158 793 1192 restat.
2153 1171 2159 1185 .
2330 1184 2332 1189 ,

385 1216 660 1260 Theodorus
701 1216 839 1274 igitur
869 1215 1219 1273 Mopsuestenus
1247 1214 1324 1271 (de
1351 1228 1442 1273 quo
1469 1214 1516 1257 in
1542 1213 1652 1271 Syn.
1677 1212 1919 1258 Constant.
1941 1227 1981 1257 a.
2006 1214 2072 1271 4.)
2098 1223 2150 1259 ευ
2167 1214 2257 1260 Ne·

293 1286 455 1328 storius
484 1283 562 1342 (de
586 1297 677 1342 quo
704 1283 749 1325 in
778 1282 879 1326 eod.
919 1281 965 1325 S.
990 1282 1182 1340 August.
1205 1280 1280 1325 lib.
1307 1281 1432 1324 haer.
1460 1294 1505 1326 n.
1533 1280 1627 1340 89.)
1654 1281 1750 1338 ejus
1776 1290 1974 1325 sectator
1993 1280 2135 1326 talem
2159 1295 2257 1326 sen-

292 1351 481 1396 tentiam
500 1350 554 1393 de
572 1349 803 1408 praedicta
820 1350 989 1392 unione
1009 1347 1306 1407 protulerunt.
1330 1347 1558 1390 Dixerunt
1573 1347 1696 1390 enim
1723 1346 1847 1405 quod
1873 1347 2027 1392 anima
2051 1347 2256 1392 humana
2330 1402 2332 1406 Ι

295 1428 339 1462 et
365 1431 531 1476 corpus
558 1417 814 1459 humanum
840 1414 1036 1459 naturali
1059 1416 1229 1458 unione
1257 1423 1570 1458 convenerunt
1593 1415 1639 1457 in
1674 1414 1859 1464 Christo
1890 1413 1948 1458 ad
1971 1414 2253 1461 constitutio·
2330 1449 2332 1451 -

292 1499 400 1528 nem
426 1484 558 1527 unius
583 1483 786 1527 hominis
805 1482 1010 1540 ejusdem
1036 1482 1205 1540 speciei
1224 1490 1268 1525 et
1289 1491 1477 1524 naturae
1506 1494 1612 1524 cum
1630 1479 1738 1538 ¹aliis
1765 1481 2045 1535 hominibus,
2062 1491 2106 1527 et
2131 1482 2255 1541 quod

293 1553 339 1595 in
355 1552 445 1594 hoc
463 1550 652 1594 homine
665 1550 790 1593 Deus
817 1549 1037 1592 habitavit
1061 1549 1178 1592 sicut
1194 1548 1240 1591 in
1257 1547 1431 1606 templo
1446 1561 1545 1601 suo,
1561 1546 1737 1591 scilicet
1753 1560 1833 1606 per
1854 1548 2063 1607 gratiam,
2079 1546 2199 1593 sicut
2213 1558 2259 1594 et

291 1619 338 1662 in
352 1618 450 1662 allis
466 1617 729 1661 hominibus
752 1616 941 1669 sanctis;
967 1616 1086 1659 unde
1112 1615 1224 1658 illud
1251 1614 1372 1673 quod
1395 1615 1489 1672 ipse
1505 1613 1687 1671 Judaeis
1704 1614 1894 1672 (Joann.
1926 1614 1985 1659 ΙΙ.
2015 1614 2104 1673 19.)
2122 1614 2255 1660 dixit:

291 1686 452 1731 Solvite
485 1685 684 1742 templum
722 1684 811 1738 hoe,
844 1690 883 1728 et
913 1685 959 1726 in
992 1684 1121 1727 tribus
1152 1682 1290 1726 diebus
1322 1683 1508 1726 excitabo
1540 1680 1669 1733 illud;
1699 1691 1744 1725 et
1765 1690 1924 1740 postea
1948 1680 2259 1739 Evangelista,

293 1755 420 1811 quasi
457 1765 690 1810 exponens
703 1785 713 1804 ,
731 1750 879 1794 subdit
897 1764 906 1793 :
935 1750 1011 1793 Ille
1028 1755 1165 1793 autem
1182 1748 1342 1792 dicebat
1362 1748 1409 1792 de
1429 1748 1576 1806 templo
1593 1749 1780 1806 corporis
1794 1749 1859 1792 sui
1874 1763 1892 1800 ;
1925 1748 2253 1807 et‘Apostolus

292 1820 496 1878 (Coloss.
522 1819 555 1862 1.
589 1817 676 1875 19.)
710 1817 832 1876 quod
863 1818 910 1860 in
947 1818 1032 1874 ipso
1066 1815 1320 1874 complacuit
1346 1829 1508 1858 omnem
1534 1812 1835 1872 plenitudinem
1858 1814 2110 1859 inhabitare.
2129 1812 2257 1859 Etex

291 1888 381 1930 hoc
409 1894 655 1930 consecuta
678 1894 746 1928 est
770 1883 956 1927 ulterius
984 1882 1211 1941 quaedam
1240 1881 1489 1925 affectualis
1517 1881 1627 1924 unio
1660 1881 1775 1924 inter
1795 1881 2037 1925 hominem
2061 1880 2194 1925 illum
2211 1891 2257 1926 et
2324 1872 2332 1920 ἕ

292 1955 459 2006 Deum,
486 1952 596 1995 dum
623 1961 667 1995 et
688 1951 834 1994 homo
868 1949 945 1994 ille
968 1950 1091 1994 bona
1117 1963 1198 1993 sua
1224 1948 1459 1992 voluntate
1480 1947 1584 1990 Deo
1616 1947 1826 2002 inhaesit,
1850 1956 1899 1992 et
1921 1947 2050 1992 Deus
2070 1961 2154 1991 sua
2179 1961 2259 1992 vo·
2322 1956 2332 1992 51.

293 2021 464 2064 luntate
490 2018 619 2062 illum
648 2017 914 2075 acceptavit,
948 2016 1199 2060 secundum
1231 2014 1342 2058 illud
1375 2015 1557 2072 (Joann.
1591 2012 1713 2058 VIII.
1743 2013 1864 2074 29.):
1899 2015 1988 2071 Qui
2020 2026 2094 2059 ssme
2124 2015 2259 2070 misit,

292 2101 452 2131 meeum
479 2092 533 2130 est
545 2101 560 2138 ;
586 2091 621 2129 et
642 2100 725 2128 non
746 2085 917 2142 reliquit
948 2099 1011 2127 me
1031 2083 1178 2136 solum,
1202 2084 1302 2140 quia
1333 2096 1419 2140 ego,
1442 2095 1546 2140 quae
1561 2081 1722 2139 placita
1751 2086 1845 2125 sunt
1868 2081 2051 2140 ei‚facio
2070 2089 2256 2140 semper5

293 2165 341 2198 ut
363 2154 426 2197 sic
453 2152 732 2211 intelligatur
762 2151 865 2195 talis
892 2165 990 2194 esse
1017 2150 1126 2193 unio
1151 2149 1354 2192 hominis
1379 2148 1500 2191 illius
1528 2148 1584 2191 ad
1616 2148 1784 2201 Deum,
1811 2146 1957 2207 qualis
1982 2157 2051 2192 est
2075 2147 2184 2192 unio
2196 2148 2255 2192 de
2305 2174 2312 2182 .

291 2219 640 2280 quaApostolus
674 2219 783 2262 dicit
804 2219 860 2276 (Ι.
890 2217 1100 2262 Corinth.
1127 2215 1209 2260 VI.
1243 2215 1354 2272 17.):
1376 2216 1466 2272 Qui
1498 2214 1693 2259 adhaeret
1718 2216 1826 2269 Deo,
1851 2228 1959 2259 unus
1980 2216 2150 2274 spiritus
2181 2221 2248 2260 est.
2316 2250 2326 2255 ,

294 2288 361 2342 Et,
389 2289 505 2330 sicut
531 2298 589 2330 ex
608 2285 701 2328 'hae
729 2285 899 2328 unione
932 2283 1122 2326 nomina
1148 2295 1263 2341 quae
1302 2282 1481 2340 proprie
1513 2282 1616 2324 Deo
1653 2281 1932 2325 conveniunt
1948 2281 2260 2326 'adhomiues
2326 2335 2327 2338 Ἰ

293 2353 638 2405 transferuntur,
680 2361 728 2395 ut
761 2351 966 2396 dicantur
993 2350 1069 2400 dii,
1105 2358 1149 2392 et
1184 2348 1266 2391 filii
1296 2348 1399 2401 Dei,
1433 2358 1476 2391 et
1506 2347 1696 2403 domini,
1728 2357 1773 2391 et
1807 2347 1966 2401 sancti,
2003 2357 2049 2392 et
2081 2348 2253 2403 christi,
2319 2385 2328 2389 ,

294 2421 410 2464 sicut
431 2435 483 2464 ex
511 2419 697 2463 diversis
724 2417 839 2462 locis
864 2417 1123 2474 Scripturae
1150 2425 1296 2474 patet:
1321 2415 1383 2458 ita
1415 2424 1460 2458 et
1484 2414 1675 2458 nomina
1700 2414 1851 2458 divina
1867 2414 2047 2459 homini
2071 2414 2140 2459 illi
2156 2427 2263 2460 con·
2318 2423 2325 2473 j

293 2488 493 2540 veniunt,
520 2496 569 2530 ut
594 2495 777 2545 propter
802 2485 889 2528 Dei
916 2483 1295 2527 inhabitationem
1314 2492 1356 2526 et
1380 2482 1598 2525 unionem
1626 2479 1828 2535 affectus,
1845 2481 2022 2526 dicatur
2047 2491 2094 2527 et
2115 2481 2257 2538 Deus,
2317 2483 2324 2502 ¹

295 2565 339 2599 et
374 2554 463 2598 Dei
487 2553 640 2607 Filius,
668 2562 713 2596 et
738 2551 981 2604 Dominus,
1015 2559 1059 2593 et
1091 2550 1299 2604 Sanctus,
1322 2558 1365 2593 et
1398 2548 1620 2597 Christus.
1651 2548 1742 2592 Sed
1768 2558 1939 2602 tamen,
1963 2548 2073 2608 quia
2098 2550 2145 2593 in
2175 2548 2266 2594 illos
2309 2552 2320 2597 J

293 2622 483 2666 homine
515 2621 663 2678 major
689 2618 922 2678 plenitudo
961 2617 1132 2676 gratiae
1174 2616 1256 2660 fuit
1290 2630 1427 2675 quam
1459 2616 1505 2658 in
1540 2615 1638 2659 aliis
1669 2615 1934 2660 hominibus
1964 2614 2267 2669 sant-*tistfuiv

295 2703 403 2748 prae
430 2687 590 2731 ceteris
616 2685 841 2745 templum
867 2684 971 2738 Dei,
997 2694 1042 2728 et
1064 2683 1229 2727 arctius
1255 2683 1358 2727 Deo
1386 2682 1640 2726 secundum
1674 2681 1890 2726 affectum
1912 2682 2086 2742 unitus,
2107 2682 2264 2727 et-sssin·
2304 2684 2327 2705 ⁵

296 2756 443 2815 gulari
469 2754 670 2814 quodam
697 2752 936 2812 privilegio
964 2751 1118 2795 divina
1143 2750 1333 2794 nomina
1359 2749 1666 2808 participavit;
1694 2758 1739 2793 et
1763 2758 1954 2811 propter
1968 2749 2091 2793 hanc
2116 2748 2269 2794 excelv
2303 2750 2318 2803 1.

295 2823 483 2867 lentiam
509 2821 680 2879 gratiae
707 2820 979 2864 constitutus
1007 2828 1074 2862 est
1095 2818 1142 2861 in
1166 2817 1512 2876 participatione
1534 2816 1714 2860 divinae
1735 2815 1965 2875 dignitatis
1980 2824 2036 2860 et-
2054 2815 2260 2870 honoris,
2302 2825 2316 2864 J

297 2899 346 2934 ut
371 2888 544 2933 scilicet
570 2887 843 2931 coadoretur
869 2886 987 2929 Deo.
1866 2894 1870 2897 ’
1906 2895 1917 2898 “
2016 2894 2020 2916 s
2054 2914 2058 2917 .
2178 2902 2194 2930 s
2261 2907 2267 2934 ᾖ
2305 2915 2318 2926 ,,

315 2972 318 2975 ·
386 2956 443 3000 Et
468 2955 548 3008 sic,
574 2954 827 2999 secundum
868 2952 1111 3011 praedicta,
1145 2959 1327 3009 oportet
1358 2949 1480 3008 quod
1514 2949 1603 2993 alia
1630 2948 1687 2993 sit
1711 2961 1911 3008 persona
1932 2947 2075 2993 Verbi
2090 2946 2190 2993 'Dei
2211 2948 2269 2993 εἰ»

299 3023 387 3069 alia
425 3036 621 3082 persona
657 3022 779 3065 illius
820 3020 1023 3065 hominis
1061 3019 1138 3079 qui
1169 3018 1323 3063 Verbo
1356 3018 1446 3062 Dei
1479 3017 1766 3063 coadoratur.
1798 3016 1868 3071 Et,
1897 3016 2145 3062 si-dicatur
2174 3028 2269 3061 una·-
2296 3023 2314 3063 '22

298 3105 492 3152 persona
521 3090 768 3148 utriusque,
805 3089 896 3132 hoc
925 3087 1009 3132 erit
1034 3096 1218 3146 propter
1249 3086 1470 3129 unionem
1503 3083 1791 3128 affectualem
1813 3080 2176 3144 praedictamssut
2196 3082 2269 3128 εὕο
2296 3077 2330 3138 3}

300 3160 474 3203 dicatur
500 3158 643 3201 homo
671 3155 747 3199 ille
772 3164 814 3199 et
840 3154 930 3198 Dei
955 3154 1174 3207 Verbum,
1202 3166 1292 3196 una
1324 3165 1537 3211 persona,
1570 3151 1687 3195 sicut
1709 3150 1871 3195 dicitur
1896 3149 1952 3196 de
1974 3149 2075 3195 viro
2100 3158 2147 3201 et
2171 3162 2265 3200 mu-
2295 3152 2320 3202 ἲ

299 3225 409 3270 liere
437 3224 558 3283 quod
586 3225 677 3281 jam
704 3236 797 3266 non
826 3229 929 3265 sunt
955 3220 1061 3275 duo,
1088 3220 1165 3264 sed
1192 3233 1282 3263 una
1307 3232 1429 3262 caro.
1455 3218 1524 3272 Et,
1552 3218 1657 3276 quia
1682 3216 1785 3261 talis
1811 3216 1921 3262 unio
1953 3230 2047 3262 non
2072 3214 2183 3261 facit
2217 3225 2266 3261 ut

299 3293 420 3352 quod
447 3293 502 3335 de
528 3304 620 3334 uno
647 3290 809 3333 dicitur
836 3289 891 3333 de
925 3287 1067 3332 altero
1096 3287 1185 3331 dici
1212 3286 1355 3346 possit
1379 3287 1495 3344 (non
1529 3285 1652 3330 enim
1679 3283 1896 3344 quidquid
1922 3284 2139 3341 convenit
2163 3285 2262 3330 viro

300 3373 458 3403 verum
487 3367 554 3402 est
579 3358 633 3400 de
656 3356 861 3410 muliere,
889 3365 966 3399 aut
988 3369 1011 3398 e
1040 3353 1301 3410 converso),
1327 3353 1433 3397 ideo
1459 3353 1506 3396 in
1533 3352 1702 3396 unione
1729 3351 1869 3396 Verbi
1899 3361 1946 3396 et
1968 3350 2091 3396 illius
2113 3349 2265 3396 homi·
2289 3356 2302 3411 j
2328 3349 2332 3394 ζ

303 3427 374 3470 nis
397 3427 487 3469 hoc
521 3423 858 3468 observandum
899 3431 1058 3481 putant
1085 3420 1206 3480 quod
1235 3434 1286 3464 ea
1314 3433 1429 3479 quae
1456 3429 1560 3463 sunt
1601 3418 1784 3479 propria
1815 3416 1936 3463 illius
1960 3416 2175 3475 hominis,
2207 3414 2266 3462 ad
2323 3423 2328 3451 ἰ

302 3493 553 3537 humanam
580 3500 790 3535 naturam
813 3488 1097 3548 pertinentia,
1125 3487 1180 3532 de
1206 3486 1360 3531 Verbo
1383 3486 1485 3540 Dei,
1513 3496 1590 3530 aut
1616 3485 1672 3530 de
1694 3485 1798 3530 Deo
1831 3483 2156 3530 convenient:
2173 3481 2265 3528 dici

305 3573 396 3607 non
420 3568 632 3620 possunt3
658 3558 773 3604 sicut
794 3555 973 3601 homini
991 3554 1057 3601 illi
1075 3554 1288 3600 convenit
1306 3552 1427 3615 quod
1446 3553 1502 3599 sit
1523 3561 1654 3598 natus
1672 3550 1941 3612 devirgine,
1952 3549 2075 3613 quod
2091 3562 2279 3611 passu8‚‘
