2332 3854
775 195 930 236 namt
967 195 1045 236 m.
1086 195 1206 236 CAP.
1246 194 1467 235 Lxxxvr.
1867 232 1869 234 ,
1988 195 2095 251 417

144 300 256 347 dens
285 314 381 345 non
412 299 581 345 habent
611 297 820 343 ordinem
847 297 903 342 ad
929 297 1142 343 invicem.
1173 297 1281 342 Non
1306 296 1445 355 igitur
1469 305 1574 340 sunt
1598 309 1651 339 ex
1679 294 1830 354 aliqua
1857 309 1994 340 causa
2020 309 2100 355 per

143 381 192 412 se
218 376 395 426 agente,
417 365 495 411 sed
519 364 671 410 solum
688 378 767 423 per
790 363 1001 409 accidens
1021 364 1113 408 hoc
1139 364 1303 409 evenit.
1321 362 1503 408 Accidit
1520 362 1641 408 enim
1660 362 1844 407 docenti
1860 362 2115 416 musicam,.

143 433 267 493 quod
292 433 455 477 doceat
471 431 709 476 hominem
727 429 903 474 album:
927 440 995 474 est
1011 431 1135 474 enim
1161 440 1339 489 praeter
1360 431 1457 488 ejus
1478 428 1795 483 intentionem,
1813 428 1892 473 sed
1909 428 2102 473 intendit

142 499 309 544 docere
341 497 605 557 disciplinae
630 496 980 555 susceptibilem.
1006 496 1082 541 Sic
1099 497 1235 556 igitur
1257 496 1491 555 proposito
1514 494 1666 554 aliquo
1690 493 1853 540 effectu
1880 495 2102 549 dicemus,

141 565 267 626 quod
290 565 449 610 habuit
465 564 666 624 aliquam
688 577 875 607 causam
902 577 955 606 ex
982 577 1070 621 qua
1093 578 1187 607 non
1212 563 1268 607 de
1283 564 1551 608 necessitate
1577 561 1864 620 sequebatur,
1890 563 1996 620 quia
2018 575 2100 620 po-

142 642 259 678 terat
283 632 493 693 impediri
515 646 569 676 ex
595 631 745 690 aliqua
777 629 864 673 alia
891 643 1028 674 causa
1054 631 1343 674 concurrenti
1373 643 1453 688 per
1484 630 1707 674 accidens.
1739 628 1796 672 Et
1830 627 1936 673 licet
1971 628 2101 672 illam

141 713 330 744 causam
346 706 694 743 concurrentem
719 695 777 741 sit
801 695 1017 741 reducere
1034 697 1080 740 in
1099 696 1298 755 aliquam
1325 710 1512 740 causam
1530 695 1755 749 altiorem,
1772 703 1928 740 tamen
1944 695 2098 754 ipsum

145 779 420 810 concursum
447 767 523 824 qui
548 763 736 823 impedit
757 776 851 807 non
883 772 951 807 est
982 763 1198 807 reducere
1221 764 1268 807 in
1291 762 1490 821 aliquam
1513 777 1711 807 causam.
1738 762 1793 806 Et
1815 762 1879 806 sic
1905 775 2001 806 non
2022 775 2099 821 po-

141 841 230 877 test
259 831 363 885 dici,
398 831 521 890 quod
552 830 931 888 impedimentum
968 830 1103 887 hujus
1138 829 1326 874 effectus
1361 829 1435 873 vel
1469 829 1589 874 illius
1627 829 1846 888 procedat
1866 844 1921 874 ex
1946 829 2101 888 aliquo

142 897 332 943 coelesti
346 898 582 957 principio.
598 897 730 941 Unde
746 910 840 940 non
858 906 1038 954 oportet
1054 897 1218 949 dicere,
1236 896 1359 955 quod
1372 896 1556 941 effectus
1571 910 1816 955 corporum
1829 895 2099 942 coelestium

142 978 199 1010 ex
222 965 491 1010 necessitate
518 964 787 1023 proveniant
813 963 859 1006 in
885 963 980 1006 istis
1006 962 1303 1007 inferioribus.

230 1032 349 1077 Hinc
371 1041 441 1077 est
464 1031 586 1090 quod
608 1031 923 1074 Damascenus
947 1030 1055 1074 dicit
1079 1030 1125 1074 in
1152 1030 1353 1074 secundo
1375 1031 1447 1074 De
1470 1029 1558 1075 fide
1580 1030 1761 1075 orthod.
1788 1031 1849 1089 (c.
1878 1032 1955 1088 7.),
1977 1029 2101 1089 quod

144 1112 336 1158 corpora
367 1098 583 1142 coelestia
614 1111 709 1141 non
740 1106 846 1142 sunt
878 1110 1015 1141 causa
1051 1098 1358 1154 generationis
1395 1096 1585 1155 alicujus
1623 1111 1784 1141 eorum
1820 1111 1938 1156 quae
1973 1096 2102 1150 fiunt,

140 1178 288 1225 neque
313 1163 615 1224 corruptionis
642 1177 803 1208 eorum
830 1178 945 1222 quae
968 1173 1332 1222 corrumpuntur,
1360 1164 1464 1222 quia
1496 1163 1672 1208 scilicet
1695 1177 1790 1208 non
1817 1178 1873 1208 ex
1903 1163 2102 1208 necessi-

140 1242 232 1276 tate
258 1245 312 1276 ex
337 1231 401 1276 eis
427 1230 613 1276 effectus
638 1230 924 1289 proveniunt.
947 1230 1219 1281 Aristoteles
1243 1230 1381 1274 etiam
1403 1230 1511 1274 dicit
1535 1230 1582 1273 in
1610 1230 1812 1274 secundo
1834 1230 1906 1274 De
1932 1243 2100 1274 somno

140 1307 188 1343 et
204 1297 361 1358 vigilia
386 1299 447 1356 (c.
474 1310 515 1342 2.
543 1298 623 1342 sub
651 1296 818 1353 initio),
844 1297 966 1355 quod
1000 1310 1161 1340 eorum
1193 1311 1309 1355 quae
1334 1297 1382 1340 in
1414 1297 1681 1356 corporibus
1713 1307 1831 1351 sunt,
1863 1296 2101 1355 signorum

140 1365 279 1410 etiam
305 1365 589 1419 coelestium,
611 1364 735 1408 velut
756 1378 977 1423 aquarum
1003 1374 1048 1408 et
1072 1374 1330 1418 ventorum,
1357 1364 1499 1408 multa
1525 1378 1619 1408 non
1646 1366 1873 1409 eveniunt.
1902 1363 1952 1408 Si
1977 1363 2102 1408 enirn

141 1431 256 1477 alius
290 1432 606 1477 vehementior
639 1432 727 1475 isto
765 1430 943 1475 accidat
968 1441 1135 1483 motus,
1170 1445 1195 1474 a
1222 1445 1313 1489 quo
1340 1430 1542 1474 futurum
1578 1441 1645 1475 est
1679 1432 1876 1490 signum,
1908 1445 2003 1475 non
2036 1430 2100 1485 fit,

139 1498 258 1544 sicut
288 1509 333 1543 et
363 1498 507 1543 multa
538 1498 748 1542 consulta
779 1497 911 1550 bene,
937 1512 1053 1555 quae
1085 1497 1182 1541 fieri
1214 1497 1492 1555 expediebat,
1529 1497 1748 1542 dissoluta
1779 1507 1885 1542 sunt
1915 1507 2099 1557 propter

140 1565 253 1610 alias
274 1565 505 1623 digniores
532 1565 864 1609 inchoationes.
891 1562 1189 1608 Ptolomaeus
1217 1564 1356 1608 etiam
1382 1564 1429 1607 in
1459 1563 1802 1623 Quadripartito
1829 1564 1960 1609 dicit:
1988 1564 2100 1608 Rur-

140 1646 232 1687 sus,
261 1646 357 1677 non
389 1632 629 1676 aestimare
662 1632 880 1675 debemus
906 1630 1030 1688 quod
1062 1631 1296 1689 superiora
1327 1631 1583 1688 procedunt
1607 1630 1944 1686 invariabiliter,
1970 1640 2019 1676 ut
2045 1645 2100 1675 ea

141 1713 259 1758 quae
292 1698 445 1743 divina
480 1692 775 1756 dispositione
810 1697 1095 1755 contingunt,
1122 1706 1166 1740 et
1198 1711 1313 1755 quae
1350 1696 1609 1741 nullatenus
1646 1707 1752 1742 sunt
1782 1697 1981 1751 vitanda,
2014 1712 2099 1741 nec

138 1779 235 1810 non
261 1779 376 1824 quae
400 1765 623 1809 veraciter
649 1774 694 1809 et
725 1778 781 1808 ex
810 1763 1081 1807 necessitate
1114 1764 1398 1822 proveniunt.
1432 1764 1484 1807 In
1519 1763 1783 1823 Centilogio
1818 1765 1957 1808 etiam
1989 1764 2101 1808 dicit

140 1833 202 1891 (c.
240 1831 326 1889 1.):
352 1831 480 1876 Haec
504 1831 685 1885 indicia,
712 1844 828 1890 quae
849 1829 932 1874 tibi
961 1830 1106 1884 trado,
1137 1839 1242 1875 sunt
1272 1830 1424 1875 media
1454 1831 1572 1875 inter
1596 1831 1906 1876 necessarium
1932 1841 1977 1876 et
2001 1845 2101 1890 pos-

140 1897 287 1944 sibile.

804 2065 1059 2122 CAPUT
1102 2067 1442 2123 LXXXVII.

339 2202 498 2250 QUOD
527 2203 717 2242 MOTUS
752 2203 1043 2242 COELESTIS
1073 2203 1335 2242 CORPORIS
1361 2205 1478 2244 NON
1508 2203 1649 2242 SUNT
1684 2203 1895 2242 CAUSAE

252 2277 611 2318 ELECTIONUM
662 2277 998 2317 NOSTRARUM
1035 2277 1107 2315 EX
1143 2277 1386 2316 VIRTUTE
1432 2277 1639 2317 ANIMAE
1683 2277 1982 2327 MOVENTIS,

807 2351 883 2390 UT
932 2351 1151 2397 QUIDAM
1199 2351 1430 2391 DICUNT.

725 2451 788 2509 (I.
820 2458 932 2512 part.
965 2458 1116 2511 quaest.
1153 2453 1285 2498 CXV.
1319 2459 1399 2497 art.
1432 2454 1511 2511 4.).

134 2607 140 2611 ,
228 2564 308 2610 Est
331 2574 486 2609 tamen
503 2563 842 2618 attendendum,
865 2564 988 2623 quod
1006 2564 1243 2608 Avicenna
1266 2565 1447 2608 decimo
1470 2565 1671 2624 Metaph.
1691 2566 1749 2622 (c.
1774 2566 1831 2622 1.)
1849 2565 1959 2620 vult,
1975 2565 2099 2625 quod

140 2641 293 2677 motus
318 2631 586 2677 coelestium
609 2645 853 2690 corporum
880 2632 970 2675 sint
993 2641 1251 2675 nostrarum
1275 2631 1554 2676 electionum
1582 2646 1761 2686 causae,
1793 2647 1887 2676 non
1913 2633 2098 2692 quidem

142 2712 223 2758 per
247 2698 540 2743 occasionem
566 2708 759 2751 tantum,
785 2697 902 2742 sicut
931 2711 1065 2756 supra
1097 2698 1270 2742 dictum
1296 2708 1365 2742 est
1390 2698 1452 2755 (c.
1495 2698 1603 2755 85.),
1643 2699 1721 2743 sed
1758 2713 1838 2756 per
1869 2713 1932 2743 se.
1961 2700 2099 2746 Ponit

141 2765 262 2810 enirn
287 2778 481 2824 corpora
506 2764 723 2808 coelestia
748 2777 846 2808 esse
874 2764 1097 2818 animata;
1124 2764 1243 2807 unde
1275 2774 1471 2823 oportet,
1490 2779 1596 2808 cum
1623 2775 1776 2809 motus
1804 2764 2015 2811 coelestis
2038 2768 2097 2812 sit

142 2831 197 2876 ab
248 2831 415 2884 anima,
462 2840 508 2876 et
549 2831 607 2875 sit
646 2841 798 2875 motus
832 2830 1051 2888 corporis,
1085 2830 1223 2889 quod,
1256 2831 1373 2875 sicut
1398 2831 1444 2875 in
1470 2840 1691 2890 quantum
1725 2841 1792 2876 est
1822 2842 1975 2877 motus
2002 2848 2100 2878 cor-

140 2898 277 2958 poris,
302 2897 440 2941 habet
462 2897 685 2942 virtutem
701 2896 1034 2941 transmutandi
1059 2910 1267 2955 corpora,
1300 2898 1376 2951 ita,
1401 2898 1448 2941 in
1480 2908 1700 2956 quantum
1734 2907 1800 2942 est
1835 2898 1889 2942 ab
1928 2900 2096 2956 anima,

140 2965 306 3009 habeat
329 2965 541 3008 virtutem
556 2963 847 3022 imprimendi
864 2963 911 3006 in
929 2964 1103 3007 animas
1129 2973 1320 3018 nostras,
1338 2974 1382 3008 et
1398 2964 1462 3008 sic
1481 2974 1633 3008 motus
1657 2964 1866 3009 coelestis
1885 2966 1943 3010 sit
1959 2981 2097 3012 causa

140 3042 400 3076 nostrarum
424 3030 712 3075 voluntatum
739 3039 782 3074 et
807 3029 1099 3075 electionum.
1126 3029 1199 3074 Ad
1226 3030 1348 3090 quod
1375 3031 1513 3075 etiam
1544 3030 1690 3076 redire
1721 3031 1898 3076 videtur
1928 3034 2096 3092 positio

141 3098 414 3143 Albumasar
439 3099 484 3142 in
510 3099 658 3157 primo
690 3098 760 3142 sui
784 3097 1118 3141 Introductorii.

233 3165 357 3210 Haec
385 3174 537 3209 autem
563 3164 729 3222 positio
755 3163 1030 3208 irrationalis
1056 3172 1136 3209 est.
1165 3163 1370 3208 Omnem
1402 3165 1526 3208 enim
1563 3163 1777 3209 effectum
1815 3166 1893 3225 qui
1925 3177 1993 3212 est
2015 3182 2096 3227 per

132 3228 489 3277 'instrumentum
517 3230 703 3290 aliquod
726 3231 779 3275 ab
807 3230 1031 3275 efficiente
1063 3230 1329 3289 procedens,
1356 3241 1537 3289 oportet
1568 3244 1666 3276 esse
1697 3233 2094 3291 proportionatum

138 3301 456 3351 instrumento,
481 3298 597 3342 sicut
623 3298 759 3342 etiam
792 3297 967 3357 agenti:
993 3311 1087 3341 non
1121 3299 1242 3340 enim
1276 3297 1479 3356 quolibet
1511 3300 1810 3342 instrumento
1844 3300 2012 3345 utimur
2038 3302 2094 3346 ad

141 3364 391 3426 quemlibet
411 3363 638 3409 effectum.
665 3363 800 3408 Unde
825 3362 935 3407 illud
958 3378 1052 3408 non
1069 3373 1216 3423 potest
1233 3363 1329 3408 fieri
1352 3378 1431 3423 per
1458 3363 1641 3424 aliquod
1668 3365 2019 3411 instrumentum
2039 3370 2094 3413 ad

140 3431 264 3491 quod
285 3430 413 3475 nullo
439 3430 580 3475 modo
607 3444 655 3475 se
687 3430 887 3475 extendit
911 3431 1031 3475 actio
1063 3425 1364 3475 instrumenti.
1391 3431 1528 3475 Actio
1556 3441 1709 3476 autem
1736 3433 1941 3492 corporis
1966 3434 2093 3480 nullo

139 3497 282 3543 modo
307 3512 355 3543 se
377 3497 577 3542 extendit
601 3497 656 3542 ad
682 3498 1050 3543 immutationem
1070 3498 1326 3542 intellectus
1352 3507 1398 3542 et
1416 3498 1677 3552 voluntatis,
1699 3508 1747 3543 ut
1772 3509 2006 3546 ostensum
2027 3512 2095 3547 est

140 3564 204 3624 (c.
229 3565 302 3622 84.
327 3575 373 3611 et
396 3565 504 3624 85.),
530 3565 617 3609 nisi
639 3563 757 3610 forte
781 3578 861 3624 per
886 3564 1111 3620 accidens,
1132 3565 1180 3609 in
1205 3574 1425 3626 quantum
1447 3579 1501 3610 ex
1525 3565 1596 3611 his
1620 3565 1889 3612 immutatur
1914 3582 2093 3629 corpus,

279 3667 318 3704 S.
342 3668 496 3705 Tuom
523 3668 655 3717 Summa
679 3675 792 3705 contra
812 3668 969 3705 Gentiles.
1820 3681 1864 3717 27
