2332 3854
829 224 984 265 LIBER
1021 224 1099 264 111.
1140 224 1261 264 cAP.
1302 222 1416 262 1:111.
1989 220 2094 277 445

899 464 1153 522 CAPUT
1196 465 1348 522 CIII.

151 610 436 660 QUOMODO
465 608 838 649 SUBSTANTIAE
864 607 1212 646 SPIRITUALES
1242 607 1449 653 ALIQUA
1474 605 1754 646 MIRACULA
1777 605 2102 646 OPERENTUR

517 683 666 730 QUAE
698 682 886 722 TAMEN
925 682 1042 721 NON
1082 683 1223 721 SUNT
1262 682 1402 720 VERE
1441 680 1738 720 MIRACULA.

753 770 816 850 (Ι.
842 797 962 851 part.
989 797 1141 850 quaest.
1178 790 1268 835 CX.
1301 796 1381 835 art.
1414 789 1494 848 4.).

233 918 335 964 Fuit
366 928 518 963 autem
551 917 718 977 positio
750 916 1014 960 Avicennae
1047 916 1139 973 (De
1172 916 1340 969 anima,
1358 925 1484 959 sexto
1518 928 1556 958 c.
1591 927 1632 960 2.
1659 924 1703 959 et
1735 923 1900 959 octavo
1935 929 1972 960 c.
2001 912 2103 972 ult.)

147 986 269 1047 quod
301 985 559 1030 substantiis
591 984 808 1044 separatis
840 982 986 1027 multo
1009 983 1160 1041 magis
1182 982 1336 1026 obedit
1361 981 1551 1026 materia
1574 981 1629 1025 ad
1651 981 2000 1040 productionem
2023 981 2103 1026 ali-

147 1053 275 1112 cujus
297 1052 497 1107 effectus,
524 1065 663 1111 quam
691 1050 927 1094 contrariis
954 1050 1190 1108 agentibus
1215 1049 1262 1092 in
1288 1058 1471 1093 natura:
1499 1048 1619 1092 unde
1645 1048 1775 1106 ponit
1799 1048 1921 1106 quod
1949 1047 2004 1091 ad
2032 1062 2105 1107 ap-

145 1120 495 1180 prehensionem
522 1118 854 1177 praedictarum
877 1117 1231 1161 substantiarum
1258 1116 1460 1175 sequitur
1483 1115 1712 1159 interdum
1739 1113 1926 1158 effectus
1944 1114 2105 1174 aliquis

148 1186 306 1231 inistis
322 1185 622 1239 inferioribus,
639 1183 713 1229 vel
730 1184 1000 1243 pluviarum,
1020 1183 1095 1227 vel
1116 1182 1319 1227 sanitatis
1345 1181 1536 1241 alicujus
1556 1181 1739 1236 infirmi,
1766 1182 1934 1240 absque
1953 1182 2104 1241 aliquo

147 1266 371 1312 corporeo
398 1262 560 1311 agente
578 1251 746 1296 medio.
766 1251 908 1309 CuJus
935 1250 1120 1310 quidem
1146 1251 1328 1309 signum
1352 1250 1406 1293 ab
1434 1249 1587 1293 anima
1611 1259 1767 1294 nostra
1794 1249 1971 1308 accipit,
1989 1264 2106 1308 quae

147 1332 254 1364 cum
278 1318 410 1363 fuerit
434 1317 562 1363 fortis
593 1319 639 1363 in
671 1332 751 1363 sua
777 1318 1120 1377 imaginatione,
1143 1319 1199 1361 ad
1226 1316 1374 1362 solam
1402 1317 1814 1376 apprehensionem
1840 1317 2107 1362 immutatur

148 1399 335 1445 corpus;
368 1386 486 1430 sicut
515 1399 622 1430 cum
662 1385 762 1444 quis
808 1384 1047 1430 ambulans
1078 1398 1214 1443 super
1243 1384 1418 1428 trabem
1449 1384 1497 1427 in
1529 1383 1622 1428 alto
1665 1385 1862 1442 positam
1894 1384 2016 1428 cadit
2050 1383 2107 1428 de

146 1451 283 1509 facili,
314 1453 422 1512 quia
452 1453 728 1511 imaginatur
759 1465 916 1496 casum
950 1465 1003 1496 ex
1023 1451 1211 1505 timore;
1232 1464 1327 1495 non
1346 1461 1499 1495 autem
1525 1450 1721 1504 caderet,
1753 1451 1792 1495 si
1817 1460 1938 1495 esset
1956 1450 2106 1495 trabes

146 1518 227 1563 illa
259 1520 407 1578 posita
439 1533 573 1578 super
607 1528 790 1572 terram,
821 1518 941 1562 unde
978 1531 1137 1562 casum
1173 1518 1336 1562 timere
1376 1531 1471 1561 non
1515 1529 1685 1576 posset.
1717 1516 2009 1561 Manifestum
2043 1526 2111 1561 est

148 1585 286 1630 etiam
319 1585 442 1645 quod
475 1586 530 1629 ad
562 1584 710 1629 solam
744 1584 1153 1644 apprehensionem
1181 1584 1362 1628 animae
1389 1583 1575 1628 calescit
1596 1597 1776 1642 corpus,
1802 1584 1920 1628 sicut
1945 1583 2110 1628 accidit

147 1653 195 1697 in
226 1652 664 1712 concupiscentibus,
696 1651 771 1695 vel
802 1651 954 1705 iratis;
987 1661 1064 1695 aut
1085 1651 1223 1695 etiarn
1248 1650 1546 1709 infrigidatur,
1568 1651 1685 1695 sicut
1702 1650 1867 1694 accidit
1882 1650 1929 1694 in
1946 1651 2108 1694 timen—

147 1720 280 1764 tibus.
309 1719 598 1778 Quandoque
632 1718 770 1762 etiam
802 1718 1071 1762 immutatur
1103 1731 1156 1761 ex
1186 1717 1294 1761 forti
1323 1717 1686 1776 apprehensione
1712 1717 1769 1761 ad
1811 1717 2012 1775 aliquam
2039 1730 2110 1760 ae-

149 1785 439 1846 gritudinem,
471 1794 579 1844 puta
610 1784 798 1839 febrem,
820 1784 896 1828 vel
927 1785 1065 1828 etiam
1087 1783 1277 1843 lepram.
1300 1784 1357 1828 Et
1377 1798 1457 1842 per
1481 1784 1604 1828 hunc
1627 1784 1818 1827 modum
1842 1784 1964 1837 dicit,
1985 1783 2109 1842 quod

149 1853 188 1897 si
218 1854 372 1897 anima
402 1852 459 1896 sit
489 1865 615 1911 pura,
653 1865 747 1895 non
779 1852 982 1908 subjecta
1023 1850 1336 1909 corporalibus
1375 1851 1676 1909 passionibu3‚
1711 1860 1756 1894 et
1787 1850 1916 1894 fortis
1948 1851 1994 1893 in
2027 1864 2107 1894 sua

150 1919 524 1979 apprehensione,
557 1919 711 1963 obedit
742 1917 1095 1977 apprehensioni
1127 1919 1222 1976 ejus
1255 1931 1348 1962 non
1380 1917 1533 1962 solum
1565 1931 1729 1976 corpus
1761 1918 2011 1976 proprium,
2029 1916 2108 1961 sed

150 1989 289 2031 etiam
321 1980 543 2030 exteriora
575 1998 793 2043 corpora;
827 1985 942 2028 adeo
975 1985 1097 2043 quod
1132 1985 1186 2028 ad
1219 1985 1315 2041 ejus
1355 1984 1768 2043 apprehensionem
1811 1994 1992 2028 sanetur
2034 1983 2111 2027 ali·

151 2053 251 2112 quis
283 2051 502 2105 infirmus,
532 2051 608 2095 vel
639 2051 805 2110 aliquid
838 2051 1102 2109 hujusmodi
1134 2051 1255 2095 aliud
1289 2051 1478 2105 accidat,
1512 2061 1557 2095 et
1588 2051 1679 2095 hoc
1717 2051 1847 2110 ponit
1877 2064 1976 2095 esse
2009 2064 2110 2094 cau·

150 2133 250 2164 sam
280 2117 607 2173 fascinationis,
639 2117 745 2176 quia
786 2118 825 2162 si
867 2120 1019 2161 anima
1052 2118 1242 2176 alicujus
1283 2118 1581 2162 vehementer
1621 2117 1783 2161 affecta
1822 2118 1868 2161 in
1910 2116 2111 2161 malevo-

151 2185 290 2230 lentia
336 2185 475 2229 habet
514 2184 862 2243 impressionem
903 2185 1170 2228 nocumenti
1210 2184 1258 2227 in
1301 2183 1515 2243 aliquem,
1557 2184 1755 2228 maxime
1795 2198 2001 2242 puerum,
2033 2183 2110 2243 qui

149 2261 332 2312 propter
354 2251 558 2310 corporis
580 2251 930 2295 teneritudinem
956 2260 1024 2295 est
1044 2250 1176 2295 facile
1198 2251 1481 2310 susceptivus
1502 2251 1829 2310 impressionis.
1857 2250 1991 2295 Unde
2014 2250 2111 2294 vult

153 2318 276 2378 quod
306 2318 453 2362 multo
487 2317 680 2376 amplius
713 2318 769 2361 ad
802 2317 1212 2376 apprehensionem
1249 2318 1601 2362 substantiarum
1634 2321 1962 2376 separatarum,
1999 2331 2110 2376 quas

151 2385 281 2446 ponit
312 2385 502 2438 animas,
533 2384 607 2428 vel
638 2383 841 2429 motores
884 2385 1078 2438 orbium,
1110 2394 1324 2443 sequatur
1365 2383 1525 2443 aliquis
1568 2383 1754 2429 effectus
1786 2384 1833 2428 in
1865 2385 1962 2428 istis
2004 2383 2112 2428 infe-

152 2452 346 2497 rioribus
377 2452 547 2510 absque
573 2453 752 2496 actione
785 2450 974 2510 alicujus
1007 2450 1257 2510 corporalis
1286 2451 1473 2510 agentis.

243 2518 368 2563 Haec
402 2528 556 2562 autem
587 2518 753 2576 positio
776 2518 884 2562 satis
916 2531 1121 2562 consona
1153 2528 1220 2562 est
1241 2517 1339 2561 aliis
1370 2518 1462 2562 suis
1484 2517 1800 2576 positionibus.
1824 2517 1962 2562 Ponit
1985 2517 2109 2562 enim

154 2585 277 2645 quod
303 2598 464 2630 omnes
488 2584 665 2629 formae
691 2584 1008 2629 substantiales
1035 2583 1219 2628 effluant
1239 2585 1283 2629 in
1307 2585 1422 2628 haec
1440 2584 1654 2628 inferiora
1678 2599 1702 2628 a
1718 2585 1967 2629 substantia
1987 2598 2112 2642 sepa-

153 2663 265 2707 rata,
291 2663 335 2697 et
359 2652 480 2712 quod
508 2652 764 2710 corporalia
790 2652 970 2711 agentia
995 2665 1089 2695 non
1121 2652 1210 2695 sint
1241 2652 1327 2695 nisi
1358 2651 1645 2710 disponentia
1677 2651 1916 2695 materiam
1955 2651 2011 2695 ad
2042 2665 2112 2695 su-

155 2718 434 2776 scipiendam
468 2718 816 2777 impressionem
843 2718 1024 2776 ‘agentis
1062 2717 1271 2776 separati.
1305 2717 1448 2771 Quod
1481 2717 1666 2776 quidem
1697 2731 1792 2761 non
1831 2727 1899 2761 est
1936 2731 2110 2771 verum,

155 2785 406 2830 secundum
436 2784 696 2828 Aristotelis
728 2784 997 2838 doctrinam,
1031 2784 1107 2842 qui
1146 2784 1307 2842 probat
1347 2784 1394 2826 in
1433 2784 1631 2842 septimo
1669 2784 1869 2842 Metaph.
1906 2787 1955 2838 (t.
1975 2798 2014 2828 c.
2038 2784 2109 2829 28.

158 2860 203 2895 et
227 2852 344 2909 seq.)
377 2850 499 2909 quod
525 2849 700 2894 formae
726 2864 841 2909 quae
869 2860 973 2894 sunt
1002 2850 1047 2894 in
1075 2851 1266 2894 materia
1287 2864 1381 2894 non
1414 2860 1518 2893 sunt
1545 2864 1571 2893 a
1595 2849 1755 2894 formis
1782 2851 2014 2909 separatis,
2031 2851 2110 2894 sed

158 2932 185 2962 a
209 2917 368 2961 formis
400 2930 515 2975 quae
547 2926 651 2960 sunt
683 2918 728 2961 in
761 2917 975 2961 materia:
1007 2917 1071 2961 sic
1105 2917 1229 2961 enim
1259 2916 1486 2961 invenitur
1519 2916 1768 2961 similitudo
1794 2917 1910 2961 inter
1939 2917 2110 2962 faciens

159 2995 204 3028 et
234 2982 419 3027 factum.

247 3049 517 3109 Exemplum
550 3050 701 3103 etiam,
719 3050 841 3109 quod
874 3049 1065 3094 sumitur
1098 3049 1152 3093 de
1185 3049 1484 3108 impressione
1518 3050 1696 3093 animae
1728 3050 1775 3093 in
1807 3063 1985 3109 corpus,
2017 3065 2111 3095 non

159 3115 355 3161 multum
398 3116 579 3174 adjuvat
617 3117 712 3173 ejus
751 3116 1067 3161 intentionem.
1103 3116 1212 3160 Non
1254 3116 1376 3160 enim
1415 3130 1468 3160 ex
1510 3116 1872 3176 apprehensione
1911 3117 2114 3176 sequitur

160 3183 311 3242 aliqua
342 3182 601 3227 immutatio
625 3183 844 3240 corporis,
869 3183 955 3227 nisi
977 3183 1328 3242 apprehensioni
1354 3184 1566 3242 adjuncta
1591 3182 1722 3227 fuerit
1745 3182 1925 3228 affectio
1949 3184 2113 3243 aliqua,

160 3260 207 3294 ut
248 3249 413 3308 gaudii,
450 3248 524 3292 vel
554 3248 745 3302 timoris,
778 3259 853 3293 aut
895 3250 1304 3308 concupiscentiae,
1339 3259 1413 3294 aut
1455 3249 1635 3293 alterius
1674 3250 1911 3308 passionis.
1953 3251 2115 3308 Hujus-

159 3317 286 3360 modi
320 3325 470 3359 autem
511 3316 745 3373 passiones
780 3316 989 3360 accidunt
1031 3331 1137 3360 cum
1180 3316 1332 3375 aliquo
1365 3316 1665 3360 determinato
1700 3326 1827 3360 motu
1866 3317 2029 3371 cordis,
2060 3332 2115 3362 ex

160 3396 252 3442 quo
286 3381 576 3439 consequitur
611 3381 797 3426 ulterius
829 3383 1088 3426 immutatio
1121 3383 1258 3426 totius
1294 3383 1513 3442 corporis,
1545 3382 1619 3427 vel
1649 3382 1900 3426 secundum
1934 3393 2115 3428 motum

160 3447 374 3501 localem,
407 3447 479 3492 vel
510 3448 761 3492 secundum
794 3447 1112 3493 alterationem
1145 3449 1373 3508 aliquam:
1406 3449 1524 3493 unde
1562 3449 1709 3493 adhuc
1753 3460 1958 3494 remanet
1993 3451 2115 3510 quod

163 3514 462 3625 apprlqhensio
499 3514 775 3560 substantiae
816 3515 1060 3575 spiritualis
1091 3530 1185 3560 non
1219 3515 1378 3560 alterat
1409 3530 1573 3576 corpus
1608 3516 1696 3560 nisi
1726 3516 1955 3562 mediante
1987 3527 2115 3562 motu

162 3581 266 3626 loca
287 3581 314 3625 “.
