2332 3854
769 237 924 277 tuma
961 236 1038 275 111.
1081 231 1200 275 car».
1245 227 1409 297 xtv'n
1952 236 2057 290 349

104 339 314 389 naturam
332 336 594 401 >int‘essssecti'is
619 337 860 398 possibilis,
886 336 1062 382 scilicet
1086 336 1209 396 quod
1235 335 1293 381 sit
1308 333 1542 380 immixtus
1561 344 1604 379 et
1625 334 1992 395 incorruptibilis,
2015 345 2072 380 ut-

108 411 170 455 εὶ*
188 406 449 470 praemissis
465 397 586 466 (Lib.
611 405 667 450 11.
695 419 735 449 c.
760 403 853 460 62.)
880 410 1016 462 patet.

191 475 268 520 Sic
288 475 423 533 igitur
438 472 689 518 secundum
707 470 1008 515 intentionem
1026 469 1270 528 Augustini
1287 474 1418 513 mens
1440 477 1595 512 nostra
1612 481 1691 526 per
1712 467 1916 527 seipsam·
1932 468 2065 512 novit

111 536 323 602 seipsam,
348 540 395 584 in
421 548 639 599 quantum
666 537 723 582 de
748 550 797 582 se
824 538 1062 595 cognoscit
1088 535 1210 594 quod
1233 545 1321 582 est:
1348 547 1404 578 ex
1427 534 1525 579 hoc
1546 535 1668 578 enim
1694 534 1798 592 ipso
1822 534 1942 593 quod
1966 543 2061 592 per-

111 598 224 668 cipit
247 618 296 651 se
323 610 472 665 agere,
498 603 688 664 percipit
709 616 757 648 se
784 616 895 647 esse.
922 602 1033 661 Agit
1059 611 1212 646 autem
1243 609 1329 660 per'
1353 602 1575 660 seipsam·
1602 601 1842 659 Un'de'p'er
1867 600 2064 659 seipsam

103 666 235 720 dE‘se
261 673 506 732 cognoscit
527 669 649 730 quod
676 679 756 714 est.

191 739 268 785 Sic
296 753 407 798 ergo
434 749 477 783 et
503 738 559 782 d‘e
584 735 843 781 substantiis
865 734 1082 794 separatis
1109 734 1264 778 anima
1298 734 1625 791 cognoscendo
1651 733 1864 792 seipsam,
1892 740 2063 793 cogno*

102 804 194 851 sc'it'
213 805 318 865 q'uia'
345 814 463 858 sunt,
489 817 584 848 non
609 812 763 847 autem
786 801 892 861 quid
914 808 1032 855 sunt,
1056 801 1177 860 quod
1205 809 1272 844 est
1298 807 1459 844 earum·
1489 799 2062 859 substantiasintelligere.

105 872 229 918 Cum'
251 871 375 916 enim
396 871 457 915 de·
478 868 741 915 substantiis
764 868 985 927 separatis
1000 868 1091 911 hoc
1109 867 1231 926 quod
1249 866 1337 910 sin't
1359 865 1694 910 intellectuales
1712 866 1938 925 quaedam
1961 866 2074 910 suba-

103 937 293 984 stantiae
320 940 670 996 cognoscamus,
694 934 771 979 v‘el
796 943 881 993 per·
894 933 1348 986 demonstrationem,
1374 931 1448 976 vel
1466 944 1544 990 per
1561 932 1713 984 fidem,
1735 932 2072 977 neutrornodo‘

103 1005 222 1050 hanc
249 1002 562 1063 cognitionem
591 1002 795 1061 accipere·
822 1007 1079 1060 possemus,-
1106 999 1194 1043 nisi
1218 999 1317 1061 hoc
1336 999 1488 1058 ipsum
1519 1000 1642 1057 quod
1666 1008 1736 1043 est
1765 1011 1864 1043 esse
1895 997 2073 1044 intessea·

43 1082 48 1089 ·
104 1064 264 1116 ct'uale‘
288 1069 441 1114 anima
467 1078 627 1113 nostra
659 1073 717 1112 eit
748 1068 896 1126 seipsa
930 1070 1240 1126 cognosceret.
1272 1065 1406 1109 Unde
1446 1073 1491 1109 et
1516 1065 1706 1109 scientia
1746 1065 1801 1109 de
1828 1065 2064 1110 intellectu

104 1137 284 1182 animae
305 1146 486 1195 oportet
511 1135 575 1180 uti
600 1144 649 1179 ut
679 1127 902 1194 principio
931 1134 986 1178 ad
1026 1133 1186 1177 omnia
1217 1138 1332 1192 quae
1365 1131 1421 1176 de
1453 1131 1715 1177 substantiis
1745 1133 1962 1190 separatis
1993 1145 2073 1177 εον

105 1192 385 1263 gnoscim'us.

191 1269 299 1315 Non
326 1278 478 1313 autern
505 1277 686 1327 oportet
723 1267 844 1326 quod
885 1267 923 1311 si
963 1281 1044 1326 per
1070 1266 1282 1311 scientias
1314 1265 1617 1324 spe‘cuIa-tivas
1650 1265 1878 1324 possimus
1909 1277 2063 1324 perire-²

104 1335 202 1380 nire
229 1335 293 1380 a'd
311 1334 560 1380 sciendum>
577 1335 630 1378 de
661 1335 816 1379 anima
842 1333 947 1392 quid
976 1343 1056 1387 est,
1082 1333 1207 1392 quod
1231 1339 1482 1391 possumus
1504 1332 1564 1376 ad·
1585 1332 1824 1376 sciendum
1847 1333 2063 1391 quidquid

105 1409 174 1447 est
199 1402 254 1447 de
280 1402 540 1446 substantiis
565 1401 784 1460 separatis
811 1414 891 1459 per
922 1399 1183 1457 hujusmodi
1210 1400 1452 1443 scientia-m
1475 1399 1724 1458 perveni-ref
1750 1399 1875 1443 Nam
1898 1399 2062 1444 intelli-

104 1469 213 1527 ge're'
237 1472 460 1522 nostrum,
487 1481 566 1526 per
592 1467 715 1526 quod
741 1467 1030 1525 pervenimus
1057 1466 1112 1509 ad
1139 1466 1377 1510 sciendum
1403 1466 1458 1509 de
1486 1465 1639 1509 anima
1665 1475 1821 1509 nostra
1846 1465 1953 1524 quid
1976 1475 2059 1519 est,

104 1534 300 1579 multum
318 1545 384 1579 est
409 1544 638 1578 remotum
661 1533 714 1577 ab
738 1532 1038 1591 intelligentia
1056 1532 1331 1576 substantiae
1348 1540 1596 1591 separatae.
1614 1532 1772 1576 Potest
1793 1541 1963 1586 tamen,
1983 1544 2064 1590 per

104 1601 195 1646 h'oc
223 1601 345 1660 quod
377 1602 516 1645 scitur
552 1600 607 1644 de
645 1602 797 1643 anima
832 1608 988 1643 nostra
1030 1599 1138 1658 quid
1165 1609 1245 1652 est,
1278 1599 1502 1658 perveniri
1528 1599 1586 1642 ad
1610 1599 1848 1643 sciendum
1875 1598 2061 1658 aliq-uod

108 1671 252 1727 g'enus
277 1677 507 1712 remotum
533 1666 883 1711 substantiarum
905 1671 1237 1725 separatarum:
1262 1666 1383 1724 quod
1403 1671 1590 1710 nonest
1616 1676 1773 1709 earum
1789 1665 2063 1710 substantias

108 1731 376 1793 inteIIigere.

198 1800 326 1845 Sicut
352 1810 504 1845 autem
531 1801 585 1844 de
613 1800 764 1844 anima
791 1801 959 1843 scimus
981 1799 1084 1858 quia
1103 1808 1170 1843 est
1186 1813 1266 1859 per
1283 1799 1495 1858 seipsam,
1514 1799 1559 1842 in
1583 1808 1803 1857 quantum
1822 1800 1919 1856 ejus
1937 1809 2064 1843 actus

103 1867 398 1927 percipirnus3
424 1867 531 1926 quid
564 1873 716 1910 autem
752 1866 809 1910 sit
848 1866 1116 1924 inquirimus
1143 1881 1198 1910 ex
1235 1867 1408 1910 actibus
1435 1874 1478 1909 et
1505 1865 1695 1924 objectis
1722 1879 1802 1923 per
1839 1866 2060 1924 principia

105 1933 397 1979 scientiarum
423 1932 823 1992 speculativarum:
849 1933 920 1976 ita*
937 1932 1078 1976 etiam‘
1098 1933 1153 1977 de
1177 1933 1246 1976 his
1270 1946 1385 1991 quae
1412 1942 1517 1976 sunt
1542 1933 1587 1975 in
1615 1932 1768 1975 anima
1790 1942 1960 1986 nostra,
1983 1935 2064 1977 sci-

105 1999 450 2060 licet'potentiis
478 2009 523 2045 et
547 2000 787 2054 habitibus,
814 2000 982 2043 scimus
1006 2000 1190 2058 quidem
1218 2000 1322 2058 quia
1350 2008 1470 2052 sunt,
1497 1999 1543 2042 in
1571 2010 1791 2058 quantum
1814 2009 1939 2044 actus
1967 2013 2066 2057 per-

109 2067 317 2127 cipimus.
343 2066 468 2120 Quid
492 2081 602 2111 vero
629 2067 732 2122 sint,
754 2080 808 2110 ex
839 2066 1045 2126 ipsorum
1073 2074 1256 2110 actu-um
1284 2065 1504 2125 qualitate
1526 2066 1801 2110 invenimusa

825 2287 1080 2344 CAPUT
1121 2289 1351 2344 XLVII.

108 2412 286 2473 Q't'roffi‘
309 2414 425 2463 uo‘N
466 2412 747 2462 Possumus
789 2425 844 2462 IN
873 2423 986 2462 Hac
1025 2422 1158 2461 VITA
1189 2423 1391 2462 VIDERE
1422 2422 1579 2461 DEUM
1609 2418 1709 2462 PER
1739 2419 2062 2464 Essem-IAM.

709 2538 767 2598 (I.
788 2546 905 2599 part.
937 2546 1090 2599 quaest.
1124 2540 1223 2584 XII.
1250 2546 1330 2585 art.
1364 2541 1461 2598 IL).

199 2659 249 2705 Si
272 2667 424 2704 autern
451 2659 563 2704 alias
589 2659 860 2704 substantias
886 2669 1116 2718 separatas
1141 2659 1188 2702 in
1214 2659 1301 2703 hac
1323 2659 1416 2703 vita
1437 2658 1690 2718 intelligere
1706 2673 1801 2704 non
1818 2674 2063 2719 possumus

110 2731 295 2786 propter
320 2725 746 2770 connaturalitatem
768 2725 1023 2769 intellectus
1055 2727 1198 2769 nostri
1225 2726 1280 2769 ad
1306 2726 1638 2784 phantasmata,
1666 2726 1812 2770 multo
1842 2727 1996 2772 minus
2020 2728 2068 2772 in

108 2793 196 2837 hac
218 2793 310 2844 vita
323 2792 522 2836 divinam
540 2793 785 2837 essentiam
806 2792 960 2836 videre
983 2805 1240 2850 possumus,
1258 2805 1373 2850 quae
1395 2793 1673 2836 transcendit
1685 2807 1846 2837 omnes
1863 2794 2070 2839 substan⁴

109 2859 195 2903 tias
219 2867 463 2918 separatas.

199 2925 345 2983 Hujus
372 2934 524 2968 autern
550 2925 732 2983 signum
758 2924 863 2969 hinc
897 2924 1207 2983 etiam'accipi
1233 2934 1397 2984 potest,
1424 2926 1530 2984 quia
1557 2935 1726 2985 quanto
1754 2928 1900 2985 magis
1933 2941 2064 2972 mens

109 2997 262 3037 nostra
290 2991 345 3035 ad
373 2991 723 3050 contemplanda
750 2991 998 3049 spiritualia
1025 2990 1240 3045 elevatur,
1266 3002 1395 3036 tanto
1428 2993 1575 3050 magis
1610 2993 1883 3037 abstrahitur
1915 3007 1942 3037 a
1968 3008 2066 3038 sen-

109 3057 326 3102 sibilibus.
355 3056 554 3101 Ultimus
582 3067 732 3102 autem
764 3058 984 3101 terminus
1016 3071 1109 3116 quo
1142 3058 1471 3117 contemplatio
1509 3061 1762 3118 pertingere
1803 3069 1965 3118 potest,
2000 3071 2069 3106 est

110 3124 262 3168 divina
288 3122 549 3167 substantia.
576 3123 711 3168 Unde
743 3134 923 3183 oportet
955 3135 1157 3168 mentem
1200 3139 1316 3183 quae
1352 3125 1555 3169 divinam
1593 3126 1890 3170 substantiam
1927 3127 2067 3181 videt,

107 3190 309 3235 totaliter
340 3203 363 3232 a
397 3189 709 3248 corporalibus
742 3191 1077 3244 sensibus,esse
1121 3191 1393 3246 absolutam,
1420 3192 1496 3237 vel
1521 3207 1601 3251 per
1637 3203 1849 3248 mortem,
1882 3193 1955 3237 vel
1988 3208 2068 3251 per

77 3315 79 3317 ι
110 3256 309 3316 aliquem
339 3265 534 3315 raptum.

198 3323 316 3367 Hinc
344 3332 412 3366 est
436 3321 558 3381 quod
584 3323 747 3367 dicitur
768 3337 822 3368 ex
838 3337 1033 3383 persona
1049 3324 1138 3368 Dei
1156 3324 1318 3382 (Exod.
1336 3324 1547 3368 XXXIII.
1568 3325 1683 3382 20.):
1712 3327 1810 3371 Non
1828 3326 1983 3371 videbit
2004 3342 2069 3371 me

109 3390 231 3434 homo
256 3396 292 3433 εἰ
316 3391 443 3433 vivet.

202 3455 342 3509 Quod
370 3466 523 3500 autem
564 3455 611 3499 in
636 3469 763 3501 sacra
800 3456 1030 3515 Scriptura
1072 3457 1207 3515 aliqui
1242 3457 1394 3501 Deum
1426 3458 1593 3502 vidisse
1626 3459 1850 3513 dicuntur,
1884 3470 2066 3518 oportet

110 3521 303 3582 intelligi
322 3522 412 3566 hoc
432 3521 568 3567 fuisse
585 3535 665 3580 per
681 3522 881 3582 aliquam
899 3525 1215 3583 imaginariam
1238 3524 1479 3578 visionem,
1501 3538 1581 3568 seu
1605 3525 1742 3569 etiam
1761 3526 2067 3583 corporalem,

110 3595 251 3649 prout-
268 3588 442 3634 scilicet
468 3603 548 3648 per
570 3588 743 3649 aliquas
776 3602 1019 3649 corporeas
1045 3591 1235 3649 species,
1263 3590 1335 3634 vel
1369 3591 1563 3635 exterius
1594 3602 1878 3651 apparentes,
1904 3593 1979 3638 vel
2004 3594 2068 3637 in-
