<?xml version="1.0" encoding="UTF-8"?>
<!DOCTYPE html PUBLIC "-//W3C//DTD XHTML 1.0 Transitional//EN"
    "http://www.w3.org/TR/xhtml1/DTD/xhtml1-transitional.dtd">
<html xmlns="http://www.w3.org/1999/xhtml" xml:lang="en" lang="en">
 <head>
  <title>
</title>
<meta http-equiv="Content-Type" content="text/html;charset=utf-8" />
  <meta name='ocr-system' content='tesseract 3.04.00' />
  <meta name='ocr-capabilities' content='ocr_page ocr_carea ocr_par ocr_line ocrx_word'/>
</head>
<body>
  <div class='ocr_page' id='page_1' title='image "./divithomaeaquina00thom_0719.png"; bbox 0 0 2294 3854; ppageno 0'>
   <div class='ocr_carea' id='block_1_1' title="bbox 0 18 37 846">
    <p class='ocr_par' dir='ltr' id='par_1_1' title="bbox 0 18 37 846">
     <span class='ocr_line' id='line_1_1' title="bbox 0 18 37 846; baseline 0 0"><span class='ocrx_word' id='word_1_1' title='bbox 0 18 37 846; x_wconf 95' lang='lat' dir='ltr'> </span> 
     </span>
    </p>
   </div>
   <div class='ocr_carea' id='block_1_2' title="bbox 890 226 2151 295">
    <p class='ocr_par' dir='ltr' id='par_1_2' title="bbox 890 226 2151 295">
     <span class='ocr_line' id='line_1_2' title="bbox 890 226 2151 295; baseline 0.002 -17"><span class='ocrx_word' id='word_1_2' title='bbox 890 240 1046 280; x_wconf 71' lang='lat' dir='ltr'>Lmen</span> <span class='ocrx_word' id='word_1_3' title='bbox 1081 240 1153 281; x_wconf 84' lang='lat' dir='ltr'>w.</span> <span class='ocrx_word' id='word_1_4' title='bbox 1195 240 1316 280; x_wconf 73' lang='lat' dir='ltr'>cAP.</span> <span class='ocrx_word' id='word_1_5' title='bbox 1356 239 1467 280; x_wconf 75' lang='lat' dir='ltr'>xer.</span> <span class='ocrx_word' id='word_1_6' title='bbox 2044 226 2151 295; x_wconf 71' lang='lat'><strong>7‘07</strong></span> 
     </span>
    </p>
   </div>
   <div class='ocr_carea' id='block_1_3' title="bbox 203 340 2222 3658">
    <p class='ocr_par' dir='ltr' id='par_1_3' title="bbox 203 340 2155 534">
     <span class='ocr_line' id='line_1_3' title="bbox 203 340 2155 401; baseline -0.001 -15"><span class='ocrx_word' id='word_1_7' title='bbox 203 341 317 401; x_wconf 79' lang='lat' dir='ltr'>apud</span> <span class='ocrx_word' id='word_1_8' title='bbox 341 348 378 387; x_wconf 74' lang='lat' dir='ltr'>tc</span> <span class='ocrx_word' id='word_1_9' title='bbox 400 356 524 400; x_wconf 71' lang='lat' dir='ltr'>usque</span> <span class='ocrx_word' id='word_1_10' title='bbox 548 355 694 393; x_wconf 56' lang='lat' dir='ltr'>manu</span> <span class='ocrx_word' id='word_1_11' title='bbox 719 340 953 385; x_wconf 85' lang='lat' dir='ltr'>Dominus</span> <span class='ocrx_word' id='word_1_12' title='bbox 985 341 1123 387; x_wconf 87' lang='lat' dir='ltr'>etiam</span> <span class='ocrx_word' id='word_1_13' title='bbox 1144 342 1252 387; x_wconf 90' lang='lat' dir='ltr'>dicit</span> <span class='ocrx_word' id='word_1_14' title='bbox 1270 340 1406 400; x_wconf 84' lang='lat' dir='ltr'>(Joel.</span> <span class='ocrx_word' id='word_1_15' title='bbox 1431 340 1508 387; x_wconf 88' lang='lat'>111.</span> <span class='ocrx_word' id='word_1_16' title='bbox 1535 341 1623 397; x_wconf 87' lang='grc'>4.)</span> <span class='ocrx_word' id='word_1_17' title='bbox 1653 341 1746 386; x_wconf 77' lang='lat' dir='ltr'>Cito</span> <span class='ocrx_word' id='word_1_18' title='bbox 1771 341 1965 386; x_wconf 78' lang='lat' dir='ltr'>velociter</span> <span class='ocrx_word' id='word_1_19' title='bbox 1985 340 2155 385; x_wconf 79' lang='lat' dir='ltr'>reddam</span> 
     </span>
     <span class='ocr_line' id='line_1_4' title="bbox 205 407 2154 467; baseline -0.001 -14"><span class='ocrx_word' id='word_1_20' title='bbox 205 408 526 453; x_wconf 75' lang='lat' dir='ltr'>vicissitudinem</span> <span class='ocrx_word' id='word_1_21' title='bbox 549 409 672 451; x_wconf 79' lang='lat' dir='ltr'>vobis</span> <span class='ocrx_word' id='word_1_22' title='bbox 691 415 813 467; x_wconf 77' lang='lat' dir='ltr'>super</span> <span class='ocrx_word' id='word_1_23' title='bbox 842 414 966 466; x_wconf 77' lang='lat' dir='ltr'>caput</span> <span class='ocrx_word' id='word_1_24' title='bbox 990 414 1185 454; x_wconf 76' lang='lat' dir='ltr'>vestrum.</span> <span class='ocrx_word' id='word_1_25' title='bbox 1213 407 1378 454; x_wconf 80' lang='lat' dir='ltr'><strong>Statim</strong></span> <span class='ocrx_word' id='word_1_26' title='bbox 1408 408 1545 466; x_wconf 86' lang='lat' dir='ltr'>igitur</span> <span class='ocrx_word' id='word_1_27' title='bbox 1576 418 1678 467; x_wconf 84' lang='lat' dir='ltr'>post</span> <span class='ocrx_word' id='word_1_28' title='bbox 1718 417 1928 461; x_wconf 88' lang='lat' dir='ltr'>mortem,</span> <span class='ocrx_word' id='word_1_29' title='bbox 1971 407 2154 452; x_wconf 83' lang='lat' dir='ltr'>animae</span> 
     </span>
     <span class='ocr_line' id='line_1_5' title="bbox 206 473 1789 534; baseline 0.001 -16"><span class='ocrx_word' id='word_1_30' title='bbox 206 473 281 518; x_wconf 84' lang='lat' dir='ltr'>vel</span> <span class='ocrx_word' id='word_1_31' title='bbox 308 474 563 533; x_wconf 87' lang='lat' dir='ltr'>praemium</span> <span class='ocrx_word' id='word_1_32' title='bbox 589 475 927 531; x_wconf 84' lang='lat' dir='ltr'>consequuntur</span> <span class='ocrx_word' id='word_1_33' title='bbox 951 473 1024 518; x_wconf 85' lang='lat' dir='ltr'>vel</span> <span class='ocrx_word' id='word_1_34' title='bbox 1050 488 1260 534; x_wconf 87' lang='lat' dir='ltr'>poenam.</span> <span class='ocrx_word' id='word_1_35' title='bbox 1787 506 1789 509; x_wconf 27' lang='grc' dir='ltr'>ι</span> 
     </span>
    </p>

    <p class='ocr_par' dir='ltr' id='par_1_4' title="bbox 206 539 2160 1064">
     <span class='ocr_line' id='line_1_6' title="bbox 295 539 2156 610; baseline 0 -26"><span class='ocrx_word' id='word_1_36' title='bbox 295 539 525 610; x_wconf 82' lang='lat' dir='ltr'>Amplius:</span> <span class='ocrx_word' id='word_1_37' title='bbox 557 539 809 584; x_wconf 85' lang='lat' dir='ltr'>secundum</span> <span class='ocrx_word' id='word_1_38' title='bbox 835 540 1044 584; x_wconf 87' lang='lat' dir='ltr'>ordinem</span> <span class='ocrx_word' id='word_1_39' title='bbox 1075 540 1250 600; x_wconf 88' lang='lat' dir='ltr'>culpae,</span> <span class='ocrx_word' id='word_1_40' title='bbox 1277 550 1321 586; x_wconf 85' lang='lat' dir='ltr'>et</span> <span class='ocrx_word' id='word_1_41' title='bbox 1346 540 1494 585; x_wconf 89' lang='lat' dir='ltr'>meriti</span> <span class='ocrx_word' id='word_1_42' title='bbox 1534 540 1855 585; x_wconf 84' lang='lat' dir='ltr'>convenienter</span> <span class='ocrx_word' id='word_1_43' title='bbox 1876 549 1943 584; x_wconf 88' lang='lat' dir='ltr'>est</span> <span class='ocrx_word' id='word_1_44' title='bbox 1969 540 2121 584; x_wconf 93' lang='lat' dir='ltr'>ordo</span> <span class='ocrx_word' id='word_1_45' title='bbox 2108 553 2156 584; x_wconf 88' lang='grc' dir='ltr'>ιιι</span> 
     </span>
     <span class='ocr_line' id='line_1_7' title="bbox 208 605 2157 667; baseline -0.001 -16"><span class='ocrx_word' id='word_1_46' title='bbox 208 608 372 665; x_wconf 71' lang='lat' dir='ltr'>poena,</span> <span class='ocrx_word' id='word_1_47' title='bbox 398 616 444 650; x_wconf 91' lang='lat' dir='ltr'>et</span> <span class='ocrx_word' id='word_1_48' title='bbox 467 607 685 664; x_wconf 84' lang='lat' dir='ltr'>praemio.</span> <span class='ocrx_word' id='word_1_49' title='bbox 716 605 931 650; x_wconf 86' lang='lat' dir='ltr'><strong>Meritum</strong></span> <span class='ocrx_word' id='word_1_50' title='bbox 958 617 1124 660; x_wconf 85' lang='lat' dir='ltr'>autem,</span> <span class='ocrx_word' id='word_1_51' title='bbox 1150 617 1196 652; x_wconf 89' lang='lat' dir='ltr'>et</span> <span class='ocrx_word' id='word_1_52' title='bbox 1220 607 1353 667; x_wconf 88' lang='lat' dir='ltr'>culpa</span> <span class='ocrx_word' id='word_1_53' title='bbox 1377 621 1471 652; x_wconf 89' lang='lat' dir='ltr'>non</span> <span class='ocrx_word' id='word_1_54' title='bbox 1498 608 1726 666; x_wconf 86' lang='lat' dir='ltr'>competit·</span> <span class='ocrx_word' id='word_1_55' title='bbox 1746 608 1926 667; x_wconf 86' lang='lat' dir='ltr'>corpori</span> <span class='ocrx_word' id='word_1_56' title='bbox 1966 606 2054 651; x_wconf 88' lang='lat' dir='ltr'>nisi</span> <span class='ocrx_word' id='word_1_57' title='bbox 2078 619 2157 666; x_wconf 90' lang='lat' dir='ltr'>per</span> 
     </span>
     <span class='ocr_line' id='line_1_8' title="bbox 209 671 2157 734; baseline 0.001 -18"><span class='ocrx_word' id='word_1_58' title='bbox 209 672 436 717; x_wconf 85' lang='lat' dir='ltr'>animam:</span> <span class='ocrx_word' id='word_1_59' title='bbox 460 671 577 716; x_wconf 87' lang='lat' dir='ltr'>nihil</span> <span class='ocrx_word' id='word_1_60' title='bbox 600 671 723 717; x_wconf 88' lang='lat' dir='ltr'>enim</span> <span class='ocrx_word' id='word_1_61' title='bbox 748 671 886 716; x_wconf 88' lang='lat' dir='ltr'>habet</span> <span class='ocrx_word' id='word_1_62' title='bbox 908 673 1134 717; x_wconf 87' lang='lat' dir='ltr'>rationem</span> <span class='ocrx_word' id='word_1_63' title='bbox 1168 674 1335 727; x_wconf 80' lang='lat' dir='ltr'>meriti,</span> <span class='ocrx_word' id='word_1_64' title='bbox 1363 673 1436 718; x_wconf 81' lang='lat' dir='ltr'>vel</span> <span class='ocrx_word' id='word_1_65' title='bbox 1467 674 1692 728; x_wconf 87' lang='lat' dir='ltr'>demeriti,</span> <span class='ocrx_word' id='word_1_66' title='bbox 1731 673 1820 718; x_wconf 89' lang='lat' dir='ltr'>nisi</span> <span class='ocrx_word' id='word_1_67' title='bbox 1849 674 1897 718; x_wconf 90' lang='lat' dir='ltr'>in</span> <span class='ocrx_word' id='word_1_68' title='bbox 1937 682 2157 734; x_wconf 84' lang='lat' dir='ltr'>quantum</span> 
     </span>
     <span class='ocr_line' id='line_1_9' title="bbox 206 736 2157 799; baseline -0.001 -16"><span class='ocrx_word' id='word_1_69' title='bbox 206 747 278 783; x_wconf 62' lang='lat' dir='ltr'>est</span> <span class='ocrx_word' id='word_1_70' title='bbox 298 738 620 783; x_wconf 69' lang='lat' dir='ltr'>voluntarium.</span> <span class='ocrx_word' id='word_1_71' title='bbox 643 737 784 796; x_wconf 84' lang='lat' dir='ltr'>Igitur</span> <span class='ocrx_word' id='word_1_72' title='bbox 815 749 910 782; x_wconf 88' lang='lat' dir='ltr'>tam</span> <span class='ocrx_word' id='word_1_73' title='bbox 935 739 1204 798; x_wconf 88' lang='lat' dir='ltr'>praemium,</span> <span class='ocrx_word' id='word_1_74' title='bbox 1230 754 1365 799; x_wconf 88' lang='lat' dir='ltr'>quam</span> <span class='ocrx_word' id='word_1_75' title='bbox 1393 754 1541 799; x_wconf 87' lang='lat' dir='ltr'>poena</span> <span class='ocrx_word' id='word_1_76' title='bbox 1569 740 1894 785; x_wconf 76' lang='lat' dir='ltr'>convenienter</span> <span class='ocrx_word' id='word_1_77' title='bbox 1925 741 1980 784; x_wconf 85' lang='lat' dir='ltr'>ab</span> <span class='ocrx_word' id='word_1_78' title='bbox 2005 736 2157 783; x_wconf 83' lang='lat' dir='ltr'>anima</span> 
     </span>
     <span class='ocr_line' id='line_1_10' title="bbox 206 803 2159 866; baseline 0 -17"><span class='ocrx_word' id='word_1_79' title='bbox 206 804 438 850; x_wconf 77' lang='lat' dir='ltr'>derivatur</span> <span class='ocrx_word' id='word_1_80' title='bbox 461 804 518 848; x_wconf 88' lang='lat' dir='ltr'>ad</span> <span class='ocrx_word' id='word_1_81' title='bbox 550 818 735 863; x_wconf 89' lang='lat' dir='ltr'>corpus;</span> <span class='ocrx_word' id='word_1_82' title='bbox 761 805 855 848; x_wconf 86' lang='lat' dir='ltr'>non</span> <span class='ocrx_word' id='word_1_83' title='bbox 882 816 1034 849; x_wconf 89' lang='lat' dir='ltr'>autem</span> <span class='ocrx_word' id='word_1_84' title='bbox 1057 805 1236 850; x_wconf 87' lang='lat' dir='ltr'>animae</span> <span class='ocrx_word' id='word_1_85' title='bbox 1262 806 1476 851; x_wconf 88' lang='lat' dir='ltr'>convenit</span> <span class='ocrx_word' id='word_1_86' title='bbox 1500 817 1691 865; x_wconf 63' lang='lat' dir='ltr'>propter·&gt;</span> <span class='ocrx_word' id='word_1_87' title='bbox 1710 819 1888 866; x_wconf 84' lang='lat' dir='ltr'>corpus.</span> <span class='ocrx_word' id='word_1_88' title='bbox 1913 803 2159 864; x_wconf 68' lang='lat' dir='ltr'>Null&#39;aigi-</span> 
     </span>
     <span class='ocr_line' id='line_1_11' title="bbox 208 871 2159 931; baseline 0 -16"><span class='ocrx_word' id='word_1_89' title='bbox 208 881 282 916; x_wconf 83' lang='lat' dir='ltr'>tut</span> <span class='ocrx_word' id='word_1_90' title='bbox 304 871 419 915; x_wconf 80' lang='lat' dir='ltr'>ratio</span> <span class='ocrx_word' id='word_1_91' title='bbox 451 881 520 915; x_wconf 90' lang='lat' dir='ltr'>est</span> <span class='ocrx_word' id='word_1_92' title='bbox 543 884 680 929; x_wconf 87' lang='lat' dir='ltr'>quare</span> <span class='ocrx_word' id='word_1_93' title='bbox 706 872 751 914; x_wconf 89' lang='lat' dir='ltr'>in</span> <span class='ocrx_word' id='word_1_94' title='bbox 778 871 1027 928; x_wconf 87' lang='lat' dir='ltr'>punitione,</span> <span class='ocrx_word' id='word_1_95' title='bbox 1049 872 1123 915; x_wconf 90' lang='lat' dir='ltr'>vel</span> <span class='ocrx_word' id='word_1_96' title='bbox 1148 873 1477 931; x_wconf 83' lang='lat' dir='ltr'>praemiatione</span> <span class='ocrx_word' id='word_1_97' title='bbox 1504 873 1757 917; x_wconf 88' lang='lat' dir='ltr'>animarum</span> <span class='ocrx_word' id='word_1_98' title='bbox 1785 882 2066 931; x_wconf 86' lang='lat' dir='ltr'>exspectetur</span> <span class='ocrx_word' id='word_1_99' title='bbox 2089 884 2159 915; x_wconf 79' lang='lat' dir='ltr'>re-</span> 
     </span>
     <span class='ocr_line' id='line_1_12' title="bbox 210 937 2160 998; baseline 0.001 -17"><span class='ocrx_word' id='word_1_100' title='bbox 210 937 705 997; x_wconf 68' lang='lat' dir='ltr'>sumptiotcorporurm</span> <span class='ocrx_word' id='word_1_101' title='bbox 731 938 840 995; x_wconf 86' lang='lat' dir='ltr'>quin</span> <span class='ocrx_word' id='word_1_102' title='bbox 861 938 1010 996; x_wconf 84' lang='lat' dir='ltr'>magis</span> <span class='ocrx_word' id='word_1_103' title='bbox 1035 938 1311 982; x_wconf 88' lang='lat' dir='ltr'>conveniens</span> <span class='ocrx_word' id='word_1_104' title='bbox 1337 939 1514 983; x_wconf 84' lang='lat' dir='ltr'>videtur</span> <span class='ocrx_word' id='word_1_105' title='bbox 1539 949 1587 983; x_wconf 90' lang='lat' dir='ltr'>ut</span> <span class='ocrx_word' id='word_1_106' title='bbox 1613 939 1805 993; x_wconf 86' lang='lat' dir='ltr'>animae,</span> <span class='ocrx_word' id='word_1_107' title='bbox 1827 939 1874 983; x_wconf 90' lang='lat' dir='ltr'>in</span> <span class='ocrx_word' id='word_1_108' title='bbox 1897 938 2058 998; x_wconf 84' lang='lat' dir='ltr'>quibus</span> <span class='ocrx_word' id='word_1_109' title='bbox 2080 950 2160 998; x_wconf 81' lang='lat' dir='ltr'>per</span> 
     </span>
     <span class='ocr_line' id='line_1_13' title="bbox 209 1002 2152 1064; baseline 0.001 -17"><span class='ocrx_word' id='word_1_110' title='bbox 209 1002 602 1062; x_wconf 70' lang='lat' dir='ltr'>prius-fuitfculpa</span> <span class='ocrx_word' id='word_1_111' title='bbox 626 1003 923 1056; x_wconf 87' lang='lat' dir='ltr'>etmeritum,</span> <span class='ocrx_word' id='word_1_112' title='bbox 955 1005 1076 1062; x_wconf 90' lang='lat' dir='ltr'>prius</span> <span class='ocrx_word' id='word_1_113' title='bbox 1102 1003 1241 1048; x_wconf 88' lang='lat' dir='ltr'>etiam</span> <span class='ocrx_word' id='word_1_114' title='bbox 1272 1005 1529 1063; x_wconf 77' lang='lat' dir='ltr'>puniantur,</span> <span class='ocrx_word' id='word_1_115' title='bbox 1560 1005 1632 1048; x_wconf 89' lang='lat' dir='ltr'>vel</span> <span class='ocrx_word' id='word_1_116' title='bbox 1658 1005 1977 1064; x_wconf 66' lang='lat' dir='ltr'>praemiantur.</span> <span class='ocrx_word' id='word_1_117' title='bbox 2149 1038 2152 1041; x_wconf 78' lang='lat'>·</span> 
     </span>
    </p>

    <p class='ocr_par' dir='ltr' id='par_1_5' title="bbox 210 1069 2222 1529">
     <span class='ocr_line' id='line_1_14' title="bbox 297 1069 2160 1130; baseline 0.001 -17"><span class='ocrx_word' id='word_1_118' title='bbox 297 1069 435 1114; x_wconf 88' lang='lat' dir='ltr'>Item:</span> <span class='ocrx_word' id='word_1_119' title='bbox 463 1069 622 1113; x_wconf 91' lang='lat' dir='ltr'>eadem</span> <span class='ocrx_word' id='word_1_120' title='bbox 647 1070 735 1113; x_wconf 92' lang='lat' dir='ltr'>Dei</span> <span class='ocrx_word' id='word_1_121' title='bbox 760 1070 1042 1127; x_wconf 87' lang='lat' dir='ltr'>providentia</span> <span class='ocrx_word' id='word_1_122' title='bbox 1066 1070 1280 1114; x_wconf 86' lang='lat' dir='ltr'>creaturis</span> <span class='ocrx_word' id='word_1_123' title='bbox 1305 1071 1598 1115; x_wconf 85' lang='lat' dir='ltr'>rationalibus</span> <span class='ocrx_word' id='word_1_124' title='bbox 1624 1071 1827 1130; x_wconf 84' lang='lat' dir='ltr'>praemia</span> <span class='ocrx_word' id='word_1_125' title='bbox 1853 1071 2085 1125; x_wconf 82' lang='lat' dir='ltr'>debentur,</span> <span class='ocrx_word' id='word_1_126' title='bbox 2114 1080 2160 1116; x_wconf 89' lang='lat' dir='ltr'>et</span> 
     </span>
     <span class='ocr_line' id='line_1_15' title="bbox 210 1135 2161 1196; baseline -0.001 -13"><span class='ocrx_word' id='word_1_127' title='bbox 210 1148 407 1196; x_wconf 72' lang='lat' dir='ltr'>poenae,</span> <span class='ocrx_word' id='word_1_128' title='bbox 425 1137 540 1195; x_wconf 83' lang='lat' dir='ltr'>quae</span> <span class='ocrx_word' id='word_1_129' title='bbox 566 1136 698 1179; x_wconf 90' lang='lat' dir='ltr'>rebus</span> <span class='ocrx_word' id='word_1_130' title='bbox 722 1135 1006 1179; x_wconf 86' lang='lat' dir='ltr'>naturalibus</span> <span class='ocrx_word' id='word_1_131' title='bbox 1028 1136 1329 1195; x_wconf 87' lang='lat' dir='ltr'>perfectiones</span> <span class='ocrx_word' id='word_1_132' title='bbox 1357 1137 1421 1182; x_wconf 88' lang='lat' dir='ltr'>eis</span> <span class='ocrx_word' id='word_1_133' title='bbox 1447 1137 1622 1182; x_wconf 84' lang='lat' dir='ltr'>debitae</span> <span class='ocrx_word' id='word_1_134' title='bbox 1663 1138 1944 1182; x_wconf 80' lang='lat' dir='ltr'>adhibentur.</span> <span class='ocrx_word' id='word_1_135' title='bbox 1981 1136 2060 1182; x_wconf 89' lang='lat' dir='ltr'>Sic</span> <span class='ocrx_word' id='word_1_136' title='bbox 2093 1146 2161 1182; x_wconf 87' lang='lat' dir='ltr'>est</span> 
     </span>
     <span class='ocr_line' id='line_1_16' title="bbox 212 1202 2159 1263; baseline -0.001 -15"><span class='ocrx_word' id='word_1_137' title='bbox 212 1212 363 1248; x_wconf 77' lang='lat' dir='ltr'>autem</span> <span class='ocrx_word' id='word_1_138' title='bbox 384 1202 435 1247; x_wconf 87' lang='lat' dir='ltr'>in</span> <span class='ocrx_word' id='word_1_139' title='bbox 458 1203 591 1246; x_wconf 87' lang='lat' dir='ltr'>rebus</span> <span class='ocrx_word' id='word_1_140' title='bbox 620 1202 899 1246; x_wconf 87' lang='lat' dir='ltr'>naturalibus</span> <span class='ocrx_word' id='word_1_141' title='bbox 925 1202 1046 1261; x_wconf 89' lang='lat' dir='ltr'>quod</span> <span class='ocrx_word' id='word_1_142' title='bbox 1073 1203 1428 1262; x_wconf 89' lang='lat' dir='ltr'>unumquodque</span> <span class='ocrx_word' id='word_1_143' title='bbox 1460 1205 1611 1248; x_wconf 89' lang='lat' dir='ltr'>statim</span> <span class='ocrx_word' id='word_1_144' title='bbox 1643 1204 1801 1262; x_wconf 81' lang='lat' dir='ltr'>recipit</span> <span class='ocrx_word' id='word_1_145' title='bbox 1831 1202 2159 1263; x_wconf 84' lang='lat' dir='ltr'>perfectionem</span> 
     </span>
     <span class='ocr_line' id='line_1_17' title="bbox 211 1268 2222 1330; baseline -0 -16"><span class='ocrx_word' id='word_1_146' title='bbox 211 1270 340 1328; x_wconf 75' lang='lat' dir='ltr'>eujus</span> <span class='ocrx_word' id='word_1_147' title='bbox 369 1273 439 1313; x_wconf 67' lang='lat' dir='ltr'>eSt</span> <span class='ocrx_word' id='word_1_148' title='bbox 462 1282 618 1328; x_wconf 77' lang='lat' dir='ltr'>capax,</span> <span class='ocrx_word' id='word_1_149' title='bbox 642 1268 730 1312; x_wconf 90' lang='lat' dir='ltr'>nisi</span> <span class='ocrx_word' id='word_1_150' title='bbox 754 1268 811 1312; x_wconf 91' lang='lat' dir='ltr'>sit</span> <span class='ocrx_word' id='word_1_151' title='bbox 835 1268 1213 1327; x_wconf 82' lang='lat' dir='ltr'>impedimentum</span> <span class='ocrx_word' id='word_1_152' title='bbox 1239 1269 1312 1313; x_wconf 91' lang='lat' dir='ltr'>vel</span> <span class='ocrx_word' id='word_1_153' title='bbox 1333 1283 1386 1314; x_wconf 87' lang='lat' dir='ltr'>ex</span> <span class='ocrx_word' id='word_1_154' title='bbox 1412 1280 1536 1330; x_wconf 91' lang='lat' dir='ltr'>parte</span> <span class='ocrx_word' id='word_1_155' title='bbox 1563 1270 1833 1329; x_wconf 83' lang='lat' dir='ltr'>recipientis,</span> <span class='ocrx_word' id='word_1_156' title='bbox 1850 1268 1936 1314; x_wconf 84' lang='lat' dir='ltr'>vel</span> <span class='ocrx_word' id='word_1_157' title='bbox 1958 1282 2013 1313; x_wconf 87' lang='lat' dir='ltr'>ex</span> <span class='ocrx_word' id='word_1_158' title='bbox 2033 1278 2160 1328; x_wconf 87' lang='lat' dir='ltr'>parte</span> <span class='ocrx_word' id='word_1_159' title='bbox 2220 1311 2222 1313; x_wconf 83' lang='grc'><em>,</em></span> 
     </span>
     <span class='ocr_line' id='line_1_18' title="bbox 214 1334 2163 1395; baseline -0.001 -14"><span class='ocrx_word' id='word_1_160' title='bbox 214 1335 400 1395; x_wconf 79' lang='lat' dir='ltr'>agentis.</span> <span class='ocrx_word' id='word_1_161' title='bbox 436 1334 594 1388; x_wconf 82' lang='lat' dir='ltr'>Quum</span> <span class='ocrx_word' id='word_1_162' title='bbox 617 1335 754 1394; x_wconf 85' lang='lat' dir='ltr'>igitur</span> <span class='ocrx_word' id='word_1_163' title='bbox 779 1335 959 1379; x_wconf 88' lang='lat' dir='ltr'>animae</span> <span class='ocrx_word' id='word_1_164' title='bbox 986 1335 1140 1379; x_wconf 88' lang='lat' dir='ltr'>statim</span> <span class='ocrx_word' id='word_1_165' title='bbox 1171 1350 1311 1395; x_wconf 89' lang='lat' dir='ltr'>quum</span> <span class='ocrx_word' id='word_1_166' title='bbox 1336 1335 1501 1380; x_wconf 88' lang='lat' dir='ltr'>fuerint</span> <span class='ocrx_word' id='word_1_167' title='bbox 1526 1346 1758 1395; x_wconf 80' lang='lat' dir='ltr'>separatae</span> <span class='ocrx_word' id='word_1_168' title='bbox 1785 1350 1811 1380; x_wconf 91' lang='lat' dir='ltr'>a</span> <span class='ocrx_word' id='word_1_169' title='bbox 1841 1348 2035 1394; x_wconf 83' lang='lat' dir='ltr'>corpore</span> <span class='ocrx_word' id='word_1_170' title='bbox 2069 1335 2163 1380; x_wconf 73' lang='lat' dir='ltr'>slat</span> 
     </span>
     <span class='ocr_line' id='line_1_19' title="bbox 214 1400 2161 1478; baseline -0.001 -31"><span class='ocrx_word' id='word_1_171' title='bbox 214 1415 404 1462; x_wconf 78' lang='lat' dir='ltr'>capaces</span> <span class='ocrx_word' id='word_1_172' title='bbox 430 1412 475 1446; x_wconf 89' lang='lat' dir='ltr'>et</span> <span class='ocrx_word' id='word_1_173' title='bbox 485 1402 686 1478; x_wconf 43' lang='lat' dir='ltr'>glori-ae,</span> <span class='ocrx_word' id='word_1_174' title='bbox 714 1411 758 1446; x_wconf 93' lang='lat' dir='ltr'>et</span> <span class='ocrx_word' id='word_1_175' title='bbox 788 1415 980 1460; x_wconf 88' lang='lat' dir='ltr'>poenae,</span> <span class='ocrx_word' id='word_1_176' title='bbox 1007 1402 1159 1446; x_wconf 86' lang='lat' dir='ltr'>statim</span> <span class='ocrx_word' id='word_1_177' title='bbox 1186 1412 1426 1461; x_wconf 88' lang='lat' dir='ltr'>utrumque</span> <span class='ocrx_word' id='word_1_178' title='bbox 1452 1404 1697 1461; x_wconf 89' lang='lat' dir='ltr'>recipient.</span> <span class='ocrx_word' id='word_1_179' title='bbox 1731 1417 1816 1447; x_wconf 90' lang='lat' dir='ltr'>nec</span> <span class='ocrx_word' id='word_1_180' title='bbox 1853 1401 2062 1447; x_wconf 80' lang='lat' dir='ltr'>differtur</span> <span class='ocrx_word' id='word_1_181' title='bbox 2086 1400 2161 1446; x_wconf 86' lang='lat' dir='ltr'>vel-</span> 
     </span>
     <span class='ocr_line' id='line_1_20' title="bbox 213 1463 2164 1556; baseline 0.001 -42"><span class='ocrx_word' id='word_1_182' title='bbox 213 1470 441 1556; x_wconf 85' lang='lat' dir='ltr'>bonorum</span> <span class='ocrx_word' id='word_1_183' title='bbox 450 1463 720 1528; x_wconf 80' lang='lat' dir='ltr'>praemium,</span> <span class='ocrx_word' id='word_1_184' title='bbox 728 1467 802 1512; x_wconf 89' lang='lat' dir='ltr'>vel</span> <span class='ocrx_word' id='word_1_185' title='bbox 815 1468 1044 1512; x_wconf 90' lang='lat' dir='ltr'>malorum</span> <span class='ocrx_word' id='word_1_186' title='bbox 1055 1482 1203 1527; x_wconf 88' lang='lat' dir='ltr'>poena</span> <span class='ocrx_word' id='word_1_187' title='bbox 1218 1483 1453 1529; x_wconf 87' lang='lat' dir='ltr'>quousque</span> <span class='ocrx_word' id='word_1_188' title='bbox 1468 1470 1646 1513; x_wconf 87' lang='lat' dir='ltr'>animae</span> <span class='ocrx_word' id='word_1_189' title='bbox 1663 1483 1855 1529; x_wconf 86' lang='lat' dir='ltr'>corpora</span> <span class='ocrx_word' id='word_1_190' title='bbox 1865 1478 2164 1515; x_wconf 85' lang='lat' dir='ltr'>reassumant.</span> 
     </span>
    </p>

    <p class='ocr_par' dir='ltr' id='par_1_6' title="bbox 210 1534 2170 3058">
     <span class='ocr_line' id='line_1_21' title="bbox 295 1534 2165 1612; baseline -0.001 -31.997"><span class='ocrx_word' id='word_1_191' title='bbox 295 1534 699 1580; x_wconf 84' lang='lat' dir='ltr'>Considerandum</span> <span class='ocrx_word' id='word_1_192' title='bbox 724 1545 880 1579; x_wconf 89' lang='lat' dir='ltr'>tamen</span> <span class='ocrx_word' id='word_1_193' title='bbox 908 1544 992 1588; x_wconf 89' lang='lat' dir='ltr'>est,</span> <span class='ocrx_word' id='word_1_194' title='bbox 1023 1535 1146 1612; x_wconf 82' lang='lat' dir='ltr'>quod</span> <span class='ocrx_word' id='word_1_195' title='bbox 1174 1550 1227 1580; x_wconf 83' lang='lat' dir='ltr'>ex</span> <span class='ocrx_word' id='word_1_196' title='bbox 1253 1547 1377 1595; x_wconf 89' lang='lat' dir='ltr'>parte</span> <span class='ocrx_word' id='word_1_197' title='bbox 1403 1537 1631 1580; x_wconf 91' lang='lat' dir='ltr'>bonorum</span> <span class='ocrx_word' id='word_1_198' title='bbox 1662 1536 1846 1595; x_wconf 84' lang='lat' dir='ltr'>aliquod</span> <span class='ocrx_word' id='word_1_199' title='bbox 1869 1535 2165 1595; x_wconf 86' lang='lat' dir='ltr'>impedimen</span> 
     </span>
     <span class='ocr_line' id='line_1_22' title="bbox 213 1602 2162 1661; baseline -0.001 -14"><span class='ocrx_word' id='word_1_200' title='bbox 213 1612 316 1649; x_wconf 52' lang='lat' dir='ltr'>tum*</span> <span class='ocrx_word' id='word_1_201' title='bbox 333 1615 434 1646; x_wconf 81' lang='lat' dir='ltr'>esse</span> <span class='ocrx_word' id='word_1_202' title='bbox 461 1612 624 1661; x_wconf 86' lang='lat' dir='ltr'>potest,</span> <span class='ocrx_word' id='word_1_203' title='bbox 648 1616 707 1646; x_wconf 87' lang='lat' dir='ltr'>ne</span> <span class='ocrx_word' id='word_1_204' title='bbox 734 1602 913 1646; x_wconf 83' lang='lat' dir='ltr'>animae</span> <span class='ocrx_word' id='word_1_205' title='bbox 939 1602 1091 1645; x_wconf 89' lang='lat' dir='ltr'>statim</span> <span class='ocrx_word' id='word_1_206' title='bbox 1119 1616 1144 1645; x_wconf 91' lang='lat' dir='ltr'>a</span> <span class='ocrx_word' id='word_1_207' title='bbox 1170 1616 1360 1661; x_wconf 90' lang='lat' dir='ltr'>corpore</span> <span class='ocrx_word' id='word_1_208' title='bbox 1389 1602 1621 1646; x_wconf 86' lang='lat' dir='ltr'>absolutae</span> <span class='ocrx_word' id='word_1_209' title='bbox 1663 1602 1872 1646; x_wconf 86' lang='lat' dir='ltr'>ultimam</span> <span class='ocrx_word' id='word_1_210' title='bbox 1902 1602 2162 1646; x_wconf 82' lang='lat' dir='ltr'>mercedem</span> 
     </span>
     <span class='ocr_line' id='line_1_23' title="bbox 214 1668 2165 1728; baseline 0.001 -15"><span class='ocrx_word' id='word_1_211' title='bbox 214 1668 447 1728; x_wconf 80' lang='lat' dir='ltr'>recipiant,</span> <span class='ocrx_word' id='word_1_212' title='bbox 474 1670 661 1727; x_wconf 83' lang='lat' dir='ltr'>quaein</span> <span class='ocrx_word' id='word_1_213' title='bbox 691 1669 781 1713; x_wconf 88' lang='lat' dir='ltr'>Dei</span> <span class='ocrx_word' id='word_1_214' title='bbox 805 1668 1230 1713; x_wconf 87' lang='lat' dir='ltr'>visioneconsistit.</span> <span class='ocrx_word' id='word_1_215' title='bbox 1273 1669 1346 1714; x_wconf 87' lang='lat' dir='ltr'>Ad</span> <span class='ocrx_word' id='word_1_216' title='bbox 1388 1669 1515 1713; x_wconf 84' lang='lat' dir='ltr'>illam</span> <span class='ocrx_word' id='word_1_217' title='bbox 1548 1671 1669 1712; x_wconf 87' lang='lat' dir='ltr'>enim</span> <span class='ocrx_word' id='word_1_218' title='bbox 1700 1669 1927 1714; x_wconf 86' lang='lat' dir='ltr'>visionem</span> <span class='ocrx_word' id='word_1_219' title='bbox 1959 1677 2165 1714; x_wconf 78' lang='lat' dir='ltr'>creatura</span> 
     </span>
     <span class='ocr_line' id='line_1_24' title="bbox 214 1734 2165 1794; baseline -0.001 -14"><span class='ocrx_word' id='word_1_220' title='bbox 214 1736 448 1780; x_wconf 65' lang='lat' dir='ltr'>rationalis</span> <span class='ocrx_word' id='word_1_221' title='bbox 473 1736 640 1780; x_wconf 85' lang='lat' dir='ltr'>elevari</span> <span class='ocrx_word' id='word_1_222' title='bbox 663 1744 945 1794; x_wconf 72' lang='lat' dir='ltr'>nonpotest,</span> <span class='ocrx_word' id='word_1_223' title='bbox 976 1735 1060 1779; x_wconf 88' lang='lat' dir='ltr'>nisi</span> <span class='ocrx_word' id='word_1_224' title='bbox 1096 1735 1297 1779; x_wconf 90' lang='lat' dir='ltr'>totaliter</span> <span class='ocrx_word' id='word_1_225' title='bbox 1335 1734 1470 1780; x_wconf 90' lang='lat' dir='ltr'>fuerit</span> <span class='ocrx_word' id='word_1_226' title='bbox 1500 1735 1740 1794; x_wconf 90' lang='lat' dir='ltr'>depurata;</span> <span class='ocrx_word' id='word_1_227' title='bbox 1782 1750 1889 1779; x_wconf 91' lang='lat' dir='ltr'>cum</span> <span class='ocrx_word' id='word_1_228' title='bbox 1928 1734 2009 1779; x_wconf 89' lang='lat' dir='ltr'>illa</span> <span class='ocrx_word' id='word_1_229' title='bbox 2049 1734 2165 1779; x_wconf 84' lang='lat' dir='ltr'>visio</span> 
     </span>
     <span class='ocr_line' id='line_1_25' title="bbox 212 1801 2167 1861; baseline -0.001 -15"><span class='ocrx_word' id='word_1_230' title='bbox 212 1812 359 1847; x_wconf 80' lang='lat' dir='ltr'>totam</span> <span class='ocrx_word' id='word_1_231' title='bbox 383 1801 650 1846; x_wconf 82' lang='lat' dir='ltr'>facultatem</span> <span class='ocrx_word' id='word_1_232' title='bbox 674 1801 930 1845; x_wconf 86' lang='lat' dir='ltr'>naturalem</span> <span class='ocrx_word' id='word_1_233' title='bbox 957 1812 1189 1846; x_wconf 88' lang='lat' dir='ltr'>creaturae</span> <span class='ocrx_word' id='word_1_234' title='bbox 1222 1801 1432 1846; x_wconf 73' lang='lat' dir='ltr'>excedatx</span> <span class='ocrx_word' id='word_1_235' title='bbox 1465 1802 1585 1845; x_wconf 90' lang='lat' dir='ltr'>unde</span> <span class='ocrx_word' id='word_1_236' title='bbox 1611 1802 1739 1861; x_wconf 83' lang='lat' dir='ltr'>(Sap.</span> <span class='ocrx_word' id='word_1_237' title='bbox 1766 1803 1865 1846; x_wconf 85' lang='lat' dir='ltr'><strong>VII.</strong></span> <span class='ocrx_word' id='word_1_238' title='bbox 1889 1814 1913 1845; x_wconf 89' lang='lat'>2</span> <span class='ocrx_word' id='word_1_239' title='bbox 1922 1801 1980 1858; x_wconf 83' lang='lat'>5.)</span> <span class='ocrx_word' id='word_1_240' title='bbox 2003 1801 2167 1845; x_wconf 87' lang='lat' dir='ltr'>dicitur</span> 
     </span>
     <span class='ocr_line' id='line_1_26' title="bbox 212 1867 2167 1928; baseline -0.001 -16"><span class='ocrx_word' id='word_1_241' title='bbox 212 1869 274 1912; x_wconf 85' lang='lat' dir='ltr'>de</span> <span class='ocrx_word' id='word_1_242' title='bbox 301 1868 712 1928; x_wconf 66' lang='lat' dir='ltr'>Sapffientia,÷quod</span> <span class='ocrx_word' id='word_1_243' title='bbox 743 1868 856 1912; x_wconf 75' lang='lat' dir='ltr'>nihil</span> <span class='ocrx_word' id='word_1_244' title='bbox 880 1869 1146 1926; x_wconf 78' lang='lat' dir='ltr'>inquinatum</span> <span class='ocrx_word' id='word_1_245' title='bbox 1177 1870 1222 1912; x_wconf 84' lang='lat' dir='ltr'>in</span> <span class='ocrx_word' id='word_1_246' title='bbox 1262 1868 1380 1912; x_wconf 77' lang='lat' dir='ltr'>illam</span> <span class='ocrx_word' id='word_1_247' title='bbox 1421 1869 1605 1913; x_wconf 74' lang='lat' dir='ltr'>incurrit</span> <span class='ocrx_word' id='word_1_248' title='bbox 1614 1885 1630 1920; x_wconf 87' lang='lat'>,·</span> <span class='ocrx_word' id='word_1_249' title='bbox 1660 1879 1704 1912; x_wconf 89' lang='lat' dir='ltr'>et</span> <span class='ocrx_word' id='word_1_250' title='bbox 1735 1869 1843 1927; x_wconf 84' lang='lat' dir='ltr'>(Isa.</span> <span class='ocrx_word' id='word_1_251' title='bbox 1885 1868 2085 1912; x_wconf 87' lang='lat' dir='ltr'><strong>XXXV.·</strong></span> <span class='ocrx_word' id='word_1_252' title='bbox 2102 1867 2167 1925; x_wconf 84' lang='lat'>8.)</span> 
     </span>
     <span class='ocr_line' id='line_1_27' title="bbox 212 1934 2170 1994; baseline 0 -16"><span class='ocrx_word' id='word_1_253' title='bbox 212 1935 402 1980; x_wconf 64' lang='lat' dir='ltr'>diciturz</span> <span class='ocrx_word' id='word_1_254' title='bbox 426 1935 525 1979; x_wconf 82' lang='lat' dir='ltr'>Non</span> <span class='ocrx_word' id='word_1_255' title='bbox 543 1935 815 1994; x_wconf 73' lang='lat' dir='ltr'>pertransibit</span> <span class='ocrx_word' id='word_1_256' title='bbox 837 1942 921 1993; x_wconf 78' lang='lat' dir='ltr'>per</span> <span class='ocrx_word' id='word_1_257' title='bbox 946 1947 1038 1978; x_wconf 82' lang='lat' dir='ltr'>eam</span> <span class='ocrx_word' id='word_1_258' title='bbox 1056 1934 1252 1994; x_wconf 78' lang='lat' dir='ltr'>pollutus.</span> <span class='ocrx_word' id='word_1_259' title='bbox 1279 1934 1506 1979; x_wconf 88' lang='lat' dir='ltr'>Polluitur</span> <span class='ocrx_word' id='word_1_260' title='bbox 1535 1946 1686 1979; x_wconf 90' lang='lat' dir='ltr'>autem</span> <span class='ocrx_word' id='word_1_261' title='bbox 1722 1938 1874 1979; x_wconf 85' lang='lat' dir='ltr'>anima</span> <span class='ocrx_word' id='word_1_262' title='bbox 1904 1948 1984 1994; x_wconf 89' lang='lat' dir='ltr'>per</span> <span class='ocrx_word' id='word_1_263' title='bbox 2013 1946 2170 1994; x_wconf 88' lang='lat' dir='ltr'>pecca·</span> 
     </span>
     <span class='ocr_line' id='line_1_28' title="bbox 210 1999 2168 2060; baseline 0 -15"><span class='ocrx_word' id='word_1_264' title='bbox 210 2011 312 2045; x_wconf 85' lang='lat' dir='ltr'>tum</span> <span class='ocrx_word' id='word_1_265' title='bbox 338 2001 384 2044; x_wconf 88' lang='lat' dir='ltr'>in</span> <span class='ocrx_word' id='word_1_266' title='bbox 415 2011 635 2060; x_wconf 88' lang='lat' dir='ltr'>quantum</span> <span class='ocrx_word' id='word_1_267' title='bbox 659 2001 790 2044; x_wconf 91' lang='lat' dir='ltr'>rebus</span> <span class='ocrx_word' id='word_1_268' title='bbox 826 1999 1112 2044; x_wconf 88' lang='lat' dir='ltr'>inferioribus</span> <span class='ocrx_word' id='word_1_269' title='bbox 1145 2001 1398 2045; x_wconf 90' lang='lat' dir='ltr'>inordinate</span> <span class='ocrx_word' id='word_1_270' title='bbox 1442 2002 1753 2060; x_wconf 82' lang='lat' dir='ltr'>conjungitur:</span> <span class='ocrx_word' id='word_1_271' title='bbox 1793 2016 1819 2044; x_wconf 89' lang='lat' dir='ltr'>a</span> <span class='ocrx_word' id='word_1_272' title='bbox 1856 2015 1944 2060; x_wconf 89' lang='lat' dir='ltr'>qua</span> <span class='ocrx_word' id='word_1_273' title='bbox 1983 2002 2168 2060; x_wconf 85' lang='lat' dir='ltr'>quidem</span> 
     </span>
     <span class='ocr_line' id='line_1_29' title="bbox 214 2066 2170 2127; baseline 0 -16"><span class='ocrx_word' id='word_1_274' title='bbox 214 2066 467 2127; x_wconf 81' lang='lat' dir='ltr'>pollutione</span> <span class='ocrx_word' id='word_1_275' title='bbox 492 2067 755 2126; x_wconf 79' lang='lat' dir='ltr'>purificatur</span> <span class='ocrx_word' id='word_1_276' title='bbox 774 2067 820 2110; x_wconf 90' lang='lat' dir='ltr'>in</span> <span class='ocrx_word' id='word_1_277' title='bbox 845 2067 946 2110; x_wconf 73' lang='lat' dir='ltr'>hac«</span> <span class='ocrx_word' id='word_1_278' title='bbox 965 2066 1057 2110; x_wconf 85' lang='lat' dir='ltr'>vita</span> <span class='ocrx_word' id='word_1_279' title='bbox 1081 2080 1162 2125; x_wconf 91' lang='lat' dir='ltr'>per</span> <span class='ocrx_word' id='word_1_280' title='bbox 1201 2069 1544 2126; x_wconf 88' lang='lat' dir='ltr'>poenitentiam,</span> <span class='ocrx_word' id='word_1_281' title='bbox 1585 2078 1629 2111; x_wconf 86' lang='lat' dir='ltr'>et</span> <span class='ocrx_word' id='word_1_282' title='bbox 1661 2068 1749 2111; x_wconf 88' lang='lat' dir='ltr'>alia</span> <span class='ocrx_word' id='word_1_283' title='bbox 1780 2078 2079 2121; x_wconf 84' lang='lat' dir='ltr'>sacramenta,</span> <span class='ocrx_word' id='word_1_284' title='bbox 2120 2077 2170 2111; x_wconf 92' lang='lat' dir='ltr'>ut</span> 
     </span>
     <span class='ocr_line' id='line_1_30' title="bbox 215 2133 2170 2193; baseline 0 -15"><span class='ocrx_word' id='word_1_285' title='bbox 215 2147 357 2193; x_wconf 87' lang='lat' dir='ltr'>supra·</span> <span class='ocrx_word' id='word_1_286' title='bbox 375 2134 547 2177; x_wconf 88' lang='lat' dir='ltr'>dictum</span> <span class='ocrx_word' id='word_1_287' title='bbox 574 2143 652 2177; x_wconf 85' lang='lat' dir='ltr'>est.</span> <span class='ocrx_word' id='word_1_288' title='bbox 683 2133 976 2191; x_wconf 88' lang='lat' dir='ltr'>Quandoque</span> <span class='ocrx_word' id='word_1_289' title='bbox 1001 2147 1112 2177; x_wconf 88' lang='lat' dir='ltr'>vero</span> <span class='ocrx_word' id='word_1_290' title='bbox 1135 2134 1518 2193; x_wconf 66' lang='lat' dir='ltr'>⁴contingit&#39;quod</span> <span class='ocrx_word' id='word_1_291' title='bbox 1550 2134 1804 2193; x_wconf 83' lang='lat' dir='ltr'>purificatio</span> <span class='ocrx_word' id='word_1_292' title='bbox 1837 2134 1939 2178; x_wconf 86' lang='lat' dir='ltr'>talis</span> <span class='ocrx_word' id='word_1_293' title='bbox 1973 2148 2068 2179; x_wconf 89' lang='lat' dir='ltr'>non</span> <span class='ocrx_word' id='word_1_294' title='bbox 2104 2143 2170 2178; x_wconf 84' lang='lat' dir='ltr'>to·</span> 
     </span>
     <span class='ocr_line' id='line_1_31' title="bbox 214 2199 2170 2260; baseline -0.001 -15"><span class='ocrx_word' id='word_1_295' title='bbox 214 2200 365 2245; x_wconf 76' lang='lat' dir='ltr'>taliter</span> <span class='ocrx_word' id='word_1_296' title='bbox 386 2199 616 2259; x_wconf 85' lang='lat' dir='ltr'>perficitur</span> <span class='ocrx_word' id='word_1_297' title='bbox 645 2200 694 2243; x_wconf 86' lang='lat' dir='ltr'>in</span> <span class='ocrx_word' id='word_1_298' title='bbox 714 2200 802 2244; x_wconf 91' lang='lat' dir='ltr'>hac</span> <span class='ocrx_word' id='word_1_299' title='bbox 828 2200 934 2253; x_wconf 85' lang='lat' dir='ltr'>vita,</span> <span class='ocrx_word' id='word_1_300' title='bbox 959 2199 1039 2243; x_wconf 87' lang='lat' dir='ltr'>sed</span> <span class='ocrx_word' id='word_1_301' title='bbox 1060 2200 1439 2244; x_wconf 85' lang='lat' dir='ltr'>remanetadhuc</span> <span class='ocrx_word' id='word_1_302' title='bbox 1466 2201 1641 2245; x_wconf 89' lang='lat' dir='ltr'>debitor</span> <span class='ocrx_word' id='word_1_303' title='bbox 1665 2214 1856 2260; x_wconf 88' lang='lat' dir='ltr'>poenae,</span> <span class='ocrx_word' id='word_1_304' title='bbox 1884 2200 1958 2245; x_wconf 89' lang='lat' dir='ltr'>vel</span> <span class='ocrx_word' id='word_1_305' title='bbox 1986 2210 2170 2260; x_wconf 87' lang='lat' dir='ltr'>propter</span> 
     </span>
     <span class='ocr_line' id='line_1_32' title="bbox 214 2266 2169 2327; baseline -0.001 -15"><span class='ocrx_word' id='word_1_306' title='bbox 214 2266 543 2326; x_wconf 61' lang='lat' dir='ltr'>negligentiam</span> <span class='ocrx_word' id='word_1_307' title='bbox 568 2266 808 2326; x_wconf 67' lang='lat' dir='ltr'>aliquam,</span> <span class='ocrx_word' id='word_1_308' title='bbox 840 2276 918 2310; x_wconf 90' lang='lat' dir='ltr'>aut</span> <span class='ocrx_word' id='word_1_309' title='bbox 948 2267 1315 2324; x_wconf 84' lang='lat' dir='ltr'>occupationem,</span> <span class='ocrx_word' id='word_1_310' title='bbox 1346 2277 1422 2311; x_wconf 89' lang='lat' dir='ltr'>aut</span> <span class='ocrx_word' id='word_1_311' title='bbox 1463 2266 1608 2311; x_wconf 76' lang='lat' dir='ltr'>etiam&#39;</span> <span class='ocrx_word' id='word_1_312' title='bbox 1632 2268 1738 2326; x_wconf 88' lang='lat' dir='ltr'>quia</span> <span class='ocrx_word' id='word_1_313' title='bbox 1778 2267 1953 2311; x_wconf 88' lang='lat' dir='ltr'>debitor</span> <span class='ocrx_word' id='word_1_314' title='bbox 1992 2280 2169 2327; x_wconf 88' lang='lat' dir='ltr'>poenae</span> 
     </span>
     <span class='ocr_line' id='line_1_33' title="bbox 217 2333 2169 2393; baseline 0 -15"><span class='ocrx_word' id='word_1_315' title='bbox 217 2336 699 2392; x_wconf 51' lang='lat' dir='ltr'>morte&#39;praevenitnr:</span> <span class='ocrx_word' id='word_1_316' title='bbox 730 2346 815 2376; x_wconf 87' lang='lat' dir='ltr'>nec</span> <span class='ocrx_word' id='word_1_317' title='bbox 841 2343 996 2377; x_wconf 88' lang='lat' dir='ltr'>tamen</span> <span class='ocrx_word' id='word_1_318' title='bbox 1027 2343 1210 2392; x_wconf 87' lang='lat' dir='ltr'>propter</span> <span class='ocrx_word' id='word_1_319' title='bbox 1235 2333 1326 2377; x_wconf 90' lang='lat' dir='ltr'>hoc</span> <span class='ocrx_word' id='word_1_320' title='bbox 1351 2343 1549 2377; x_wconf 87' lang='lat' dir='ltr'>meretur</span> <span class='ocrx_word' id='word_1_321' title='bbox 1573 2334 1772 2378; x_wconf 85' lang='lat' dir='ltr'>totaliter</span> <span class='ocrx_word' id='word_1_322' title='bbox 1794 2334 1979 2379; x_wconf 84' lang='lat' dir='ltr'>excludi·</span> <span class='ocrx_word' id='word_1_323' title='bbox 1994 2348 2020 2378; x_wconf 90' lang='lat' dir='ltr'>a</span> <span class='ocrx_word' id='word_1_324' title='bbox 2038 2347 2169 2393; x_wconf 84' lang='lat' dir='ltr'>prae-</span> 
     </span>
     <span class='ocr_line' id='line_1_34' title="bbox 218 2399 2167 2460; baseline -0.001 -15"><span class='ocrx_word' id='word_1_325' title='bbox 218 2400 464 2459; x_wconf 64' lang='lat' dir='ltr'>mio;„quia</span> <span class='ocrx_word' id='word_1_326' title='bbox 487 2400 603 2444; x_wconf 88' lang='lat' dir='ltr'>haec</span> <span class='ocrx_word' id='word_1_327' title='bbox 630 2400 797 2459; x_wconf 87' lang='lat' dir='ltr'>absque</span> <span class='ocrx_word' id='word_1_328' title='bbox 828 2409 1020 2458; x_wconf 84' lang='lat' dir='ltr'>peccato</span> <span class='ocrx_word' id='word_1_329' title='bbox 1045 2399 1229 2444; x_wconf 88' lang='lat' dir='ltr'>mortali</span> <span class='ocrx_word' id='word_1_330' title='bbox 1250 2400 1515 2458; x_wconf 84' lang='lat' dir='ltr'>contingere</span> <span class='ocrx_word' id='word_1_331' title='bbox 1538 2411 1741 2459; x_wconf 89' lang='lat' dir='ltr'>possunt,</span> <span class='ocrx_word' id='word_1_332' title='bbox 1767 2414 1846 2460; x_wconf 90' lang='lat' dir='ltr'>per</span> <span class='ocrx_word' id='word_1_333' title='bbox 1871 2401 1999 2460; x_wconf 63' lang='lat' dir='ltr'>quod&#39;</span> <span class='ocrx_word' id='word_1_334' title='bbox 2016 2401 2167 2446; x_wconf 75' lang='lat' dir='ltr'>sol-um</span> 
     </span>
     <span class='ocr_line' id='line_1_35' title="bbox 212 2466 2168 2526; baseline -0.001 -14"><span class='ocrx_word' id='word_1_335' title='bbox 212 2466 390 2512; x_wconf 82' lang='lat' dir='ltr'>tollitur</span> <span class='ocrx_word' id='word_1_336' title='bbox 414 2467 590 2520; x_wconf 83' lang='lat' dir='ltr'>caritas,</span> <span class='ocrx_word' id='word_1_337' title='bbox 617 2467 696 2511; x_wconf 82' lang='lat' dir='ltr'>cui</span> <span class='ocrx_word' id='word_1_338' title='bbox 721 2467 975 2524; x_wconf 86' lang='lat' dir='ltr'>praemium</span> <span class='ocrx_word' id='word_1_339' title='bbox 993 2466 1114 2510; x_wconf 81' lang='lat' dir='ltr'>vitae</span> <span class='ocrx_word' id='word_1_340' title='bbox 1141 2476 1350 2511; x_wconf 89' lang='lat' dir='ltr'>aeternae</span> <span class='ocrx_word' id='word_1_341' title='bbox 1372 2466 1572 2522; x_wconf 91' lang='lat' dir='ltr'>debetur,</span> <span class='ocrx_word' id='word_1_342' title='bbox 1599 2477 1648 2511; x_wconf 91' lang='lat' dir='ltr'>ut</span> <span class='ocrx_word' id='word_1_343' title='bbox 1670 2477 1854 2526; x_wconf 89' lang='lat' dir='ltr'>apparet</span> <span class='ocrx_word' id='word_1_344' title='bbox 1879 2481 1933 2511; x_wconf 87' lang='lat' dir='ltr'>ex</span> <span class='ocrx_word' id='word_1_345' title='bbox 1958 2467 2029 2511; x_wconf 91' lang='lat' dir='ltr'>his</span> <span class='ocrx_word' id='word_1_346' title='bbox 2051 2480 2168 2526; x_wconf 89' lang='lat' dir='ltr'>quae</span> 
     </span>
     <span class='ocr_line' id='line_1_36' title="bbox 212 2531 2170 2592; baseline -0.001 -14"><span class='ocrx_word' id='word_1_347' title='bbox 212 2534 268 2578; x_wconf 72' lang='lat' dir='ltr'>iu</span> <span class='ocrx_word' id='word_1_348' title='bbox 293 2532 575 2577; x_wconf 58' lang='lat' dir='ltr'>tertio&#39;dicta</span> <span class='ocrx_word' id='word_1_349' title='bbox 604 2542 721 2576; x_wconf 87' lang='lat' dir='ltr'>sunt.·</span> <span class='ocrx_word' id='word_1_350' title='bbox 756 2531 1116 2591; x_wconf 82' lang='lat' dir='ltr'>Oportetigitur</span> <span class='ocrx_word' id='word_1_351' title='bbox 1140 2532 1264 2591; x_wconf 92' lang='lat' dir='ltr'>quod</span> <span class='ocrx_word' id='word_1_352' title='bbox 1289 2542 1393 2590; x_wconf 89' lang='lat' dir='ltr'>post</span> <span class='ocrx_word' id='word_1_353' title='bbox 1417 2533 1536 2576; x_wconf 88' lang='lat' dir='ltr'>hanc</span> <span class='ocrx_word' id='word_1_354' title='bbox 1568 2534 1710 2577; x_wconf 84' lang='lat' dir='ltr'>vitam</span> <span class='ocrx_word' id='word_1_355' title='bbox 1746 2543 2008 2592; x_wconf 90' lang='lat' dir='ltr'>purgentur,</span> <span class='ocrx_word' id='word_1_356' title='bbox 2047 2542 2170 2577; x_wconf 88' lang='lat' dir='ltr'>ante-</span> 
     </span>
     <span class='ocr_line' id='line_1_37' title="bbox 220 2598 2168 2659; baseline 0 -16"><span class='ocrx_word' id='word_1_357' title='bbox 220 2612 358 2658; x_wconf 84' lang='lat' dir='ltr'>quam</span> <span class='ocrx_word' id='word_1_358' title='bbox 383 2598 516 2642; x_wconf 86' lang='lat' dir='ltr'>finale</span> <span class='ocrx_word' id='word_1_359' title='bbox 549 2599 803 2658; x_wconf 89' lang='lat' dir='ltr'>praemium</span> <span class='ocrx_word' id='word_1_360' title='bbox 829 2609 1178 2658; x_wconf 56' lang='lat' dir='ltr'>consequantur⁴</span> <span class='ocrx_word' id='word_1_361' title='bbox 1211 2598 1427 2657; x_wconf 87' lang='lat' dir='ltr'>Purgatio</span> <span class='ocrx_word' id='word_1_362' title='bbox 1461 2609 1614 2643; x_wconf 88' lang='lat' dir='ltr'>autem</span> <span class='ocrx_word' id='word_1_363' title='bbox 1650 2599 1764 2643; x_wconf 89' lang='lat' dir='ltr'>haec</span> <span class='ocrx_word' id='word_1_364' title='bbox 1790 2599 1840 2644; x_wconf 85' lang='lat' dir='ltr'>fit</span> <span class='ocrx_word' id='word_1_365' title='bbox 1864 2611 1944 2658; x_wconf 88' lang='lat' dir='ltr'>per</span> <span class='ocrx_word' id='word_1_366' title='bbox 1983 2612 2168 2659; x_wconf 87' lang='lat' dir='ltr'>poenas,</span> 
     </span>
     <span class='ocr_line' id='line_1_38' title="bbox 218 2664 2169 2725; baseline 0.001 -15"><span class='ocrx_word' id='word_1_367' title='bbox 218 2665 339 2715; x_wconf 81' lang='lat' dir='ltr'>sicut</span> <span class='ocrx_word' id='word_1_368' title='bbox 366 2665 507 2710; x_wconf 90' lang='lat' dir='ltr'>etiam</span> <span class='ocrx_word' id='word_1_369' title='bbox 530 2665 577 2708; x_wconf 89' lang='lat' dir='ltr'>in</span> <span class='ocrx_word' id='word_1_370' title='bbox 603 2665 690 2708; x_wconf 88' lang='lat' dir='ltr'>hac</span> <span class='ocrx_word' id='word_1_371' title='bbox 716 2665 808 2708; x_wconf 83' lang='lat' dir='ltr'>vita</span> <span class='ocrx_word' id='word_1_372' title='bbox 839 2678 920 2724; x_wconf 86' lang='lat' dir='ltr'>per</span> <span class='ocrx_word' id='word_1_373' title='bbox 944 2679 1119 2724; x_wconf 86' lang='lat' dir='ltr'>poenas</span> <span class='ocrx_word' id='word_1_374' title='bbox 1144 2664 1463 2710; x_wconf 81' lang='lat' dir='ltr'>satisfactorias</span> <span class='ocrx_word' id='word_1_375' title='bbox 1489 2666 1698 2724; x_wconf 90' lang='lat' dir='ltr'>purgatio</span> <span class='ocrx_word' id='word_1_376' title='bbox 1733 2666 1963 2725; x_wconf 86' lang='lat' dir='ltr'>completa</span> <span class='ocrx_word' id='word_1_377' title='bbox 1993 2665 2169 2711; x_wconf 85' lang='lat' dir='ltr'>fuisset:</span> 
     </span>
     <span class='ocr_line' id='line_1_39' title="bbox 220 2731 2166 2794; baseline 0.001 -18"><span class='ocrx_word' id='word_1_378' title='bbox 220 2731 424 2791; x_wconf 79' lang='lat' dir='ltr'>alioquin</span> <span class='ocrx_word' id='word_1_379' title='bbox 450 2731 651 2776; x_wconf 84' lang='lat' dir='ltr'>melioris</span> <span class='ocrx_word' id='word_1_380' title='bbox 692 2731 966 2776; x_wconf 88' lang='lat' dir='ltr'>conditionis</span> <span class='ocrx_word' id='word_1_381' title='bbox 1006 2742 1156 2776; x_wconf 88' lang='lat' dir='ltr'>essent</span> <span class='ocrx_word' id='word_1_382' title='bbox 1195 2731 1476 2791; x_wconf 86' lang='lat' dir='ltr'>negligentes</span> <span class='ocrx_word' id='word_1_383' title='bbox 1509 2746 1646 2791; x_wconf 88' lang='lat' dir='ltr'>quam</span> <span class='ocrx_word' id='word_1_384' title='bbox 1678 2733 1875 2788; x_wconf 89' lang='lat' dir='ltr'>solliciti,</span> <span class='ocrx_word' id='word_1_385' title='bbox 1902 2734 1940 2778; x_wconf 88' lang='lat' dir='ltr'>si</span> <span class='ocrx_word' id='word_1_386' title='bbox 1970 2731 2166 2794; x_wconf 84' lang='lat' dir='ltr'>poenam</span> 
     </span>
     <span class='ocr_line' id='line_1_40' title="bbox 217 2798 2170 2858; baseline 0.002 -15"><span class='ocrx_word' id='word_1_387' title='bbox 217 2802 358 2858; x_wconf 82' lang='lat' dir='ltr'>quam</span> <span class='ocrx_word' id='word_1_388' title='bbox 383 2799 459 2842; x_wconf 87' lang='lat' dir='ltr'>hic</span> <span class='ocrx_word' id='word_1_389' title='bbox 490 2812 571 2858; x_wconf 92' lang='lat' dir='ltr'>pro</span> <span class='ocrx_word' id='word_1_390' title='bbox 604 2799 803 2857; x_wconf 89' lang='lat' dir='ltr'>peccatis</span> <span class='ocrx_word' id='word_1_391' title='bbox 834 2812 928 2843; x_wconf 90' lang='lat' dir='ltr'>non</span> <span class='ocrx_word' id='word_1_392' title='bbox 961 2798 1167 2857; x_wconf 89' lang='lat' dir='ltr'>implent,</span> <span class='ocrx_word' id='word_1_393' title='bbox 1192 2811 1286 2842; x_wconf 91' lang='lat' dir='ltr'>non</span> <span class='ocrx_word' id='word_1_394' title='bbox 1312 2799 1634 2843; x_wconf 64' lang='lat' dir='ltr'>sustineant&#39;in</span> <span class='ocrx_word' id='word_1_395' title='bbox 1665 2799 1830 2843; x_wconf 88' lang='lat' dir='ltr'>futuro.</span> <span class='ocrx_word' id='word_1_396' title='bbox 1867 2799 2170 2846; x_wconf 83' lang='lat' dir='ltr'>Retardantur</span> 
     </span>
     <span class='ocr_line' id='line_1_41' title="bbox 220 2865 2170 2927; baseline 0.002 -18"><span class='ocrx_word' id='word_1_397' title='bbox 220 2865 357 2924; x_wconf 83' lang='lat' dir='ltr'>igitur</span> <span class='ocrx_word' id='word_1_398' title='bbox 379 2865 560 2909; x_wconf 89' lang='lat' dir='ltr'>animae</span> <span class='ocrx_word' id='word_1_399' title='bbox 586 2865 815 2908; x_wconf 89' lang='lat' dir='ltr'>bonorum</span> <span class='ocrx_word' id='word_1_400' title='bbox 840 2866 918 2924; x_wconf 89' lang='lat' dir='ltr'>qui</span> <span class='ocrx_word' id='word_1_401' title='bbox 942 2865 1111 2909; x_wconf 88' lang='lat' dir='ltr'>habent</span> <span class='ocrx_word' id='word_1_402' title='bbox 1152 2865 1319 2924; x_wconf 86' lang='lat' dir='ltr'>aliquid</span> <span class='ocrx_word' id='word_1_403' title='bbox 1351 2865 1618 2924; x_wconf 82' lang='lat' dir='ltr'>purgabile</span> <span class='ocrx_word' id='word_1_404' title='bbox 1607 2880 1652 2909; x_wconf 86' lang='lat' dir='ltr'>m</span> <span class='ocrx_word' id='word_1_405' title='bbox 1675 2866 1764 2910; x_wconf 88' lang='lat' dir='ltr'>hoc</span> <span class='ocrx_word' id='word_1_406' title='bbox 1793 2867 1966 2911; x_wconf 89' lang='lat' dir='ltr'>mundo</span> <span class='ocrx_word' id='word_1_407' title='bbox 1992 2881 2018 2911; x_wconf 90' lang='lat' dir='ltr'>a</span> <span class='ocrx_word' id='word_1_408' title='bbox 2043 2876 2170 2927; x_wconf 85' lang='lat' dir='ltr'>prae—</span> 
     </span>
     <span class='ocr_line' id='line_1_42' title="bbox 219 2932 2170 3016; baseline 0.002 -40"><span class='ocrx_word' id='word_1_409' title='bbox 219 2932 318 2976; x_wconf 78' lang='lat' dir='ltr'>mii</span> <span class='ocrx_word' id='word_1_410' title='bbox 334 2933 672 2985; x_wconf 84' lang='lat' dir='ltr'>consecutione,</span> <span class='ocrx_word' id='word_1_411' title='bbox 699 2945 936 2990; x_wconf 88' lang='lat' dir='ltr'>quousque</span> <span class='ocrx_word' id='word_1_412' title='bbox 957 2945 1129 2990; x_wconf 89' lang='lat' dir='ltr'>poenas</span> <span class='ocrx_word' id='word_1_413' title='bbox 1154 2934 1438 2990; x_wconf 86' lang='lat' dir='ltr'>purgatorias</span> <span class='ocrx_word' id='word_1_414' title='bbox 1462 2932 1724 2977; x_wconf 83' lang='lat' dir='ltr'>sustineant.</span> <span class='ocrx_word' id='word_1_415' title='bbox 1751 2933 1807 2977; x_wconf 89' lang='lat' dir='ltr'>Et</span> <span class='ocrx_word' id='word_1_416' title='bbox 1828 2933 1942 2978; x_wconf 89' lang='lat' dir='ltr'>haec</span> <span class='ocrx_word' id='word_1_417' title='bbox 1965 2944 2033 2978; x_wconf 89' lang='lat' dir='ltr'>est</span> <span class='ocrx_word' id='word_1_418' title='bbox 2053 2935 2170 3016; x_wconf 81' lang='lat' dir='ltr'>ratio</span> 
     </span>
     <span class='ocr_line' id='line_1_43' title="bbox 218 2997 964 3091; baseline 0 -49"><span class='ocrx_word' id='word_1_419' title='bbox 218 3012 360 3091; x_wconf 84' lang='lat' dir='ltr'>quare</span> <span class='ocrx_word' id='word_1_420' title='bbox 390 2997 704 3058; x_wconf 84' lang='lat' dir='ltr'>purgatorium</span> <span class='ocrx_word' id='word_1_421' title='bbox 737 2998 964 3057; x_wconf 88' lang='lat' dir='ltr'>ponimus.</span> 
     </span>
    </p>

    <p class='ocr_par' dir='ltr' id='par_1_7' title="bbox 219 3064 2173 3459">
     <span class='ocr_line' id='line_1_44' title="bbox 312 3064 2169 3126; baseline 0.002 -17"><span class='ocrx_word' id='word_1_422' title='bbox 312 3064 432 3109; x_wconf 87' lang='lat' dir='ltr'>Huic</span> <span class='ocrx_word' id='word_1_423' title='bbox 459 3075 611 3108; x_wconf 88' lang='lat' dir='ltr'>autem</span> <span class='ocrx_word' id='word_1_424' title='bbox 637 3065 855 3124; x_wconf 89' lang='lat' dir='ltr'>positioni</span> <span class='ocrx_word' id='word_1_425' title='bbox 886 3064 1158 3123; x_wconf 86' lang='lat' dir='ltr'>suffragatur</span> <span class='ocrx_word' id='word_1_426' title='bbox 1183 3065 1355 3110; x_wconf 89' lang='lat' dir='ltr'>dictum</span> <span class='ocrx_word' id='word_1_427' title='bbox 1380 3065 1592 3124; x_wconf 90' lang='lat' dir='ltr'>Apostoli</span> <span class='ocrx_word' id='word_1_428' title='bbox 1624 3066 1678 3125; x_wconf 90' lang='lat' dir='ltr'>(I.</span> <span class='ocrx_word' id='word_1_429' title='bbox 1708 3066 1916 3111; x_wconf 89' lang='lat' dir='ltr'>Corinth.</span> <span class='ocrx_word' id='word_1_430' title='bbox 1950 3067 2169 3126; x_wconf 73' lang='lat'>111„15.).</span> 
     </span>
     <span class='ocr_line' id='line_1_45' title="bbox 225 3126 2173 3193; baseline 0.001 -16"><span class='ocrx_word' id='word_1_431' title='bbox 225 3132 283 3178; x_wconf 72' lang='grc' dir='ltr'>δι”</span> <span class='ocrx_word' id='word_1_432' title='bbox 297 3134 420 3190; x_wconf 76' lang='lat' dir='ltr'>cujus</span> <span class='ocrx_word' id='word_1_433' title='bbox 437 3139 536 3190; x_wconf 78' lang='lat' dir='ltr'>opus</span> <span class='ocrx_word' id='word_1_434' title='bbox 559 3132 724 3185; x_wconf 78' lang='lat' dir='ltr'>arserit,</span> <span class='ocrx_word' id='word_1_435' title='bbox 747 3131 1036 3176; x_wconf 74' lang='lat' dir='ltr'>detrimentum</span> <span class='ocrx_word' id='word_1_436' title='bbox 1049 3133 1235 3191; x_wconf 80' lang='lat' dir='ltr'>patietur</span> <span class='ocrx_word' id='word_1_437' title='bbox 1243 3146 1259 3184; x_wconf 90' lang='lat'>‚·</span> <span class='ocrx_word' id='word_1_438' title='bbox 1282 3133 1367 3189; x_wconf 80' lang='lat' dir='ltr'>ipse</span> <span class='ocrx_word' id='word_1_439' title='bbox 1392 3138 1527 3176; x_wconf 76' lang='lat' dir='ltr'>autem</span> <span class='ocrx_word' id='word_1_440' title='bbox 1551 3133 1689 3177; x_wconf 83' lang='lat' dir='ltr'>salvus</span> <span class='ocrx_word' id='word_1_441' title='bbox 1709 3135 1803 3186; x_wconf 79' lang='lat' dir='ltr'>erit,</span> <span class='ocrx_word' id='word_1_442' title='bbox 1824 3135 1881 3177; x_wconf 84' lang='lat' dir='ltr'>sic</span> <span class='ocrx_word' id='word_1_443' title='bbox 1903 3140 2039 3179; x_wconf 75' lang='lat' dir='ltr'>tamen</span> <span class='ocrx_word' id='word_1_444' title='bbox 2055 3126 2173 3193; x_wconf 67' lang='lat' dir='ltr'>quasi</span> 
     </span>
     <span class='ocr_line' id='line_1_46' title="bbox 219 3198 2173 3260; baseline 0.002 -18"><span class='ocrx_word' id='word_1_445' title='bbox 219 3205 296 3257; x_wconf 70' lang='lat' dir='ltr'>ptr</span> <span class='ocrx_word' id='word_1_446' title='bbox 318 3199 471 3260; x_wconf 75' lang='lat' dir='ltr'>ignem.</span> <span class='ocrx_word' id='word_1_447' title='bbox 504 3198 576 3241; x_wconf 88' lang='lat' dir='ltr'>Ad</span> <span class='ocrx_word' id='word_1_448' title='bbox 603 3198 692 3242; x_wconf 87' lang='lat' dir='ltr'>hoc</span> <span class='ocrx_word' id='word_1_449' title='bbox 720 3198 857 3241; x_wconf 89' lang='lat' dir='ltr'>etiam</span> <span class='ocrx_word' id='word_1_450' title='bbox 884 3208 951 3242; x_wconf 86' lang='lat' dir='ltr'>est</span> <span class='ocrx_word' id='word_1_451' title='bbox 977 3198 1258 3242; x_wconf 89' lang='lat' dir='ltr'>consuetudo</span> <span class='ocrx_word' id='word_1_452' title='bbox 1286 3198 1517 3243; x_wconf 89' lang='lat' dir='ltr'>Ecclesiae</span> <span class='ocrx_word' id='word_1_453' title='bbox 1550 3198 1830 3252; x_wconf 81' lang='lat' dir='ltr'>universalis,</span> <span class='ocrx_word' id='word_1_454' title='bbox 1852 3211 1968 3259; x_wconf 85' lang='lat' dir='ltr'>quae</span> <span class='ocrx_word' id='word_1_455' title='bbox 1993 3212 2076 3260; x_wconf 84' lang='lat' dir='ltr'>pro</span> <span class='ocrx_word' id='word_1_456' title='bbox 2101 3201 2173 3245; x_wconf 88' lang='lat' dir='ltr'>de-</span> 
     </span>
     <span class='ocr_line' id='line_1_47' title="bbox 226 3255 2173 3343; baseline 0.002 -35"><span class='ocrx_word' id='word_1_457' title='bbox 226 3255 388 3309; x_wconf 79' lang='lat' dir='ltr'>functis</span> <span class='ocrx_word' id='word_1_458' title='bbox 418 3274 538 3308; x_wconf 88' lang='lat' dir='ltr'>orat·</span> <span class='ocrx_word' id='word_1_459' title='bbox 565 3277 681 3323; x_wconf 83' lang='lat' dir='ltr'>quae</span> <span class='ocrx_word' id='word_1_460' title='bbox 707 3264 907 3323; x_wconf 88' lang='lat' dir='ltr'>quidem</span> <span class='ocrx_word' id='word_1_461' title='bbox 922 3264 1068 3308; x_wconf 86' lang='lat' dir='ltr'>oratio</span> <span class='ocrx_word' id='word_1_462' title='bbox 1094 3264 1264 3309; x_wconf 87' lang='lat' dir='ltr'>inutilis</span> <span class='ocrx_word' id='word_1_463' title='bbox 1297 3275 1428 3319; x_wconf 88' lang='lat' dir='ltr'>esset,</span> <span class='ocrx_word' id='word_1_464' title='bbox 1455 3265 1493 3309; x_wconf 88' lang='lat' dir='ltr'>si</span> <span class='ocrx_word' id='word_1_465' title='bbox 1518 3266 1829 3343; x_wconf 81' lang='lat' dir='ltr'>purgatorium</span> <span class='ocrx_word' id='word_1_466' title='bbox 1852 3275 1957 3326; x_wconf 87' lang='lat' dir='ltr'>post</span> <span class='ocrx_word' id='word_1_467' title='bbox 1974 3276 2173 3311; x_wconf 83' lang='lat' dir='ltr'>mortem</span> 
     </span>
     <span class='ocr_line' id='line_1_48' title="bbox 225 3330 2173 3397; baseline 0.002 -23"><span class='ocrx_word' id='word_1_468' title='bbox 225 3344 319 3376; x_wconf 91' lang='lat' dir='ltr'>non</span> <span class='ocrx_word' id='word_1_469' title='bbox 342 3341 560 3390; x_wconf 83' lang='lat' dir='ltr'>ponatur:</span> <span class='ocrx_word' id='word_1_470' title='bbox 587 3344 681 3374; x_wconf 88' lang='lat' dir='ltr'>non</span> <span class='ocrx_word' id='word_1_471' title='bbox 709 3332 829 3374; x_wconf 88' lang='lat' dir='ltr'>enim</span> <span class='ocrx_word' id='word_1_472' title='bbox 858 3341 959 3375; x_wconf 90' lang='lat' dir='ltr'>orat</span> <span class='ocrx_word' id='word_1_473' title='bbox 983 3330 1188 3375; x_wconf 88' lang='lat' dir='ltr'>Ecclesia</span> <span class='ocrx_word' id='word_1_474' title='bbox 1214 3344 1296 3390; x_wconf 94' lang='lat' dir='ltr'>pro</span> <span class='ocrx_word' id='word_1_475' title='bbox 1322 3330 1416 3375; x_wconf 87' lang='lat' dir='ltr'>his</span> <span class='ocrx_word' id='word_1_476' title='bbox 1412 3332 1501 3390; x_wconf 89' lang='lat' dir='ltr'>qui</span> <span class='ocrx_word' id='word_1_477' title='bbox 1532 3333 1623 3390; x_wconf 84' lang='lat' dir='ltr'>jam</span> <span class='ocrx_word' id='word_1_478' title='bbox 1646 3341 1749 3376; x_wconf 85' lang='lat' dir='ltr'>sunt</span> <span class='ocrx_word' id='word_1_479' title='bbox 1773 3332 1820 3376; x_wconf 90' lang='lat' dir='ltr'>in</span> <span class='ocrx_word' id='word_1_480' title='bbox 1844 3331 2043 3397; x_wconf 80' lang='lat' dir='ltr'>termino</span> <span class='ocrx_word' id='word_1_481' title='bbox 2063 3332 2173 3377; x_wconf 86' lang='lat' dir='ltr'>boni</span> 
     </span>
     <span class='ocr_line' id='line_1_49' title="bbox 224 3397 2081 3483; baseline 0.001 -40"><span class='ocrx_word' id='word_1_482' title='bbox 224 3397 301 3483; x_wconf 78' lang='lat' dir='ltr'>vel</span> <span class='ocrx_word' id='word_1_483' title='bbox 329 3398 464 3453; x_wconf 89' lang='lat' dir='ltr'>mali;</span> <span class='ocrx_word' id='word_1_484' title='bbox 495 3399 574 3443; x_wconf 91' lang='lat' dir='ltr'>sed</span> <span class='ocrx_word' id='word_1_485' title='bbox 606 3412 689 3458; x_wconf 91' lang='lat' dir='ltr'>pro</span> <span class='ocrx_word' id='word_1_486' title='bbox 722 3399 792 3443; x_wconf 90' lang='lat' dir='ltr'>his</span> <span class='ocrx_word' id='word_1_487' title='bbox 813 3399 892 3459; x_wconf 89' lang='lat' dir='ltr'>qui</span> <span class='ocrx_word' id='word_1_488' title='bbox 917 3399 1120 3443; x_wconf 86' lang='lat' dir='ltr'>nondum</span> <span class='ocrx_word' id='word_1_489' title='bbox 1150 3399 1204 3443; x_wconf 86' lang='lat' dir='ltr'>ad</span> <span class='ocrx_word' id='word_1_490' title='bbox 1229 3399 1474 3443; x_wconf 85' lang='lat' dir='ltr'>terminum</span> <span class='ocrx_word' id='word_1_491' title='bbox 1507 3407 1820 3459; x_wconf 81' lang='lat' dir='ltr'>pervenerunt.</span> <span class='ocrx_word' id='word_1_492' title='bbox 1887 3407 1890 3409; x_wconf 86' lang='grc'>’</span> <span class='ocrx_word' id='word_1_493' title='bbox 2078 3413 2081 3415; x_wconf 60' lang='grc'><strong>“</strong></span> 
     </span>
    </p>

    <p class='ocr_par' dir='ltr' id='par_1_8' title="bbox 225 3459 2177 3658">
     <span class='ocr_line' id='line_1_50' title="bbox 317 3459 2177 3525; baseline 0.001 -16"><span class='ocrx_word' id='word_1_494' title='bbox 317 3465 456 3518; x_wconf 85' lang='lat' dir='ltr'>Quod</span> <span class='ocrx_word' id='word_1_495' title='bbox 484 3476 650 3519; x_wconf 79' lang='lat' dir='ltr'>autem,</span> <span class='ocrx_word' id='word_1_496' title='bbox 667 3466 821 3509; x_wconf 85' lang='lat' dir='ltr'>statim</span> <span class='ocrx_word' id='word_1_497' title='bbox 837 3475 940 3525; x_wconf 86' lang='lat' dir='ltr'>post</span> <span class='ocrx_word' id='word_1_498' title='bbox 957 3475 1169 3519; x_wconf 88' lang='lat' dir='ltr'>mortem,</span> <span class='ocrx_word' id='word_1_499' title='bbox 1197 3465 1377 3510; x_wconf 86' lang='lat' dir='ltr'>animae</span> <span class='ocrx_word' id='word_1_500' title='bbox 1399 3475 1734 3525; x_wconf 80' lang='lat' dir='ltr'>consequantur</span> <span class='ocrx_word' id='word_1_501' title='bbox 1750 3477 1947 3525; x_wconf 83' lang='lat' dir='ltr'>poenam</span> <span class='ocrx_word' id='word_1_502' title='bbox 1962 3459 2045 3510; x_wconf 82' lang='lat' dir='ltr'>vel</span> <span class='ocrx_word' id='word_1_503' title='bbox 2039 3459 2177 3525; x_wconf 66' lang='lat' dir='ltr'>prue-</span> 
     </span>
     <span class='ocr_line' id='line_1_51' title="bbox 226 3526 2177 3590; baseline 0.002 -15"><span class='ocrx_word' id='word_1_504' title='bbox 226 3544 387 3586; x_wconf 73' lang='lat' dir='ltr'>imum,</span> <span class='ocrx_word' id='word_1_505' title='bbox 416 3531 457 3576; x_wconf 79' lang='lat' dir='ltr'>si</span> <span class='ocrx_word' id='word_1_506' title='bbox 484 3531 864 3590; x_wconf 83' lang='lat' dir='ltr'>impedimentum</span> <span class='ocrx_word' id='word_1_507' title='bbox 889 3544 991 3576; x_wconf 80' lang='lat' dir='ltr'>non·</span> <span class='ocrx_word' id='word_1_508' title='bbox 1008 3531 1079 3585; x_wconf 85' lang='lat' dir='ltr'>sit,</span> <span class='ocrx_word' id='word_1_509' title='bbox 1106 3531 1446 3576; x_wconf 84' lang='lat' dir='ltr'>auctoritatibus</span> <span class='ocrx_word' id='word_1_510' title='bbox 1474 3528 1731 3590; x_wconf 79' lang='lat' dir='ltr'>Scripturae</span> <span class='ocrx_word' id='word_1_511' title='bbox 1759 3526 2084 3577; x_wconf 64' lang='lat' dir='ltr'>contin-*natur</span> <span class='ocrx_word' id='word_1_512' title='bbox 2099 3531 2177 3578; x_wconf 88' lang='lat' dir='ltr'>Di·</span> 
     </span>
     <span class='ocr_line' id='line_1_52' title="bbox 225 3597 2176 3658; baseline 0.002 -17"><span class='ocrx_word' id='word_1_513' title='bbox 225 3597 343 3642; x_wconf 89' lang='lat' dir='ltr'>citur</span> <span class='ocrx_word' id='word_1_514' title='bbox 375 3598 496 3642; x_wconf 90' lang='lat' dir='ltr'>enim</span> <span class='ocrx_word' id='word_1_515' title='bbox 523 3597 631 3656; x_wconf 87' lang='lat' dir='ltr'>(Job</span> <span class='ocrx_word' id='word_1_516' title='bbox 659 3597 782 3642; x_wconf 90' lang='lat' dir='ltr'>XXI</span> <span class='ocrx_word' id='word_1_517' title='bbox 815 3597 903 3657; x_wconf 88' lang='lat'>13.)</span> <span class='ocrx_word' id='word_1_518' title='bbox 944 3597 1000 3642; x_wconf 91' lang='lat' dir='ltr'>de</span> <span class='ocrx_word' id='word_1_519' title='bbox 1025 3597 1180 3642; x_wconf 87' lang='lat' dir='ltr'>malis:</span> <span class='ocrx_word' id='word_1_520' title='bbox 1219 3598 1394 3643; x_wconf 72' lang='lat' dir='ltr'>Ducunt</span> <span class='ocrx_word' id='word_1_521' title='bbox 1422 3599 1470 3642; x_wconf 83' lang='lat' dir='ltr'>in</span> <span class='ocrx_word' id='word_1_522' title='bbox 1496 3600 1618 3644; x_wconf 75' lang='lat' dir='ltr'>bouis</span> <span class='ocrx_word' id='word_1_523' title='bbox 1652 3599 1736 3643; x_wconf 73' lang='lat' dir='ltr'>dias</span> <span class='ocrx_word' id='word_1_524' title='bbox 1764 3612 1871 3653; x_wconf 82' lang='lat' dir='ltr'>suos,</span> <span class='ocrx_word' id='word_1_525' title='bbox 1898 3605 1935 3644; x_wconf 75' lang='lat' dir='ltr'>et</span> <span class='ocrx_word' id='word_1_526' title='bbox 1958 3600 2007 3643; x_wconf 76' lang='lat' dir='ltr'>in</span> <span class='ocrx_word' id='word_1_527' title='bbox 2018 3599 2176 3658; x_wconf 71' lang='grc' dir='ltr'>’ριίηοὶο</span> 
     </span>
    </p>
   </div>
  </div>
 </body>
</html>
