2332 3854
823 222 976 261 mmm
1015 220 1074 261 11.
1115 220 1235 260 CAP.
1274 219 1365 259 xc.
1968 203 2076 272 267

895 467 1148 524 CAPUT
1188 467 1310 524 XC.

362 605 521 653 QUOD
560 603 727 645 NULLI
776 601 885 641 AL11
935 603 1173 642 CORPORI
1213 602 1319 642 NISI
1359 599 1595 639 HUMANO
1636 597 1847 637 UNITUR

513 676 853 718 SUBSTANTIA
885 675 1358 717 INTELLECTUALIS
1387 675 1462 714 UT
1495 673 1698 712 FORMA.

219 788 343 842 Quia
381 803 490 844 vero
532 798 768 833 ostensum
808 797 876 833 est
915 787 976 844 (c.
1019 789 1108 845 57.)
1142 787 1440 832 substantiam
1481 784 1683 845 aliquam
1722 780 2081 829 intellectualem

53 849 55 851 ¹
130 855 249 903 uniri
280 856 460 915 corpori
495 864 544 899 ut
582 854 796 908 formam,
837 854 1014 899 scilicet
1047 855 1248 898 animam
1283 854 1550 906 humanam,
1586 850 1907 911 inquirendum
1943 858 2081 894 restat

130 933 282 967 utrum
309 922 444 967 alicui
470 921 599 966 alteri
625 921 805 980 corpori
832 920 982 979 aliqua
1009 921 1256 964 substantia
1282 918 1600 964 intellectualis
1627 928 1674 962 ut
1705 917 1855 962 forma
1888 916 2081 961 uniatur.
2126 938 2131 945 -

131 989 187 1035 Et
211 989 395 1049 quidem
422 989 476 1032 de
500 988 765 1046 corporibus
790 986 1076 1040 coelestibus,
1104 987 1226 1046 quod
1253 987 1342 1030 sint
1365 986 1563 1029 animata
1591 985 1743 1028 anima
1774 982 2086 1037 intellectuali,

131 1055 336 1116 superius
361 1065 431 1100 est
460 1064 695 1100 ostensum
722 1055 782 1111 (c.
810 1055 902 1112 70.)
930 1054 1036 1113 quid
1065 1054 1120 1098 de
1146 1053 1236 1097 hoc
1264 1052 1532 1097 Aristoteles
1564 1052 1754 1096 senserit
1779 1061 1824 1095 et
1848 1050 1970 1110 quod
1995 1050 2089 1095 Au-

48 1157 56 1166 ,
131 1122 336 1183 gustinus
361 1122 452 1166 hoc
478 1122 560 1165 sub
587 1121 725 1165 dubio
752 1120 946 1179 reliquit,
970 1120 1089 1165 unde
1117 1133 1329 1179 praesens
1355 1119 1587 1178 inquisitio
1622 1118 1741 1162 circa
1775 1130 1969 1176 corpora
2000 1115 2088 1161 ele-

133 1189 354 1235 mentaria
377 1191 546 1234 versari
572 1188 717 1232 debet.
747 1187 887 1240 Quod
915 1197 1068 1232 autem
1093 1187 1208 1232 nulli
1240 1188 1421 1246 corpori
1454 1185 1719 1231 elementari
1745 1184 1996 1230 substantia
2027 1185 2090 1228 in·

58 1259 61 1261 ’
130 1255 400 1301 tellectualis
425 1255 607 1299 uniatur
632 1264 680 1298 ut
705 1253 868 1308 forma,
895 1254 982 1298 nisi
1009 1253 1229 1307 humano,
1258 1253 1491 1296 evidenter
1518 1261 1715 1310 apparet.

222 1322 272 1367 Si
296 1322 419 1366 enim
447 1322 575 1366 alteri
603 1321 785 1380 corpori
816 1321 1010 1375 uniatur,
1037 1330 1114 1364 aut
1145 1320 1296 1364 unitur
1323 1318 1504 1378 corpori
1530 1319 1688 1372 mixto,
1714 1327 1792 1362 aut
1816 1315 2026 1374 simplici.

219 1389 328 1433 Non
354 1398 507 1432 autern
529 1397 682 1446 potest
698 1388 816 1432 uniri
833 1388 1015 1445 corpori
1036 1387 1194 1440 mixto,
1213 1386 1318 1445 quia
1336 1394 1564 1443 oporteret
1582 1383 1693 1428 illud
1707 1397 1872 1442 corpus
1889 1382 2090 1427 maxime

135 1469 236 1501 esse
281 1454 482 1514 aequalis
520 1453 854 1514 complexionis
888 1453 1139 1499 secundum
1174 1467 1308 1497 suurn
1356 1466 1514 1510 genus,
1550 1451 1669 1495 inter
1703 1461 1854 1505 cetera
1897 1463 2090 1508 corpora

50 1544 59 1582 ς
131 1524 286 1577 mixta,
309 1536 450 1582 quum
475 1522 712 1566 videamus
735 1535 929 1580 corpora
955 1521 1095 1565 mixta
1115 1530 1243 1564 tanto
1265 1519 1513 1563 nobiliores
1535 1518 1706 1562 formas
1731 1517 1897 1561 habere
1919 1526 2090 1576 quanto

42 1583 69 1641 *³3²
131 1587 279 1649 magis
306 1589 362 1633 ad
384 1598 798 1648 temperamentum
826 1587 1166 1631 commixtionis
1201 1586 1492 1645 perveniunt;
1526 1594 1572 1628 et
1596 1585 1660 1628 sic
1689 1584 1811 1642 quod
1836 1583 1975 1627 habet
2004 1582 2091 1626 for·

48 1662 59 1682 ’-“
131 1670 258 1701 mam
279 1655 627 1709 nobilissimam,
649 1665 807 1715 utpote
829 1655 1125 1699 substantiam
1148 1651 1520 1705 intellectualem,
1543 1651 1581 1695 si
1606 1651 1664 1695 sit
1689 1664 1853 1709 corpus
1879 1649 2088 1704 mixtum,

39 1738 57 1773 ,ἱ
133 1732 316 1783 oportet
340 1736 440 1767 esse
465 1722 924 1781 temperatissimum3
952 1721 1072 1765 unde
1099 1721 1233 1764 etiam
1258 1719 1465 1763 videmus
1489 1718 1611 1776 quod
1638 1716 1855 1761 mollities
1878 1716 2025 1760 carnis
2047 1725 2094 1760 et

38 1796 65 1838 '21
131 1789 311 1835 bonitas
335 1799 497 1843 tactus,
523 1802 640 1848 quae
667 1788 989 1848 aequalitatem
1013 1786 1345 1845 complexionis
1363 1787 1691 1838 demonstrant,
1714 1793 1818 1828 sunt
1833 1783 1962 1842 signa
1983 1782 2094 1827 boni

133 1855 404 1902 intellectus.
430 1855 707 1915 Complexio
735 1865 887 1899 autem
920 1855 1119 1898 maxime
1153 1853 1354 1913 aequalis
1388 1862 1455 1897 est
1488 1851 1748 1911 complexio
1785 1850 1989 1909 corporis
2014 1850 2094 1894 hu·

133 1923 273 1969 mani.
300 1916 495 1983 Oportet
521 1923 671 1983 igitur,
698 1923 737 1967 si
762 1922 1010 1967 substantia
1035 1921 1355 1966 intellectualis
1382 1923 1562 1964 uniatur
1580 1919 1912 1978 alicuicorpori
1934 1917 2093 1971 mixto,

135 1990 257 2050 quod
281 1989 393 2034 illud
418 1990 477 2035 sit
501 1991 704 2048 ejusdem
726 1999 913 2034 naturae
933 2003 1039 2034 cum
1062 2003 1254 2049 corpore
1270 1989 1491 2034 humano.
1510 1988 1676 2032 Forma
1695 1987 1834 2032 etiam
1856 1987 1954 2045 ejus
1976 1994 2094 2031 esset

135 2058 339 2118 ejusdem
364 2068 554 2103 naturae
579 2072 688 2102 cum
722 2057 874 2101 anima
899 2057 1117 2111 humana,
1145 2057 1183 2102 si
1210 2067 1328 2101 esset
1353 2056 1602 2100 substantia
1628 2053 1964 2099 intellectualis.
1985 2053 2093 2098 Non

134 2125 272 2185 igitur
297 2135 417 2170 esset
441 2124 693 2169 differentia
719 2124 970 2169 secundum
997 2125 1197 2183 speciem
1226 2124 1341 2167 inter
1366 2122 1478 2166 illud
1513 2121 1684 2165 animal
1710 2131 1755 2166 et
1779 2121 2032 2165 hominem.

223 2191 443 2237 Similiter
468 2201 621 2236 autem
642 2205 790 2250 neque
818 2192 998 2250 corpori
1025 2190 1233 2250 simplici,
1260 2200 1369 2250 puta
1396 2190 1488 2233 aeri
1515 2199 1591 2234 aut
1623 2203 1768 2247 aquae
1795 2199 1872 2232 aut
1896 2188 1991 2246 igni
2019 2197 2095 2232 aut

131 2270 294 2313 terrae,
320 2259 438 2303 uniri
467 2269 617 2318 potest
648 2258 898 2302 substantia
939 2257 1258 2302 intellectualis
1295 2266 1344 2301 ut
1373 2256 1541 2300 forma.
1570 2255 1943 2314 Unumquodque
1972 2255 2092 2299 enim

38 2320 40 2322 ’
107 2360 112 2365 »,
133 2325 301 2371 horum
329 2339 575 2385 corporum
601 2334 667 2369 est
699 2324 847 2369 simile
879 2325 925 2368 in
951 2334 1050 2368 toto
1093 2334 1138 2368 et
1171 2323 1395 2382 partibus;
1437 2323 1643 2381 ejusdem
1681 2323 1803 2366 enim
1829 2331 2018 2366 naturae
2051 2331 2097 2366 et

30 2388 58 2449 ’ᾗ
134 2392 303 2453 speciei
327 2402 395 2437 est
419 2405 522 2452 pars
549 2393 665 2436 aeris
691 2402 736 2436 et
760 2400 882 2436 totus
910 2396 1008 2446 aer3
1036 2391 1206 2436 etenim
1240 2391 1454 2435 eumdem
1487 2399 1666 2434 motum
1708 2389 1867 2443 habet;
1900 2398 1946 2433 et
1976 2388 2097 2432 sirni-

134 2458 237 2505 liter
261 2459 317 2504 de
343 2459 456 2503 aliis.
485 2459 718 2504 Similibus
745 2469 897 2503 autem
925 2458 1180 2503 motoribus
1207 2457 1380 2502 similes
1406 2457 1583 2501 formae
1618 2457 1850 2500 debentur.
1876 2455 1926 2499 Si
1955 2455 2093 2514 igitur

42 2524 61 2579 ξ’
135 2525 286 2586 aliqua
308 2529 418 2584 pars'
438 2526 630 2584 alicujus
659 2526 886 2570 dictorum
914 2539 1161 2584 corporum
1187 2525 1244 2569 sit
1267 2525 1465 2568 animata
1486 2524 1637 2568 anima
1655 2522 1966 2576 intellectuali,
1988 2531 2095 2581 puta

16 2595 25 2609 ⁹
47 2607 49 2610 ·
67 2638 70 2639 ⁷
136 2594 264 2648 acris,
280 2603 403 2637 totus
430 2597 506 2637 aer
527 2602 572 2637 et
589 2606 750 2637 omnes
767 2602 916 2651 partes
934 2593 1029 2650 ejus
1054 2591 1217 2636 eadem
1239 2592 1415 2636 ratione
1440 2601 1569 2635 erunt
1587 2591 1799 2634 animata.
1822 2589 1924 2633 Hoc
1942 2598 2096 2632 autem

135 2659 375 2705 manifeste
401 2669 587 2719 apparet
612 2674 710 2704 esse
732 2659 925 2714 falsum3
952 2673 1058 2703 nam
1083 2658 1208 2702 nulla
1241 2658 1446 2717 operatio
1469 2658 1588 2701 vitae
1615 2666 1800 2716 apparet
1825 2656 1871 2699 in
1898 2655 2095 2714 partibus

47 2750 63 2791 '5
137 2729 266 2781 aeris,
290 2726 362 2771 vel
391 2726 587 2770 aliorum
613 2725 891 2785 simplicium
917 2739 1178 2784 corporum.
1204 2725 1313 2768 Non
1339 2725 1475 2783 igitur
1502 2724 1638 2768 alicui
1663 2724 1779 2781 parti
1797 2723 1926 2778 aeris,
1948 2721 2023 2767 vel
2044 2721 2097 2766 si-

135 2793 314 2838 milium
340 2806 586 2851 corporum
613 2792 863 2836 substantia
885 2791 1206 2836 intellectualis
1233 2792 1385 2835 unitur
1411 2801 1460 2835 ut
1484 2790 1647 2834 forma.

225 2859 415 2904 Adhuc:
441 2859 478 2903 si
505 2858 640 2903 alicui
666 2858 945 2917 simplicium
976 2872 1222 2915 corporum
1259 2857 1410 2901 unitur
1448 2857 1597 2915 aliqua
1633 2857 1879 2900 substantia
1915 2854 2090 2900 intelle-

138 2919 298 2971 ctualis
330 2936 379 2970 ut
402 2924 566 2980 forma,
594 2935 671 2969 aut
695 2924 878 2968 habebit
893 2923 1176 2968 intellectum
1203 2934 1396 2977 tantum,
1425 2933 1500 2967 aut
1525 2923 1706 2967 habebit
1724 2923 1834 2967 alias
1851 2923 2090 2982 potentias,

138 3005 295 3054 utpote
322 3008 437 3054 quae
463 2994 689 3053 pertinent
721 2994 775 3036 ad
803 3002 978 3050 partem
1005 2991 1284 3044 sensitivam,
1313 3000 1388 3034 aut
1408 2993 1686 3043 nutritivam,
1709 2992 1825 3035 sicut
1851 3001 1919 3035 est
1944 2991 1991 3034 in
2016 2990 2098 3034 ho-

137 3061 274 3106 mine.
301 3060 351 3105 Si
383 3070 535 3105 autem
568 3061 705 3104 habet
742 3058 1026 3103 intellectum
1066 3067 1258 3110 tantum,
1295 3055 1458 3100 frustra
1494 3057 1644 3100 unitur
1679 3055 1875 3114 corpori.
1925 3055 2092 3099 Omnis

139 3127 263 3173 enim
288 3127 438 3172 forma
465 3128 669 3187 corporis
694 3127 832 3171 habet
865 3126 1064 3184 aliquam
1097 3124 1328 3184 propriam
1361 3123 1679 3182 operationem
1711 3136 1790 3179 per
1822 3135 2000 3180 corpus.
2024 3121 2097 3164 In-

137 3193 345 3240 tellectus
371 3203 524 3238 autem
549 3207 644 3238 non
669 3194 807 3237 habet
833 3192 1031 3251 aliquam
1061 3191 1376 3250 operationem
1405 3190 1459 3233 ad
1484 3203 1647 3248 corpus
1675 3188 1993 3246 pertinentem,
2010 3187 2098 3231 nisi

138 3254 390 3306 secundum
422 3261 544 3319 quod
567 3270 722 3304 movet
748 3273 937 3317 corpus3
964 3258 1216 3316 intelligere
1237 3258 1358 3301 enirn
1378 3258 1526 3315 ipsum
1545 3270 1638 3300 non
1664 3265 1731 3300 est
1750 3255 1957 3313 operatio
1982 3268 2098 3313 quae

139 3340 221 3387 per
244 3341 470 3386 organum
497 3327 700 3386 corporis
719 3336 1007 3379 exerceatur3
1035 3336 1079 3369 et
1106 3325 1269 3369 eadem
1287 3324 1475 3378 ratione,
1494 3338 1577 3367 nec
1600 3323 1735 3367 velle.
1753 3321 2099 3366 Elementorum

142 3395 280 3439 etiam
307 3403 460 3438 motus
487 3404 590 3438 sunt
616 3407 641 3437 a
667 3392 956 3436 moventibus
989 3391 1286 3445 naturalibus,
1313 3390 1487 3434 scilicet
1514 3404 1538 3433 a
1565 3389 1902 3448 generantibus,
1929 3398 1974 3433 et
2003 3401 2098 3432 non

142 3470 331 3504 movent
360 3460 527 3519 seipsa;
554 3459 674 3503 unde
696 3473 789 3503 non
816 3468 996 3518 oportet
1022 3458 1143 3517 quod
1170 3466 1353 3516 propter
1379 3470 1541 3500 eorum
1569 3465 1747 3500 motum
1765 3456 1855 3500 sint
1881 3455 2098 3499 animata.

146 3525 195 3572 Si
221 3535 373 3571 autem
397 3527 535 3571 habet
551 3527 797 3571 substantia
814 3524 1148 3576 intellectualis,
1166 3538 1282 3582 quae
1301 3525 1483 3581 ponitur
1501 3523 1619 3567 uniri
1637 3522 1867 3567 elemento
1885 3531 1963 3567 aut
1984 3522 2100 3582 parti

145 3593 257 3652 q‘us,
274 3593 386 3638 alias
407 3594 586 3638 animae
602 3602 765 3652 partes,
788 3605 930 3651 quum
951 3600 1100 3651 partes
1126 3589 1230 3635 illae
1247 3590 1337 3635 sint
1352 3599 1502 3649 partes
1519 3589 1778 3649 aliquorum
1802 3603 2100 3649 organorum,
