2332 3854
0 280 20 362 ἓ
746 294 901 335 LIBER
939 294 1016 333 111.
1058 294 1178 334 CAP.
1217 293 1420 334 LXXVII.
1955 294 2058 349 399

0 462 35 575 }
142 567 144 572 J
793 482 1048 543 CAPUT
1088 483 1374 541 LXXVII.

0 607 25 676 {⁵
420 621 580 670 QUOD
612 620 925 660 EXSECUTIO
959 621 1183 660 DIVINAE
1217 619 1624 659 PROVIDENTIAE
1656 618 1745 658 PIT

0 704 22 745 Ξ
619 694 991 734 MEDIANTIBUS
1027 694 1215 733 CAUSIS
1257 693 1539 734 SECUNDIS.

0 798 26 864 ἓ
191 802 532 848 Attendendum
556 813 622 848 est
644 813 811 857 autem,
834 802 955 862 quod
980 802 1035 846 ad
1063 802 1260 846 divinam
1284 801 1616 861 providentiam
1642 801 1732 845 duo
1758 801 2060 861 requiruntur,

104 869 344 924 ordinatio,
372 880 416 914 et
441 870 611 914 ordinis
644 870 888 913 exsecutio.
918 868 1131 920 Quorum
1163 868 1360 927 primurn
1393 868 1440 911 fit
1471 882 1551 926 per
1581 868 1791 911 virtutem
1827 868 2062 927 cognosci-

0 939 18 998 ξ
102 937 272 991 tivarn3
299 936 419 980 unde
446 937 521 995 qui
548 935 828 995 perfectioris
856 935 1131 993 cognitionis
1157 944 1274 988 sunt,
1308 935 1590 979 ordinatores
1619 933 1814 978 aliorum
1837 935 2060 979 dicuntur.

77 1001 332 1063 >Sapientis
364 1003 487 1047 enirn
515 1013 581 1046 est
607 1003 829 1047 ordinare.
859 1001 1123 1045 Secundum
1148 1015 1257 1045 vero
1285 1001 1334 1045 fit
1358 1016 1437 1059 per
1462 1002 1675 1045 virtutem
1703 1001 1999 1059 operativam.
2023 1001 2058 1045 E

36 1095 42 1103 -
105 1069 331 1115 contrario
359 1080 510 1113 autem
537 1083 584 1113 se
610 1069 782 1112 habet
771 1083 817 1111 ιιι
843 1068 913 1111 his
941 1068 1130 1111 duobus.
1156 1067 1277 1111 Nam
1304 1078 1431 1111 tanto
1458 1067 1699 1126 perfectior
1725 1078 1790 1111 est
1817 1067 2059 1120 ordinatio,

105 1142 275 1195 quanto
301 1136 447 1194 magis
473 1135 704 1179 descendit
728 1135 782 1179 ad
811 1134 1014 1178 minima
1032 1134 1265 1178 Minorum
1289 1144 1440 1178 autem
1458 1134 1688 1178 exsecutio
1713 1134 1934 1177 condecet
1954 1133 2062 1178 infe-

104 1201 271 1246 riorem
296 1202 509 1246 virtutem
535 1201 716 1246 effectui
742 1201 1147 1259 proportIonatam.
1175 1200 1225 1243 In
1252 1201 1354 1244 Deo
1382 1210 1548 1254 autem,
1575 1209 1795 1258 quantum
1815 1200 1870 1244 ad
1893 1209 2062 1244 utrum-

106 1281 208 1327 que,
234 1281 415 1311 summa
439 1267 654 1326 perfectio
687 1268 936 1321 invenitur3
964 1276 1031 1311 est
1065 1267 1187 1310 enim
1220 1267 1267 1309 in
1300 1280 1356 1310 eo
1390 1266 1716 1324 perfectissima
1752 1266 1972 1325 sapientia
2004 1265 2060 1310 ad

105 1334 422 1388 ordinandum,
448 1345 493 1379 et
517 1335 655 1379 virtus
680 1334 1008 1393 perfectissima
1035 1333 1091 1377 ad
1118 1334 1413 1391 operandum.
1442 1329 1639 1392 Oportet
1666 1347 1775 1391 ergo
1808 1333 1930 1391 quod
1964 1333 2060 1391 ipse

105 1400 314 1444 omnium
346 1401 527 1445 ordines
564 1405 643 1459 per
679 1401 947 1459 sapientiam
980 1414 1109 1443 suam
1147 1399 1371 1458 disponat,
1407 1399 1545 1443 etiam
1581 1399 1903 1453 minimorum3
1939 1412 2063 1443 exse-

105 1476 266 1527 quatur
289 1481 399 1512 vero
433 1468 622 1511 minima
654 1467 748 1511 sive
779 1466 936 1510 infima
961 1480 1040 1524 per
1073 1465 1181 1509 alias
1212 1465 1447 1509 inferiores
1477 1465 1679 1518 virtutes,
1710 1479 1790 1524 per
1822 1479 1934 1524 quas
1964 1466 2061 1524 ipse

105 1542 346 1592 operatum·
366 1534 483 1578 sicut
511 1534 651 1578 virtus
683 1532 947 1578 universalis
984 1542 1029 1576 et
1069 1531 1202 1576 altior
1232 1546 1311 1589 per
1350 1531 1614 1576 inferiorern
1657 1542 1702 1576 et
1743 1533 2061 1591 particularem

103 1599 328 1644 virtutem.
363 1599 654 1644 Conveniens
678 1599 754 1644 'est
785 1600 934 1659 igitur,
960 1599 1081 1658 quod
1114 1599 1202 1642 sint
1232 1598 1467 1642 inferiores
1494 1608 1678 1656 agentes
1712 1599 1890 1643 divinae
1916 1599 2064 1658 provi-

106 1665 290 1711 dentiae*
310 1676 610 1711 exsecutores.

186 1732 330 1777 ·Item:
358 1741 591 1776 ostensum
613 1743 680 1776 est
702 1745 834 1790 supra
862 1732 923 1788 (c.
951 1729 1059 1791 69.)‚
1080 1731 1201 1789 quod
1222 1731 1372 1775 divina
1390 1733 1596 1790 operatio
1621 1745 1715 1775 non
1742 1732 1939 1775 excludit
1960 1745 2063 1790 ope-

21 1806 46 1844 ῖμ
104 1798 302 1844 rationes
329 1812 569 1843 causarum
596 1798 920 1842 secundarum:
946 1811 998 1841 ea
1024 1811 1134 1841 vero
1158 1811 1273 1856 quae
1296 1812 1350 1841 ex
1376 1797 1713 1856 operationibus
1737 1811 1976 1842 causarum
1999 1811 2063 1842 se-

108 1864 358 1910 cundarum
397 1865 682 1924 proveniunt,
724 1865 902 1908 divinae
943 1863 1253 1922 providentiae
1295 1865 1543 1922 subiacent,
1591 1878 1697 1907 cum
1737 1864 1864 1908 Deus
1906 1864 2062 1908 omnia

105 1930 350 1991 singularia
375 1931 552 1976 ordinet
577 1945 658 1990 per
688 1931 903 1990 seipsum,
936 1941 985 1974 ut
1017 1944 1151 1989 supra
1183 1932 1244 1989 (c.
1279 1929 1371 1988 76.)
1404 1941 1639 1974 ostensum
1672 1940 1752 1975 est.
1787 1930 1902 1975 Sunt
1925 1931 2063 1989 igitur

105 1999 329 2043 secundae
355 2011 519 2043 causae
545 1997 722 2042 divinae
748 1997 1059 2056 providentiae
1091 1997 1406 2041 exsecutrices.

193 2064 380 2109 Adhuc:
409 2074 580 2124 quanto
604 2064 744 2107 virtus
773 2063 964 2122 alicujus
992 2064 1165 2122 agentis
1193 2074 1260 2107 est
1280 2063 1454 2118 fortior,
1481 2073 1610 2108 tanto
1636 2064 1682 2107 in
1709 2065 1857 2122 magis
1884 2073 2062 2108 remota

22 2127 41 2174 i
104 2141 235 2176 suam
267 2132 580 2190 operationem
613 2129 834 2184 extendit3
866 2130 982 2174 sicut
1013 2129 1131 2187 ignis
1163 2139 1334 2188 quanto
1366 2140 1434 2174 est
1464 2130 1724 2184 violentior,
1753 2140 1882 2175 tanto
1914 2132 2061 2190 magis

35 2187 42 2199 ⁴
103 2206 281 2243 remota
306 2196 526 2242 calefacit.
562 2197 663 2241 Hoc
692 2206 844 2240 autem
865 2210 960 2240 non
988 2197 1210 2255 contingit
1235 2197 1281 2240 in
1309 2207 1470 2255 agente
1494 2198 1616 2256 quod
1642 2211 1736 2242 non
1763 2197 1854 2256 agit
1875 2211 1955 2256 per
1971 2211 2062 2241 me-

68 2296 69 2299 *
104 2264 245 2318 dium,
270 2259 375 2323 quia
400 2263 635 2323 quodlibet
666 2264 713 2307 in
739 2263 861 2321 quod
890 2263 983 2321 agit
1013 2272 1082 2307 est
1107 2263 1190 2307 sibi
1215 2263 1491 2320 proximum.
1521 2263 1642 2307 Cum
1669 2264 1805 2322 igitur
1829 2264 1969 2308 virtus
2002 2263 2063 2307 di-

103 2328 237 2375 vinae
252 2329 561 2389 providentiae
588 2330 645 2374 sit
670 2330 884 2383 maxima,
903 2343 983 2389 per
1006 2328 1155 2388 aliqua
1178 2329 1329 2373 media
1348 2329 1404 2373 ad
1421 2329 1580 2374 ultima
1597 2344 1729 2374 suam
1746 2330 2061 2389 operationem

15 2397 58 2447 ²5>
80 2436 82 2441 .
104 2386 350 2460 perducere
370 2395 517 2440 debet.

166 2462 429 2522 Amplius:
457 2462 512 2506 ad
539 2462 807 2521 dignitatem
832 2462 1030 2520 regentis
1061 2462 1254 2539 pertinet
1286 2472 1335 2506 ut
1366 2463 1533 2507 habeat
1565 2462 1735 2507 multos
1761 2463 1992 2508 ministros
2019 2474 2064 2508 et

106 2529 308 2575 diversos
330 2530 398 2573 sui
415 2529 651 2588 regiminis
677 2538 991 2582 exsecutores;
1013 2529 1118 2588 q‘uia
1134 2538 1261 2573 tanto
1280 2529 1411 2573 altius
1434 2539 1479 2573 et
1493 2530 1640 2587 majus
1663 2530 1913 2574 ostenditur
1929 2543 2063 2574 suum

107 2595 375 2649 dominium,
401 2605 572 2654 quanto
598 2594 784 2654 plures
773 2609 819 2637 m
847 2595 1033 2639 diversis
1066 2595 1276 2653 gradibus
1303 2596 1346 2639 ei
1367 2596 1638 2641 subduntur:
1665 2595 1790 2639 nulla
1817 2606 1971 2640 autem
1997 2597 2065 2640 di-

106 2662 254 2721 gnitas
272 2662 460 2720 alicujus
476 2661 674 2721 regentis
691 2670 759 2706 est
775 2661 1094 2719 comparabilis
1111 2662 1318 2719 dignitati
1344 2662 1484 2706 divini
1505 2663 1763 2721 regiminis;
1786 2663 2063 2708 conveniens

5 2707 44 2801 ᾧ
107 2729 245 2788 igitur
269 2737 350 2783 est,
377 2728 499 2787 quod
525 2743 606 2787 per
630 2728 832 2772 diversos
854 2728 1020 2786 gradus
1048 2728 1279 2786 agentium
1301 2728 1378 2772 fiat
1403 2728 1582 2772 divinae
1607 2728 1918 2788 providentiae
1944 2743 2064 2774 exse-

8 2800 37 2865 ξ
110 2795 248 2838 cutio

196 2859 456 2904 Praeterea:
475 2859 792 2903 convenientia
810 2860 979 2904 ordinis
992 2859 1321 2919 perfectionem
1331 2861 1638 2918 providentiae
1652 2862 1946 2916 demonstrat,
1956 2875 2062 2906 cum

111 2925 225 2971 ordo
250 2926 308 2970 sit
330 2925 537 2984 proprius
562 2925 873 2984 providentiae
895 2926 1094 2971 effectus.
1121 2926 1195 2970 Ad
1212 2927 1579 2971 convenientiam
1602 2937 1754 2972 autem
1777 2929 1948 2973 ordinis
1969 2942 2064 2987 per-

108 2993 236 3046 tinet,
262 3002 311 3036 ut
341 2991 454 3036 nihil
481 2991 788 3036 inordinatum
814 2992 1114 3051 relinquatur;
1138 2992 1353 3051 perfectio
1380 2994 1516 3052 igitur
1543 2994 1722 3038 divinae
1749 2995 2063 3054 providentiae

109 3058 308 3118 requirit,
326 3067 375 3102 ut
390 3070 626 3102 excessum
651 3057 904 3117 aliquarum
929 3073 1080 3103 rerum
1099 3073 1233 3117 super
1259 3059 1369 3103 alias
1396 3060 1451 3103 ad
1478 3061 1685 3105 ordinem
1712 3062 2062 3107 convenientem

109 3125 319 3177 reducat3
343 3124 435 3168 hoc
463 3133 616 3168 autem
646 3123 696 3168 fit
721 3138 826 3168 cum
853 3138 907 3168 ex
933 3125 1206 3169 abundantia
1223 3125 1476 3185 aliquarum
1502 3128 1648 3185 magis
1674 3128 1939 3172 habentium
1965 3142 2064 3188 pro-

109 3190 235 3236 venit
260 3159 443 3250 aliquod
458 3190 632 3234 bonum
651 3190 799 3235 minus
822 3191 1103 3235 habentibus.
1124 3192 1244 3235 Cum
1262 3192 1398 3251 igitur
1418 3192 1634 3251 perfectio
1651 3194 1851 3239 universi
1867 3195 2065 3254 requirat

23 3243 71 3311 ἓ
110 3257 234 3318 quod
268 3255 493 3315 quaedam
530 3255 629 3300 aliis
667 3256 965 3302 abundantius
1001 3257 1203 3301 divinam
1238 3258 1489 3303 bonitatem
1525 3260 1807 3318 participent,
1844 3271 1893 3305 ut
1929 3275 2064 3320 supra

29 3314 58 3375 ξ
34 3367 93 3410 4
104 3322 232 3381 (Lib.
258 3323 313 3366 ΙΙ.
342 3336 380 3366 c.
406 3322 501 3381 43.)
526 3331 761 3367 ostensum
782 3332 862 3377 est,
884 3324 1023 3382 exigit
1043 3324 1221 3368 divinae
1247 3325 1557 3382 providentiae
1583 3325 1816 3403 perfectio,
1842 3337 1891 3372 ut
1915 3342 1994 3386 per
2011 3342 2065 3373 ea

64 3402 229 3450 quae
255 3388 430 3447 plenius
455 3388 656 3432 divinam
682 3389 930 3434 bonitatem
956 3392 1237 3449 participant,
1264 3393 1493 3436 exsecutio
1520 3392 1659 3437 divini
1684 3394 1917 3452 regiminis
1944 3408 2065 3440 com·

44 3451 301 3518 pleatur

85 3529 86 3532 ’
195 3520 384 3565 Adhuc.
413 3519 610 3565 nobilior
626 3530 694 3565 est
709 3520 823 3565 ordo
850 3533 1089 3566 causarum
1117 3537 1255 3582 quam
1280 3522 1540 3580 effectuum,
1558 3525 1675 3570 sicut
1691 3536 1735 3571 et
1757 3540 1893 3571 causa
1914 3528 2065 3588 potior

76 3594 184 3632 at
218 3585 396 3632 effectu.
423 3586 571 3646 Magis
597 3588 731 3647 igitur
759 3587 807 3631 in
833 3601 891 3633 eo
915 3588 1134 3648 perfectio
1162 3590 1471 3649 providentiae
1503 3591 1683 3638 divinae
1715 3594 2063 3640 demonstratur.

64 3651 181 3701 si
195 3662 348 3702 autem
373 3666 468 3699 non
494 3663 644 3700 essent
677 3653 859 3715 aliquae
880 3668 1044 3702 causae
1068 3656 1245 3701 mediae
1271 3667 1565 3718 exsequentes
1591 3660 1791 3706 divinam
1817 3663 2062 3721 providen-

12 2898 35 3018 &3²⁷3

16 3020 57 3287 *serm*

22 3238 36 3283 f
