2294 3854
865 228 1020 268 unna
1058 227 1131 269 ιν.
1166 228 1294 267 eff.
1335 228 1420 266 ιν.
2008 212 2042 262 6
2045 225 2109 278 51

156 331 352 389 persona
373 334 423 373 ut
445 328 641 387 ipsamet
659 339 833 387 ageret,
860 330 965 388 quia
987 330 1077 374 hoc
1105 330 1202 388 ejus
1228 328 1444 375 naturalis
1474 326 1680 372 conditio
1712 339 1806 371 non
1838 326 2010 385 recipit,
2037 325 2117 370 sed

82 414 95 424 κ
155 393 306 439 solum
334 394 536 439 conditio
564 394 797 439 rationalis
820 406 1020 440 naturae.
1047 396 1151 440 Non
1179 396 1316 454 igitur
1341 394 1425 439 fuit
1450 393 1729 438 conveniens
1747 393 1870 451 quod
1893 392 2018 435 Deus
2043 391 2118 435 ali-

155 462 295 520 quam
319 460 628 504 irrationalem
656 471 908 505 creaturam
938 472 1203 515 assumeret,
1230 462 1310 507 sed
1336 460 1622 513 rationalem,
1655 457 1829 504 scilicet
1854 457 2116 516 angelicam

53 561 71 576 .,
156 525 231 571 vel
261 526 526 570 humanam.
555 526 610 570 Et
636 527 841 585 quamvis
876 527 1081 586 angelica
1114 538 1288 582 natura,
1322 537 1540 586 quantum
1575 526 1629 570 ad
1662 524 1889 581 naturales
1921 525 2118 583 proprie-

51 598 57 604 '
108 601 116 607 '
152 591 284 647 tanes,
307 592 562 637 inveniatur
592 592 888 637 excellentior
919 608 1056 652 quam
1090 594 1294 638 humana
1324 604 1502 648 natura,
1534 603 1583 637 ut
1613 602 1773 651 quarta
1803 591 1920 639 ratio
1954 604 2118 650 propo-

50 654 61 665 *
154 659 305 713 nebat,
320 670 481 704 tamen
507 660 707 704 humana
731 661 1055 736 congruentius
1081 661 1164 706 fuit
1189 670 1444 719 assumpta·
1878 668 1896 682 ⁸

242 725 399 771 Primo
425 725 624 785 quidem,
651 726 756 785 quia
782 727 827 770 in
854 726 1043 771 homine
1070 737 1310 805 peccatum
1337 726 1557 786 expiabile
1585 740 1685 772 esse
1711 733 1874 785 potest,
1900 706 1956 769 eo
1989 723 2114 783 quod

152 762 249 851 eihs
274 791 440 837 electio
466 806 560 836 non
585 791 884 837 immobiliter
909 792 1081 836 fertur
1071 807 1116 837 1n
1140 793 1325 852 aliquid,
1350 793 1430 838 sed
1457 807 1483 836 a
1509 793 1633 836 bono
1660 802 1812 850 potest
1841 789 2036 851 perverti
2064 790 2114 834 in

152 858 342 912 malum,
368 868 413 902 et
438 873 463 902 a
490 857 615 903 malo
641 858 826 903 reduci
816 872 861 901 m
884 858 1073 912 bonum,
1090 861 1206 903 sicut
1227 859 1365 904 etiam
1388 860 1434 904 in
1452 858 1653 904 hominis
1675 859 1851 903 ratione
1874 856 2113 915 contingit,

152 938 285 985 quae,
299 924 414 984 quia
435 938 491 969 ex
507 923 807 978 sensibilibus,
824 934 869 969 et
885 939 964 983 per
980 926 1110 983 signa
1126 926 1352 984 quaedam
1371 925 1549 983 colligit
1565 925 1818 977 veritatem,
1835 923 1958 967 viam
1969 923 2114 967 habet

99 987 104 994 ’
153 989 208 1051 ad
234 1001 474 1049 utrumque
502 992 832 1050 oppositorum,
862 991 1066 1049 Angelus
1094 1002 1261 1046 autem,
1279 994 1394 1035 sicut
1411 992 1549 1035 habet
1566 990 1852 1034 immobilem
1867 989 2113 1049 apprehen·

150 1057 346 1111 sionem,
364 1058 478 1116 quia
491 1071 571 1116 per
586 1056 842 1115 simplicem
859 1057 1141 1102 intellectum
1159 1058 1456 1102 immobiliter
1473 1057 1726 1116 cognoscit,
1742 1056 1804 1100 ita
1822 1056 1959 1100 etiam
1976 1056 2113 1100 habet

149 1122 438 1171 immobilem
465 1122 770 1176 electionem3
803 1124 921 1167 unde
953 1123 1029 1167 vel
1060 1124 1106 1167 in
1139 1124 1311 1169 malum
1346 1125 1538 1169 omnino
1571 1138 1664 1168 non
1695 1122 1849 1176 fertur,
1885 1122 1975 1178 vel,
2001 1123 2111 1167 siin

150 1188 531 1242 mhnnferatur,
563 1189 859 1233 immobiliter
890 1188 1054 1244 fertur;
1081 1191 1199 1234 unde
1234 1192 1330 1248 eius
1366 1201 1605 1250 peccatum
1640 1189 1858 1248 expiabile
1885 1202 1986 1234 esse
2016 1202 2111 1233 non

148 1263 312 1316 potest.
336 1254 498 1308 Quum
522 1255 659 1314 igitur
684 1256 926 1314 praecipua
954 1270 1091 1300 causa
1118 1257 1323 1301 videatur
1355 1257 1533 1301 divinae
1558 1255 1886 1300 incarnationis
1914 1255 2110 1313 expiatio

147 1328 458 1383 peecatorum,
483 1332 532 1366 ut
557 1336 612 1365 ex
639 1322 882 1380 Scripturis
913 1322 1076 1366 divinis
1114 1323 1349 1376 docemur,
1383 1323 1706 1382 congruentius
1737 1321 1821 1366 fuit
1858 1322 2110 1366 humanam
2175 1325 2177 1328 ’

147 1395 358 1434 naturam
383 1402 520 1448 quam
548 1388 802 1447 angelicam
831 1390 999 1433 assumi
1026 1404 1051 1433 a
1078 1390 1195 1434 Deo.
1225 1390 1454 1442 Secund0‚
1481 1389 1586 1448 quia
1611 1388 1859 1448 assumptio
1876 1396 2111 1432 creaturae

149 1469 177 1500 a
197 1455 307 1500 Deo.
328 1455 462 1499 estin
488 1469 698 1514 persona,
725 1469 818 1499 non
845 1455 890 1498 in
913 1466 1086 1509 natura,
1110 1466 1159 1500 ut
1185 1471 1239 1500 ex
1265 1457 1571 1515 superioribus
1596 1465 1732 1514 patet.
1753 1454 2111 1499 Convenientius

146 1521 283 1581 igitur
309 1531 540 1580 assumpta
566 1531 635 1566 est
659 1522 861 1565 hominis
887 1531 1046 1565 natura
1073 1537 1210 1581 quam
1237 1522 1458 1581 angelica,
1486 1523 1590 1581 quia
1617 1523 1663 1565 in
1688 1521 1878 1566 homine
1903 1521 2023 1565 aliud
2044 1531 2112 1565 est

146 1598 305 1634 natura
331 1597 376 1632 et
401 1587 523 1632 aliud
545 1601 754 1647 persona,
776 1602 917 1647 quum
941 1589 997 1632 sit
1014 1602 1067 1632 ex
1085 1591 1273 1633 materia
1291 1599 1335 1632 et
1352 1588 1499 1632 forma
1525 1588 1831 1646 compositus;
1849 1601 1943 1631 non
1957 1596 2110 1631 autem

146 1654 195 1699 in
221 1654 401 1714 angelo,
426 1655 504 1713 qui
528 1654 842 1699 immaterialis
869 1664 950 1698 est.
970 1654 1144 1709 Tertio,
1167 1656 1273 1714 quia
1293 1655 1496 1714 angelus,
1515 1655 1766 1699 secundum
1785 1655 2109 1713 proprietatem

147 1728 258 1766 suae
282 1731 486 1775 naturae,
507 1721 812 1780 ,propinquior
838 1731 934 1765 erat
959 1721 1014 1764 ad
1042 1721 1194 1765 Deum
1221 1721 1596 1779 cognoscendum
1624 1735 1760 1779 quam
1786 1721 1947 1774 homo,
1980 1722 2108 1778 cujus

147 1787 352 1846 cognitio
376 1801 405 1833 a
427 1799 563 1832 sensu
589 1789 745 1832 oritur.
772 1786 1037 1832 Sufficiebat
1062 1787 1197 1845 igitur
1223 1787 1345 1846 quod
1373 1786 1562 1845 angelus
1586 1801 1611 1830 a
1637 1787 1739 1830 Deo
1765 1785 2108 1845 intelligibiliter

145 1853 442 1899 instrueretur
467 1854 523 1898 de
550 1853 739 1898 veritate
765 1853 942 1907 divina3
968 1853 1048 1897 sed
1075 1853 1278 1897 conditio
1303 1853 1507 1897 hominis
1529 1853 1783 1911 requirebat
1801 1862 1848 1896 ut
1864 1853 1990 1897 Deus
2011 1867 2110 1897 sen-

146 1919 332 1965 sibiliter
352 1919 593 1965 hominem
618 1919 674 1963 de
700 1920 850 1978 sei-pso
876 1920 1066 1968 homine
1093 1921 1362 1973 instrueret;
1385 1919 1507 1978 quod
1532 1933 1614 1978 per
1639 1919 2002 1963 incarnationem
2036 1929 2105 1963 est

145 1985 331 2031 factum.
357 1986 624 2045 lpsa‘etiam
650 1986 860 2030 distantia
886 1986 1088 2030 hominis
1118 2001 1142 2030 a
1169 1987 1271 2031 Deo
1299 1987 1446 2044 magis
1472 2000 1725 2044 repugnare
1746 1986 1983 2030 videbatur
2003 1985 2108 2031 frui-

145 2052 260 2097 tioni
284 2052 486 2111 divinae3
514 2061 558 2096 et
582 2052 688 2097 ideo
714 2053 860 2110 magis
886 2052 1082 2111 indiguit
1106 2052 1251 2096 homo
1278 2067 1417 2111 quam
1444 2052 1633 2111 angelus
1667 2053 1836 2096 assumi
1862 2067 1887 2095 a
1914 2053 2017 2097 Deo
2050 2053 2107 2096 ad

144 2124 275 2177 spem
300 2118 356 2163 de
382 2119 658 2163 beatitudine
686 2118 1051 2177 concipiendam.
1079 2118 1236 2162 Homo
1262 2119 1417 2172 etiam,
1445 2133 1586 2177 quum
1612 2118 1670 2162 sit
1692 2128 1997 2162 creaturarum
2025 2128 2108 2162 ter-

143 2185 310 2238 minus,
335 2184 465 2243 quasi
490 2198 652 2229 omnes
687 2184 798 2229 alias
826 2194 1054 2228 creaturas
1080 2184 1276 2229 naturali
1308 2185 1617 2243 generationis
1649 2185 1807 2228 ordine
1838 2198 2109 2244 praesuppo-

142 2265 271 2304 nens,
297 2251 623 2301 convenienter
647 2251 796 2309 primo
824 2264 975 2306 rerum
1004 2251 1226 2310 principio
1254 2251 1420 2306 unitur,
1447 2251 1585 2296 etiam
1620 2261 1669 2295 ut
1700 2252 1899 2310 quadam
1925 2251 2109 2295 circula-

141 2317 268 2363 tione
291 2316 510 2376 perfectio
537 2331 689 2361 rerum
716 2317 1031 2362 concludatur.

230 2383 297 2431 Ex
315 2383 409 2429 hoc
431 2384 569 2429 etiam
596 2384 718 2442 quod
745 2384 871 2428 Deus
897 2383 1149 2428 humanam
1181 2394 1393 2428 naturam
1430 2385 1673 2443 assumpsit
1701 2398 1794 2428 non
1821 2384 1952 2428 datur
1985 2398 2108 2430 erro-

143 2449 205 2495 ris
236 2450 437 2503 occasio,
464 2460 513 2494 ut
543 2452 699 2508 quinta
732 2450 847 2494 ratio
881 2451 1187 2509 proponebat;
1216 2451 1322 2509 quia
1350 2452 1599 2510 assumptio
1625 2451 1934 2505 humanitatis,
1960 2461 2011 2495 ut
2034 2466 2106 2495 su-

141 2511 223 2575 pra
247 2516 308 2574 (c.
334 2515 429 2572 41.)
454 2516 662 2560 habitum
686 2527 768 2569 est,
791 2514 910 2560 facta
937 2527 1004 2560 est
1029 2517 1075 2560 in
1102 2517 1322 2561 unitatem
1345 2531 1583 2576 personae,
1609 2531 1704 2561 non
1726 2518 1771 2560 in
1790 2518 2010 2561 unitatem
2027 2532 2106 2561 na-

142 2590 294 2635 turae;
332 2590 381 2626 ut
410 2582 476 2626 sic
506 2596 599 2626 non
633 2592 842 2641 oporteat
871 2596 957 2626 nos
991 2583 1249 2627 consentire
1285 2583 1356 2627 his
1389 2584 1466 2642 qui
1500 2594 1748 2642 posuerunt
1784 2582 1969 2642 (Varro,
1991 2593 2104 2628 teste

145 2647 193 2692 S.
217 2648 336 2706 Aug.
362 2649 556 2706 septimo
583 2648 654 2692 De
681 2648 766 2691 civ.
791 2648 894 2702 Dei,
921 2662 960 2692 c.
986 2647 1051 2705 6.)
1077 2649 1229 2692 Deum
1256 2663 1350 2693 non
1377 2664 1475 2694 esse
1501 2664 1636 2707 super
1663 2650 1818 2694 omnia
1843 2649 2104 2703 exaltatum,

142 2713 344 2758 dicentes
365 2714 519 2758 Deum
547 2727 644 2757 esse
671 2714 871 2758 animam
899 2715 1071 2768 mundi,
1094 2714 1167 2759 vel
1196 2714 1363 2773 aliquid
1390 2716 1667 2772 hujusmodi.

232 2780 361 2824 Licet
383 2790 534 2824 autem
565 2781 683 2824 circa
716 2781 1079 2824 incarnationem
1106 2781 1192 2825 Dei
1223 2782 1311 2825 sint
1344 2781 1482 2840 aliqui
1509 2796 1683 2826 errores
1712 2783 1869 2836 exorti,
1896 2793 1944 2827 ut
1974 2793 2103 2828 sexto

141 2846 451 2905 objiciebatur,
474 2858 629 2890 tamen
656 2846 948 2891 manifestum
972 2859 1038 2892 est
1060 2848 1206 2891 multo
1234 2848 1384 2907 plures
1412 2862 1587 2892 errores
1614 2858 1717 2907 post
1742 2849 2103 2893 incarnationem

139 2912 277 2959 fuisse
301 2913 519 2959 sublatos.
547 2914 675 2958 Sicut
701 2915 824 2958 enirn
851 2928 905 2958 ex
929 2915 1160 2959 creatione
1188 2929 1340 2959 rerum
1367 2930 1391 2959 a
1419 2916 1570 2959 divina
1596 2916 1797 2960 bonitate
1829 2916 2103 2975 procedente

140 2978 291 3039 aliqua
314 2980 435 3024 mala
462 2991 566 3024 sunt
592 2991 854 3033 consecuta,
882 2981 1004 3039 quod
1035 2982 1324 3038 competebat
1352 2982 1606 3025 conditioni
1634 2992 1957 3038 creaturarum,
1985 2997 2101 3041 quae

140 3045 334 3092 deficere
361 3057 571 3105 possunt:
600 3047 661 3090 ita
688 3047 827 3090 etiam
846 3060 940 3090 non
958 3057 1026 3091 est
1043 3047 1211 3090 mirum
1225 3047 1276 3100 si,
1294 3047 1583 3092 manifestata
1605 3048 1756 3091 divina
1778 3048 1981 3103 veritate,
1998 3059 2102 3093 sunt

140 3110 277 3171 aliqui
310 3125 486 3157 errores
519 3113 665 3156 exorti
697 3126 751 3157 ex
785 3112 961 3156 defectu
996 3114 1221 3156 mentium
1253 3113 1585 3167 humanarum;
1617 3115 1695 3173 qui
1732 3124 1888 3159 tamen
1926 3129 2102 3160 errores

140 3188 435 3224 exercuerunt
461 3178 663 3223 fidelium
681 3179 864 3237 ingenia
882 3180 938 3222 ad
957 3179 1218 3237 diligentius
1246 3180 1506 3225 divinorum
1522 3180 1759 3224 veritatem
1777 3181 2102 3239 exquirendam

141 3253 186 3291 et
208 3244 570 3303 intelligendam,
597 3246 711 3289 sicut
747 3256 791 3290 et
823 3244 945 3289 mala
978 3259 1094 3304 quae
1122 3246 1167 3288 in
1195 3246 1413 3290 creaturis
1441 3247 1651 3291 accidunt
1683 3247 1863 3299 ordinat
1886 3247 2014 3293 Deus
2045 3247 2102 3292 ad

144 3309 329 3370 aliquod
354 3311 543 3355 bonum.

231 3375 458 3429 Quamvis
480 3387 633 3422 autem
659 3377 831 3422 bonum
857 3391 998 3422 omne
1026 3387 1230 3422 creatum
1259 3378 1439 3423 divinae
1461 3378 1652 3423 bonitati
1673 3389 1992 3438 comparatum
2015 3381 2102 3425 exi-

142 3452 286 3502 gnum
310 3444 576 3498 inveniatur,
602 3452 757 3488 tamen
785 3444 890 3502 quia
917 3444 963 3487 in
991 3445 1124 3488 rebus
1157 3444 1319 3489 creatis
1351 3444 1466 3489 nihil
1491 3453 1639 3504 potest
1665 3459 1763 3489 esse
1790 3446 1936 3504 majus
1961 3461 2100 3505 quam

141 3509 264 3555 salus
286 3509 519 3555 rationalis
545 3520 791 3563 creaturae,
814 3523 931 3569 quae
955 3510 1160 3555 consistit
1188 3512 1231 3554 in
1258 3510 1471 3556 fruitione
1493 3512 1634 3571 ipsius
1655 3512 1869 3556 bonitatis
1896 3513 2099 3568 divinae3

142 3590 282 3634 quum
305 3591 359 3622 ex
386 3577 697 3621 incarnatione
731 3577 883 3621 divina
910 3587 1156 3622 consecuta
1189 3577 1246 3621 sit
1276 3575 1399 3623 salus
1425 3577 1640 3631 humana,
1674 3592 1767 3624 non
1799 3593 1960 3637 parum
1986 3579 2100 3624 utili·
