2332 3854
281 244 389 313 5-64
985 251 1140 292 LIBER
1179 251 1251 289 tv.
1294 250 1414 290 cap,
1455 249 1529 294 x1.

276 359 396 410 vitae
422 366 549 408 tanto
572 355 710 406 ,altior
735 369 873 415 quam
890 354 982 398 vita
1003 352 1263 412 plantarum
1281 361 1459 418 quanto
1487 351 1693 414 oper-atio
1719 351 1854 411 hujus
1879 354 1999 398 vitae
2009 353 2236 417 ‚fmagisjn

280 425 450 475 intimis
477 423 758 476 continetur;
784 435 876 465 non
893 431 1048 464 tamen
1066 429 1133 463 est
1150 419 1343 463 omnino
1359 418 1451 462 vita
1465 417 1682 477 perfecta,
1700 433 1840 478 quum
1868 419 2098 470 emanatio
2116 434 2239 477 §fim-

280 506 360 551 per
383 491 462 536 fiat
489 505 542 538 ex
568 504 659 534 uno
685 489 730 532 in
760 488 966 532 alterum.
989 487 1069 530 Est
1094 486 1230 544 igitur
1255 478 1495 544 supremus
1512 494 1557 530 et
1573 485 1798 544 perfectus
1815 486 1990 546 ,gradus
2005 486 2240 549 vitae,qui

281 568 348 603 est
373 557 622 602 secundum
648 555 956 607 intellectum;
983 568 1091 596 nam
1119 551 1375 596 intellectus
1392 552 1437 599 in
1454 552 1657 611 seipsum
1684 552 1942 607 reflectitur,
1966 563 2015 603 et
2031 553 2239 618 ,seipsum

279 624 533 682 intelligere
561 633 720 680 potest.
747 621 835 667 Sed
861 631 904 664 et
930 621 973 663 in
1000 619 1298 665 intellectuali
1316 619 1407 664 vita
1430 619 1594 664 diversi
1618 620 1783 678 gradus
1800 620 2240 680 inveniuntunfflam

280 691 538 736 intellectus
574 690 816 740 humanus,
857 687 940 731 etsi
977 687 1178 744 seipsum
1211 699 1495 743 cognoscere
1526 686 1682 745 possit,
1713 695 1869 731 tamen
1899 686 2100 744 primum
2131 700 2242 746 guae

282 756 555 815 cognitionis
588 755 767 797 initium
801 753 853 796 ab
882 753 1133 796 extrinseco
1156 753 1316 805 sumit;
1344 751 1449 811 quia
1474 766 1569 795 non
1592 762 1661 796 est
1686 747 1939 814 intelligere
1957 753 2069 811 ¹sint:
2093 752 2243 816 phan-

279 833 486 875 tasmate,
514 831 562 864 ut
589 835 642 864 ex
668 819 974 878 superioribus
1001 828 1124 877 patet
1150 818 1269 875 (Lib.
1295 818 1353 862 II.
1377 833 1415 862 c.
1444 817 1550 875 60.).
1579 818 1830 867 Perfectior
1847 819 1990 878 <igitur
2014 819 2243 871 estfintel-

279 887 485 934 lectualis
518 888 609 931 vita
636 887 680 930 in
709 885 895 944 angelis,
928 885 974 929 in
1007 885 1168 944 quibus
1201 884 1456 929 intellectus
1492 886 1548 929 ad
1580 885 1651 929 sui
1681 885 1995 945 cognitionem
2022 899 2121 934 non
2137 900 2244 948 pro·

280 957 399 1000 cedit
432 969 485 999 ex
508 955 659 1013 aliquo
688 953 912 1005 exteriori,
946 953 1024 997 sed
1057 966 1135 1009 per
1158 966 1208 996 se
1236 953 1476 1011 cognoscit
1509 953 1736 1011 seipsum3
1757 952 1962 1003 nondum
1994 962 2152 1004 tamen
2183 953 2241 1006 ad

281 1021 491 1067 ultimam
518 1020 846 1080 perfectionem
879 1019 972 1066 vita
1003 1019 1207 1077 ipsorum
1241 1019 1468 1078 pertingit,
1494 1019 1613 1077 quia,
1651 1018 1757 1064 licet
1780 1019 1970 1080 intentio
1999 1019 2243 1079 intellecta

278 1089 335 1133 sit
367 1089 430 1133 eis
460 1087 650 1135 omnino
684 1086 942 1139 intrinseca,
968 1099 1061 1129 non
1088 1096 1241 1131 tamen
1263 1085 1366 1144 ipsa
1397 1085 1586 1130 intentio
1608 1084 1839 1136 intellecta
1865 1095 2122 1145 esteotum
2143 1087 2244 1131 sub-

278 1155 458 1208 stantia,
480 1155 585 1214 quia
611 1167 705 1197 non
724 1162 790 1201 est
807 1153 930 1199 idem
947 1152 993 1196 in
1020 1152 1085 1201 eis
1117 1151 1372 1211 intelligere
1405 1162 1449 1196 et
1467 1166 1588 1205 esse,
1611 1161 1660 1201 ut
1685 1166 1740 1197 ex
1764 1152 2072 1214 superioribus
2096 1162 2242 1216 patet.
2281 1177 2283 1179 ·

280 1222 455 1272 Ultima
479 1222 616 1281 igitur
636 1219 853 1280 perfectio
879 1219 999 1264 vitae
1026 1219 1246 1278 competit
1270 1219 1388 1272 Deo,
1415 1219 1461 1262 in
1488 1232 1579 1278 quo
1605 1233 1700 1268 non
1726 1229 1802 1264 lest
1832 1218 1954 1277 aliud
1976 1218 2237 1283 intelligere

282 1299 327 1333 et
364 1288 485 1340 aliud
518 1302 632 1342 esse,
665 1297 714 1331 ut
746 1301 879 1346 supra
913 1296 1148 1331 ostensum
1181 1295 1277 1339 est;
1315 1295 1360 1331 et
1394 1285 1456 1333 ita
1494 1282 1837 1347 oportet'quod
1866 1285 2070 1345 ‚intentio
2103 1285 2241 1347 intel-

284 1355 403 1400 lecta
429 1355 475 1399 in
502 1355 605 1399 Deo
633 1355 689 1399 sit
714 1354 811 1412 ipsa
838 1354 989 1397 divina
1012 1352 1220 1397 essentia.
1243 1353 1364 1396 Dico
1392 1362 1545 1397 autem
1568 1353 1869 1397 intentionem
1889 1352 2169 1398 intellectam
2195 1354 2242 1398 id

285 1422 406 1481 quod
433 1421 689 1465 intellectus
721 1421 767 1463 in
801 1422 950 1479 seipso
985 1421 1184 1478 concipit
1216 1420 1270 1464 de
1303 1434 1350 1463 re
1382 1419 1629 1464 intellecta.
1671 1419 1806 1472 Quae
1832 1419 2015 1479 quidem
2041 1420 2087 1464 in
2106 1420 2244 1477 ‚nobis

279 1503 427 1548 neque
452 1499 517 1532 est
543 1489 640 1547 ipsa
666 1502 737 1532 res
766 1502 881 1546 quae
907 1487 1187 1545 intelligitur,
1205 1500 1353 1545 neque
1380 1497 1448 1531 est
1473 1487 1571 1544 ipsa
1597 1486 1846 1530 substantia
1868 1485 2141 1542 intellectus,
2162 1487 2243 1532 sed

281 1565 348 1599 est
375 1556 600 1614 quaedam
618 1555 868 1606 similitudo
893 1564 1114 1613 concepta
1131 1553 1363 1597 intellectu
1391 1553 1445 1596 de
1472 1567 1519 1598 re
1546 1553 1791 1607 intellecta,
1810 1568 1949 1612 quam
1965 1567 2105 1615 voees
2131 1564 2247 1610 exte-

282 1623 425 1666 riores
452 1622 729 1680 significant;
756 1622 874 1665 unde
902 1631 945 1665 et
966 1620 1063 1679 ipsa
1087 1621 1276 1664 intentio
1303 1620 1491 1663 verbum
1514 1621 1703 1664 interius
1729 1621 2010 1678 nominatur,
2033 1621 2156 1680 quod
2178 1631 2248 1666 est

285 1690 499 1733 exteriori
535 1689 674 1732 verbo
707 1688 1027 1746 significatum.
1061 1687 1116 1731 Et
1149 1687 1333 1746 quidem
1361 1688 1482 1745 quod
1520 1687 1749 1745 praedicta
1775 1687 1968 1733 intentio
1997 1702 2091 1732 non
2117 1689 2175 1733 sit
2199 1688 2247 1735 in

284 1756 417 1799 nobis
446 1770 517 1799 res
542 1755 794 1808 intellecta,
821 1756 924 1799 inde
953 1764 1139 1813 apparet
1172 1754 1293 1812 quod
1322 1754 1443 1798 aliud
1470 1764 1537 1798 est
1562 1754 1815 1811 intelligere
1838 1769 1937 1803 rem
1960 1764 2014 1800 .et
2039 1755 2162 1803 aliud
2180 1765 2248 1800 est

289 1822 544 1880 intelligere
572 1823 717 1880 ipsam
743 1823 1043 1865 intentionem
1071 1821 1367 1874 intellectam,
1402 1821 1522 1880 quod
1549 1821 1807 1866 intellectus
1838 1821 1950 1868 facit
1973 1822 2244 1884 dumbsuper

285 1905 422 1935 suum
449 1904 563 1949 opus
586 1889 852 1941 reflectitur3
879 1889 998 1932 unde
1026 1899 1069 1932 et
1096 1889 1211 1933 aliae
1238 1889 1452 1933 scientiae
1473 1898 1574 1932 sunt
1602 1889 1656 1933 de
1682 1890 1814 1934 rebus
1833 1900 1877 1934 et
1899 1889 2014 1934 aliae
2031 1890 2086 1936 de
2104 1890 2247 1937 inten-

285 1958 486 2001 tionibus
511 1957 767 2002 intellectis.
795 1956 934 2008 Quod
963 1966 1113 2005 autem
1135 1956 1324 2000 intentio
1342 1955 1572 1999 intellecta
1598 1970 1691 2000 non
1714 1957 1772 2000 sit
1797 1957 1896 2015 ipse
1915 1957 2174 2004 intellectus
2198 1957 2243 2002 in

282 2026 430 2078 nobis,
458 2039 511 2068 ex
537 2025 627 2068 hoc
652 2034 775 2083 patet
801 2024 921 2083 quod
951 2038 1048 2067 esse
1076 2024 1338 2067 intentionis
1361 2023 1623 2070 ¹intellectae
1651 2024 1787 2067 etiam
1812 2025 1859 2067 in
1883 2025 1986 2083 ipso
2011 2024 2246 2072 intellectu

285 2093 505 2146 consistit,
533 2107 627 2136 non
656 2102 808 2135 autem
832 2087 933 2135 'esse
956 2091 1214 2136 intellectus
1239 2091 1398 2144 nostri,
1426 2092 1552 2148 cujus
1586 2105 1682 2134 esse
1714 2105 1807 2138 non
1835 2101 1902 2136 est
1926 2083 2062 2137 suum
2088 2091 2249 2140 intelli-

283 2174 407 2218 gere.
447 2160 605 2212 Quum
639 2173 748 2217 ergo
782 2159 827 2202 in
861 2159 963 2202 Deo
992 2159 1047 2201 sit
1074 2159 1193 2202 idem
1223 2172 1321 2201 esse
1349 2168 1394 2202 et
1425 2157 1693 2215 intelligere,
1720 2158 1911 2202 intentio
1943 2158 2175 2205 intellecta
2195 2159 2247 2205 in

283 2227 384 2285 ipso
403 2237 470 2271 est
488 2228 582 2284 ejus
601 2226 883 2279 intellectus;
907 2236 965 2277 et,
985 2227 1088 2283 quia
1111 2223 1367 2268 intellectus
1385 2224 1432 2268 in
1448 2238 1504 2268 eo
1523 2235 1591 2268 est
1607 2238 1678 2269 res
1695 2224 1939 2281 intellecta,
1955 2225 2251 2287 intelligendo

285 2294 408 2337 enim
435 2308 498 2346 se,
525 2292 736 2351 intelligit
758 2293 916 2338 omnia
943 2292 1045 2346 alia,
1071 2301 1121 2335 ut
1145 2291 1191 2334 in
1219 2292 1367 2350 primo
1388 2291 1448 2348 (c.
1481 2291 1576 2349 49.)
1610 2301 1847 2337 ostensum
1872 2302 1955 2346 est,
1987 2292 2254 2353 relinquitur

285 2361 408 2419 quod
430 2361 476 2404 in
501 2360 606 2411 Deo
634 2359 914 2418 intelligente
941 2359 1141 2418 seipsum
1168 2358 1224 2402 sit
1249 2358 1372 2402 idem
1398 2357 1654 2403 intellectus
1679 2368 1723 2402 et
1744 2372 1815 2409 res
1842 2372 1960 2420 quae
1984 2352 2253 2423 intelligitur

287 2437 331 2472 et
363 2427 554 2471 intentio
587 2426 830 2470 intellecta.

376 2494 458 2538 His
483 2494 619 2552 igitur
652 2493 962 2546 consideratis,
990 2502 1237 2552 utcumque
1265 2492 1506 2551 concipere
1532 2506 1776 2552 possumus
1800 2492 1992 2552 qualiter
2016 2493 2074 2539 sit
2089 2493 2248 2539 ,divina

285 2560 519 2620 generatio
548 2560 826 2620 accipienda.
864 2560 994 2608 Patet
1026 2560 1148 2603 enim
1185 2559 1308 2618 quod
1334 2570 1531 2603 nonest
1565 2559 1779 2619 possibile
1798 2560 1870 2604 'sic
1892 2559 2046 2620 ‚accipi
2062 2574 2255 2622 genera-

283 2629 461 2673 tionem
487 2627 690 2671 divinam
716 2628 834 2671 sicut
860 2627 906 2670 in
933 2627 1065 2670 rebus
1097 2626 1357 2670 inanimatis
1387 2627 1621 2685 generatio
1656 2626 1896 2682 invenitur,
1918 2627 1968 2675 in
1994 2627 2156 2687 quibus
2168 2642 2251 2690 ge-

285 2709 452 2740 nerans
478 2694 699 2754 imprimit
730 2709 860 2739 suam
887 2694 1086 2752 speciem
1125 2694 1170 2736 in
1209 2693 1478 2738 exteriorem
1517 2693 1780 2748 materiam;
1807 2704 1989 2758 oportet
2025 2693 2165 2754 enim„
2188 2708 2256 2742 se·

289 2763 492 2808 cundum
518 2762 794 2821 positionem
823 2761 942 2815 fidei,
967 2761 1088 2819 quod
1116 2760 1254 2805 Filius
1281 2775 1306 2804 a
1331 2761 1435 2804 Deo
1463 2761 1640 2819 genitus
1668 2775 1827 2805 veram
1845 2761 2015 2809 habeat
2029 2761 2255 2808 ,deitatem

290 2840 334 2874 et
359 2830 416 2874 sit
441 2844 573 2874 verus
601 2830 752 2884 Deus;
779 2829 876 2888 ipsa
895 2839 1048 2872 autem
1067 2828 1208 2872 deitas
1226 2842 1320 2872 non
1339 2839 1407 2872 est
1423 2827 1571 2872 forma
1590 2828 1807 2872 materiae
1823 2829 2080 2882 inhaerens,
2096 2843 2255 2888 tneque

287 2896 416 2940 Deus
444 2907 511 2941 est
537 2912 589 2941 ex
617 2897 806 2941 materia
834 2895 1066 2948 exsistens,
1094 2906 1141 2939 ut
1167 2895 1409 2954 probatum
1443 2905 1511 2939 est
1542 2895 1587 2938 in
1621 2895 1788 2954 primo·
1804 2896 1864 2953 (c.
1897 2897 2001 2956 17.).
2034 2895 2254 2951 Similiter

290 2973 441 3020 autem
470 2978 562 3007 non
601 2973 751 3022 potest
777 2962 922 3021 accipi
959 2961 1108 3006 divina
1147 2962 1382 3020 generatio
1418 2962 1471 3005 ad
1506 2962 1696 3005 modum
1731 2962 2040 3020 generationis
2066 2976 2183 3023 quae
2206 2962 2255 3011 in

290 3030 455 3090 plantis
482 3030 720 3084 invenitur,
750 3041 793 3074 et
819 3030 957 3073 etiam
984 3029 1030 3072 in
1058 3029 1344 3083 animalibus,
1371 3043 1486 3086 quae
1514 3029 1860 3073 communicant
1884 3042 1990 3073 cum
2018 3028 2182 3089 plantis
2208 3029 2254 3074 in

288 3099 501 3142 nutritiva
517 3108 558 3142 et
578 3100 838 3156 generativa
865 3098 1054 3148 virtute3
1082 3107 1314 3154 separatur
1331 3098 1452 3139 enim
1483 3096 1651 3155 aliquid
1670 3097 1792 3155 quod
1818 3106 1916 3140 erat
1938 3097 1985 3141 in
2011 3096 2165 3156 planta
2182 3095 2257 3141 vel

291 3164 476 3207 animali
515 3165 569 3208 ad
607 3164 951 3222 generationem
987 3163 1148 3206 similis
1185 3163 1230 3206 in
1267 3163 1433 3221 specie,
1466 3163 1588 3221 quod
1625 3164 1671 3206 in
1719 3162 1807 3207 fine
1850 3163 2159 3221 generationis
2190 3172 2257 3208 est

292 3232 483 3274 omnino
512 3242 634 3275 extra
661 3241 983 3289 generantem;
1011 3245 1035 3273 a
1063 3230 1164 3273 Deo
1203 3241 1371 3283 autem,
1398 3234 1539 3288 q'uum
1566 3229 1848 3275 indivisibilis
1880 3230 1952 3282 sit,
1978 3243 2073 3275 non
2104 3239 2257 3290 potest

291 3297 457 3356 aliquid
485 3298 704 3356 separari;
732 3298 827 3356 ipse
856 3298 991 3340 etiam
1017 3295 1154 3340 Filius
1184 3311 1207 3340 a
1235 3297 1336 3340 Deo
1364 3297 1542 3354 genitus
1569 3311 1661 3340 non
1680 3307 1748 3341 est
1773 3306 1896 3343 extra
1912 3296 2096 3343 Patrem
2120 3310 2259 3357 gene-

289 3375 479 3417 rantem,
503 3364 581 3422 sed
601 3364 644 3407 in
673 3378 744 3418 e0,
771 3365 887 3408 sicut
909 3379 964 3408 ex
991 3364 1296 3421 superioribus
1316 3364 1659 3408 auctoritatibus
1682 3374 1816 3424 patet.
1834 3363 1996 3424 Neque
2018 3364 2157 3413 etiam
2174 3378 2258 3425 po·

288 3441 374 3475 test
400 3431 551 3474 divina
578 3431 811 3489 generatio
838 3430 1029 3487 intelligi
1057 3431 1309 3475 secundum
1337 3431 1529 3474 modum
1553 3431 1858 3477 emanationis
1882 3444 1999 3493 quae
2017 3431 2252 3490 »invenitur

288 3499 331 3540 in
362 3498 513 3541 anima
541 3498 778 3552 sensitiva3
805 3511 899 3542 non
928 3497 1050 3542 enirn
1078 3498 1202 3542 Deus
1226 3497 1279 3542 ab
1308 3496 1462 3556 aliquo
1491 3498 1705 3544 exteriori
1727 3495 1892 3559 accipit
1916 3508 1967 3543 ut
1980 3498 2032 3554 ,in
2058 3497 2252 3549 alterum

288 3564 475 3608 influere
499 3566 666 3623 possit3
693 3579 786 3610 non
811 3565 932 3609 enim
951 3575 1069 3609 esset
1086 3565 1284 3623 primum
1303 3578 1468 3623 agens;
1492 3565 1781 3624 operationes
1800 3563 2136 3625 etiamapitnae
2157 3578 2256 3613 sen-

291 3631 447 3674 sitivae
481 3645 574 3675 non
607 3631 896 3690 complentur
922 3632 1018 3676 sine
1047 3630 1359 3691 corporalibus
1391 3630 1723 3687 instrumentis;
1755 3632 1907 3681 Deum
1932 3640 2090 3680 autem
2115 3631 2257 3680 mani·
