2332 3854
828 230 984 269 ram-:R
1020 228 1077 269 11.
1119 227 1239 267 cap,
1280 226 1370 266 xc.
1628 250 1635 256 -
1962 210 2068 278 269

59 366 81 380 f,
118 337 285 391 vendo,
311 335 510 395 aliquam
535 331 881 378 determinatam
907 341 1083 391 partem
1109 329 1299 389 alicujus
1326 328 1555 381 elementi,
1582 337 1660 371 aut
1685 327 1870 386 aliquod
1897 340 2063 385 corpus

119 404 326 449 mixtum.
350 402 459 446 Non
482 400 660 444 videtur
689 399 826 457 igitur
848 397 1094 442 dicendum
1125 396 1248 456 quod
1290 395 1441 455 aliqua
1473 393 1721 439 substantia
1751 392 2072 437 intellectualis

58 500 62 502 ἡ
118 469 298 515 uniatur
319 467 455 513 alicui
470 465 653 526 corpori
669 463 935 511 elementari
951 463 1215 508 naturaliter
1240 472 1290 507 ut
1316 472 1483 516 motor,
1507 461 1596 505 nisi
1622 460 1707 505 sibi
1732 460 1871 504 etiam
1896 459 2074 504 uniatur

60 556 75 578 s
120 546 171 583 ut
190 535 355 583 forma.

54 604 58 642 Ῑ
206 603 343 648 Item:
371 610 524 646 motus
550 599 753 659 corporis
779 597 1065 643 elementaris
1091 606 1242 656 potest
1266 610 1320 640 eit
1348 596 1444 640 aliis
1472 594 1702 655 principiis
1727 592 1904 638 causari
1935 606 2074 652 quam

119 682 175 716 ex
197 669 446 715 substantia
471 665 779 712 intellectuali.
803 664 1091 723 Superfluum
1119 664 1254 722 igitur
1276 674 1405 716 esset,
1426 672 1608 722 propter
1625 660 1890 738 hujusmodi
1906 669 2075 729 motus,

118 736 384 782 naturaliter
409 734 678 779 substantias
702 730 1032 776 intellectuales
1059 731 1323 789 corporibus
1350 730 1701 775 elementaribus
1723 728 1854 773 uniri.

54 846 57 850 ,
207 803 295 847 Per
319 803 410 847 hoc
437 811 590 846 autem
616 799 867 844 excluditur
893 812 1017 842 error
1044 808 1088 841 et
1114 797 1269 856 opinio
1302 796 1484 855 Apuleii
1518 806 1565 840 et
1594 795 1897 855 quorumdam
1927 793 2077 838 Plato-

44 871 48 874 ’
118 870 344 923 nieorum,
371 869 448 927 qui
474 868 680 912 dixerunt
705 865 949 910 daemonia
981 878 1079 908 esse
1113 863 1327 907 animalia
1354 877 1545 922 corpore
1579 867 1726 916 aerea,
1758 871 1910 906 mente
1945 861 2078 905 ratio·

118 936 302 989 nabilia,
327 936 483 980 animo
510 935 701 993 passiva,
732 944 940 990 tempore
972 942 1179 984 aeterna;
1213 941 1257 974 et
1288 930 1592 989 quorumdam
1627 929 1878 974 Gentilium
1909 942 2078 988 ponen-

117 1004 236 1053 tium
244 1002 469 1049 elementa
483 1015 580 1046 esse
594 1002 808 1054 animata,
821 999 940 1043 unde
955 1009 999 1043 et
1011 998 1075 1042 eis
1090 998 1263 1042 cultum
1277 998 1479 1041 divinum
1493 997 1795 1041 instituebant.
1812 994 2077 1040 Excluditur

40 1119 42 1126 ς
75 1101 81 1108 -
121 1071 259 1116 etiam
285 1070 442 1130 opinio
469 1068 716 1112 dicentium
744 1066 932 1126 angelos
959 1076 1003 1110 et
1028 1066 1277 1109 daemones
1302 1065 1471 1109 habere
1494 1075 1688 1122 corpora
1708 1063 1971 1108 naturaliter
1992 1063 2077 1108 sibi

35 1141 41 1170 2
119 1138 245 1183 unita
261 1137 318 1182 de
335 1146 494 1181 natura
511 1135 796 1195 superiorum
812 1133 887 1178 vel
902 1132 1169 1177 inferiorum
1192 1131 1525 1177 elementorum
1548 1130 1688 1190 (apud
1707 1131 1754 1175 S.
1772 1131 1892 1189 Aug.
1910 1140 2076 1176 octavo

36 1191 47 1274 J
118 1203 221 1250 Civ.
245 1204 349 1260 Dei,
374 1217 414 1248 c.
445 1204 548 1260 11.).

871 1346 1126 1404 CAPUT
1166 1348 1320 1404 XCI.

304 1484 465 1532 QUOD
507 1484 650 1524 SUNT
689 1483 932 1528 ALIQUAE
974 1483 1349 1522 SUBSTANTIAE
1389 1482 1877 1522 INTELLECTUALES

719 1557 1058 1609 CORPORIBUS
1099 1557 1217 1596 NON
1257 1557 1482 1596 UNITAE.

39 1701 61 1729 ;·
206 1667 272 1712 Ex
296 1666 555 1726 praemissis
583 1676 733 1711 autem
758 1665 937 1710 ostendi
962 1676 1111 1724 potest
1138 1680 1237 1710 esse
1260 1665 1434 1725 aliquas
1456 1666 1727 1710 substantias
1748 1665 2079 1712 intellectuales

121 1734 387 1794 corporibus
411 1733 590 1792 penitus
615 1747 709 1777 non
735 1733 897 1777 unitas.

43 1798 64 1840 ἱ
211 1800 463 1847 Ostensum
490 1810 558 1844 est
583 1800 706 1844 enim
732 1813 864 1859 supra
890 1801 952 1858 (c.
986 1798 1094 1859 79.),
1128 1799 1393 1859 corporibus
1427 1800 1663 1859 corruptis,
1694 1799 1950 1845 intellectus
1981 1801 2080 1845 sub-

30 1863 62 1924 ς’
118 1869 332 1914 stantiam
357 1867 485 1926 quasi
510 1876 775 1926 perpetuam
797 1879 1047 1910 remanere.
1070 1866 1139 1921 Et,
1161 1867 1199 1911 si
1216 1867 1399 1925 quidem
1426 1867 1674 1911 substantia
1689 1866 1943 1912 intellectus
1961 1882 2077 1926 quae

30 1928 50 1987 fs
117 1943 324 1980 remanet
352 1933 411 1978 sit
440 1947 530 1976 una
562 1933 786 1986 omnium,
818 1933 935 1977 sicut
966 1933 1151 1991 quidam
1184 1933 1354 1987 dicunt,
1387 1933 1443 1977 de
1477 1934 1748 1978 necessitate
1786 1935 2079 1993 consequitur

35 2043 37 2047 ,
119 2015 222 2046 eam
249 2014 348 2046 esse
373 2000 626 2045 secundum
653 2014 786 2044 suum
813 2013 911 2044 esse
937 2014 962 2044 a
990 2014 1183 2058 corpore
1209 2010 1492 2059 separatam;
1516 2011 1558 2045 et
1580 2001 1644 2045 sic
1667 2001 1857 2045 habetur
1878 2002 2080 2061 proposi-

35 2065 47 2129 ᾗ
118 2078 217 2113 tum
243 2067 367 2127 quod
391 2067 640 2112 substantia
674 2066 993 2112 intellectualis
1028 2067 1180 2126 aliqua
1213 2068 1310 2111 sine
1351 2077 1542 2127 corpore
1578 2068 1803 2112 subsistat.
1840 2068 1891 2112 Si
1925 2079 2078 2113 autem

38 2150 47 2154 ·
118 2134 270 2193 plures
297 2134 477 2178 animae
502 2133 808 2178 intellectivae
833 2144 1116 2188 remaneant,
1147 2135 1415 2193 corporibus
1448 2135 1699 2193 destructi8‚
1732 2137 1972 2180 conveniet
2003 2135 2081 2180 ali-

49 2221 55 2264 ss
118 2201 279 2260 quibus
304 2200 560 2256 substantiis
583 2199 963 2244 intellectualibus
982 2201 1149 2259 absque
1168 2215 1359 2260 corpore
1377 2202 1632 2256 subsistere,
1649 2203 1912 2261 praesertim
1936 2216 2078 2261 quum

42 2268 58 2314 ’ἒ
118 2276 356 2312 ostensum
381 2266 440 2311 sit
463 2268 525 2325 (c.
553 2266 646 2325 83.)
672 2267 795 2325 quod
822 2267 1000 2311 animae
1027 2282 1121 2311 non
1143 2277 1374 2312 transeant
1392 2269 1447 2316 de
1470 2282 1661 2327 corpore
1679 2269 1735 2312 ad
1758 2283 1934 2328 corpus.
1959 2269 2080 2314 Con—

116 2333 242 2379 venit
263 2342 419 2378 autem
445 2333 681 2377 animabus
708 2347 806 2377 esse
834 2347 859 2376 a
885 2334 1151 2392 corporibus
1177 2346 1406 2393 separatas
1432 2350 1513 2394 per
1536 2335 1762 2390 accidens,
1789 2350 1930 2394 quum
1954 2347 2080 2380 natu-

112 2395 275 2447 raliter>
294 2400 384 2445 sint
407 2398 585 2444 formae
611 2413 883 2459 corporum;
906 2414 962 2444 eo
990 2410 1143 2445 autem
1170 2401 1292 2460 quod
1320 2411 1388 2446 est
1413 2412 1491 2460 per
1518 2402 1728 2446 accidens
1755 2412 1934 2460 oportet
1956 2403 2078 2462 prius

117 2480 217 2520 me
242 2467 287 2511 id
313 2466 436 2526 quod
461 2477 530 2511 est
553 2481 634 2526 per
664 2481 728 2510 se.
766 2467 882 2511 Sunt
916 2467 1054 2526 igitur
1095 2467 1273 2527 aliquae
1311 2469 1586 2513 substantiae
1621 2468 1954 2514 intellectuales
1990 2470 2080 2514 ani-

40 2543 84 2593 ἐξ
116 2534 279 2579 mabus
304 2533 554 2579 secundum
581 2544 792 2578 naturam
817 2534 1004 2593 priores,
1031 2535 1192 2593 quibus
1217 2549 1298 2594 per
1328 2549 1376 2579 se
1402 2536 1520 2580 inest
1550 2536 1647 2580 sine
1681 2537 1945 2595 corporibus
1976 2537 2078 2581 sub-

116 2599 291 2646 sistere.

47 2661 81 2730 [³¹
206 2665 442 2727 Amplius:
469 2680 607 2711 omne
633 2667 755 2726 quod
782 2677 850 2711 est
875 2667 930 2711 de
966 2669 1142 2711 ratione
1182 2669 1360 2727 generis
1397 2679 1578 2727 oportet
1612 2670 1667 2714 de
1701 2670 1876 2714 ratione
1910 2670 2078 2729 speciei

58 2735 91 2792 ’ῗ-
113 2747 244 2789 esse3
271 2744 374 2779 sunt
400 2744 555 2778 autem
580 2734 804 2792 quaedam
832 2748 948 2793 quae
974 2731 1078 2778 sunt
1109 2735 1164 2778 de
1196 2736 1372 2779 ratione
1402 2737 1584 2793 speciei,
1617 2751 1711 2780 non
1744 2747 1896 2781 autem
1929 2738 1984 2781 de
2012 2751 2079 2781 ra-

47 2814 89 2860 is(
116 2800 244 2846 tione
270 2801 465 2860 generis,
491 2801 607 2845 sicut
633 2800 854 2844 rationale
881 2811 950 2845 est
977 2801 1031 2844 de
1057 2802 1231 2845 ratione
1258 2794 1474 2854 hominis,
1506 2817 1599 2846 non
1632 2813 1783 2847 autem
1815 2804 1870 2847 de
1902 2804 2077 2848 ratione

60 2892 93 2905 2
120 2866 344 2913 animans.
374 2866 610 2925 Quidquid
637 2876 790 2911 autem
816 2877 883 2911 est
908 2867 963 2911 de
990 2867 1165 2911 ratione
1191 2869 1372 2925 speciei,
1398 2883 1493 2912 non
1527 2878 1679 2913 autem
1711 2871 1766 2914 de
1799 2870 1973 2914 ratione
2005 2884 2079 2929 ge-

55 2954 75 2989 2132
117 2934 254 2988 neris,
278 2947 373 2978 non
400 2946 468 2978 est
488 2947 675 2977 necesse
697 2933 909 2977 omnibus
930 2933 1165 2992 speciebus
1183 2936 1360 2991 generis
1379 2936 1548 2990 inesse3
1566 2935 1736 2981 multae
1759 2937 1882 2980 enim
1903 2939 2077 2995 species

69 3037 85 3048 .
118 3010 224 3047 sunt
237 3000 565 3046 irrationalium
585 3000 866 3044 animalium.
885 3000 1171 3044 Substantiae
1189 3011 1341 3044 autern
1359 3001 1655 3045 intellectuali
1670 3003 1922 3047 secundum
1943 3018 2076 3048 suum

120 3080 264 3128 genus
290 3067 505 3112 convenit
530 3067 652 3126 quod
678 3067 736 3111 sit
761 3081 840 3126 per
866 3080 913 3111 se
939 3066 1200 3120 subsistens,
1224 3081 1364 3125 quum
1386 3067 1553 3111 habeat
1573 3082 1652 3126 per
1674 3082 1721 3112 se
1748 3069 2077 3127 operationem,

50 3146 80 3194 jj
118 3133 240 3179 8icut
261 3134 468 3193 superius
494 3135 555 3192 (c.
587 3147 652 3191 50.
680 3144 724 3177 et
755 3133 842 3190 51.)
870 3143 938 3178 est
963 3143 1223 3187 ostensum;
1251 3134 1305 3177 de
1331 3134 1506 3177 ratione
1540 3144 1692 3178 autem
1719 3135 1784 3179 rei
1810 3150 1890 3194 per
1912 3149 1958 3179 se
1979 3136 2078 3180 sub-

9 3237 22 3253 ..
42 3212 69 3252 ,i
120 3199 317 3245 sistentis
343 3214 437 3244 non
465 3210 531 3244 est
557 3200 678 3259 quod
706 3199 834 3244 alteri
860 3200 1052 3244 uniatur.
1089 3200 1195 3243 Non
1231 3210 1298 3244 est
1332 3200 1468 3258 igitur
1500 3201 1556 3243 de
1592 3201 1768 3245 ratione
1802 3201 2076 3247 substantiae

49 3267 57 3318 ζ
120 3265 441 3312 intellectualis
467 3266 719 3310 secundum
746 3281 878 3310 suum
906 3280 1048 3325 genus
1075 3266 1197 3325 quod
1224 3267 1281 3311 sit
1312 3267 1494 3324 corpori
1525 3267 1665 3321 unita,
1699 3268 1782 3311 etsi
1812 3268 1869 3312 sit
1900 3268 1989 3313 hoc
2021 3267 2078 3312 de

115 3333 298 3378 ratione
325 3332 516 3391 alicujus
541 3332 858 3378 intellectualis
883 3334 1158 3378 substantiae
1187 3348 1301 3392 quae
1329 3343 1395 3378 est
1417 3334 1584 3378 anima.
1609 3334 1722 3379 Sunt
1746 3335 1883 3394 igitur
1900 3336 2095 3395 aliquae·

115 3399 398 3445 substantiae
424 3398 754 3444 intellectuales
779 3401 1046 3479 corporibus
1072 3415 1165 3444 non
1192 3401 1357 3444 unitae

210 3466 400 3511 Adhuc:
427 3477 587 3510 natura
608 3467 811 3525 superior
827 3468 873 3511 in
890 3481 974 3511 suo
993 3466 1151 3511 infimo
1170 3467 1393 3526 contingit
1407 3477 1616 3511 naturam
1633 3467 1927 3514 inferiorem
1916 3484 1966 3514 m
1979 3444 2077 3530 ejus

117 3545 350 3593 supremo.
376 3533 551 3578 Natura
577 3543 730 3577 autem
754 3532 1070 3578 intellectualis
1097 3543 1165 3578 est
1186 3533 1390 3593 superior
1407 3534 1657 3593 corporali3
1681 3537 1904 3596 contingit
1923 3547 2075 3582 autem

116 3611 230 3649 >eam
243 3599 495 3646 secundum
512 3599 712 3660 aliquam
727 3609 905 3660 partem
920 3600 1004 3654 sui,
1026 3614 1143 3660 quae
1161 3610 1228 3644 est
1245 3600 1399 3645 anima
1418 3600 1709 3648 intellectiva.
1730 3603 1953 3665 Oportet'
1941 3605 2076 3666 1gitur
