2332 3854
319 219 419 274 128
996 233 1152 273 LIBER
1192 233 1248 272 11.
1292 235 1411 273 CAP.
1454 234 1569 273 xm.

312 351 440 381 mum
464 338 710 392 bonorum,
737 345 968 397 oporteret
1000 337 1056 381 ad
1087 336 1188 380 illas
1221 336 1359 380 etiam
1392 337 1654 394 relationes,
1687 353 1803 399 quae
1839 349 1944 384 sunt
1969 339 2147 400 aliquae
2178 355 2266 396 res,

310 404 399 448 Dei
420 404 663 448 relationes
691 403 801 448 alias
829 404 1140 458 considerare3
1168 412 1212 447 et
1237 403 1275 447 si
1295 402 1518 449 illae'sint
1542 405 1707 450 iterum
1729 421 1800 451 res
1823 406 2016 466 aliquae,
2039 408 2266 467 oportebit

309 472 477 516 iterum
502 473 654 516 tertias
683 472 958 524 adinvenire,
987 481 1031 515 et
1056 471 1119 514 sic
1162 470 1209 513 in
1244 470 1484 516 infinitum.
1514 472 1620 517 Non
1658 474 1794 532 igitur
1825 474 2068 519 relationes
2104 475 2265 535 quibus

311 539 436 583 Deus
464 540 518 583 ad
544 553 614 583 res
648 538 758 582 alias
785 538 972 582 refertur
999 548 1104 581 sunt
1128 551 1200 581 res
1227 537 1404 596 aliquae
1433 549 1556 583 extra
1582 539 1734 583 Deum
1761 541 2039 584 exsistentes.

399 607 538 650 Item:
567 606 729 664 duplex
756 615 823 649 est
855 605 1020 648 modus
1048 618 1139 662 quo
1164 604 1334 662 aliquid
1361 605 1702 649 denominative
1728 607 2029 665 praedicatur.
2049 607 2266 652 Denomi-

310 683 444 717 natur
470 674 593 717 enim
621 673 788 732 aliquid
818 673 870 715 ab
900 686 955 715 eo
983 672 1105 730 quod
1133 681 1255 715 extra
1282 671 1432 730 ipsum
1460 682 1542 726 est,
1575 672 1692 716 sicut
1718 687 1743 716 a
1775 673 1882 717 loco
1917 673 2078 718 dicitur
2103 672 2266 734 aliquis

311 755 408 785 esse
436 741 615 794 alicubi,
639 750 683 783 et
710 754 734 782 a
765 749 987 797 tempore,
1015 738 1283 797 aliquando;
1310 738 1478 799 aliquid
1504 754 1614 783 vero
1638 740 1958 784 denominatur
1983 741 2038 784 ab
2061 738 2125 785 eo'
2142 741 2267 802 quod

309 809 438 861 inest,
467 809 583 851 sicut
608 807 661 850 ab
690 805 897 850 albedine
931 804 1070 850 albus.
1098 805 1140 849 A
1166 805 1388 850 relatione
1413 821 1524 850 vero
1552 821 1647 850 non
1678 807 1904 851 invenitur
1931 807 2100 866 aliquid
2130 807 2268 852 deno-

311 875 474 918 minari
494 874 621 932 quasi
640 873 833 916 exterius
852 872 1106 927 exsistente,
1124 873 1203 916 sed
1215 873 1501 917 inhaerente:
1519 887 1612 917 non
1630 873 1750 917 enim
1769 874 2088 918 denominatur
2106 873 2267 934 aliquis

309 951 436 1000 pater
460 942 545 984 nisi
573 955 598 984 a
623 940 891 998 paternitate
917 953 1034 998 quae
1062 940 1103 983 ei
1128 940 1257 983 inest.
1285 940 1391 994 Non
1414 940 1551 998 igitur
1576 950 1726 999 potest
1744 955 1856 994 esse,
1878 942 2002 1000 quod
2023 941 2267 986 relationes

310 1009 469 1067 quibus
495 1008 621 1051 Deus
649 1007 704 1050 ad
738 1017 994 1050 creaturam
1020 1005 1211 1050 refertur
1237 1006 1326 1050 sint
1357 1020 1428 1050 res
1457 1006 1635 1065 aliquae
1667 1017 1791 1051 extra
1816 1008 1980 1066 ipsum.

400 1074 522 1118 Cum
554 1075 691 1132 igitur
714 1082 949 1117 ostensum
982 1074 1038 1116 sit
1070 1074 1131 1129 (c.
1163 1073 1351 1131 praec),
1391 1073 1514 1131 quod
1554 1087 1648 1117 non
1676 1074 1764 1118 sint
1795 1075 1842 1118 in
1867 1075 1967 1133 ipso
1994 1073 2187 1130 realiter,
2221 1085 2266 1119 et

308 1152 463 1186 tamen
490 1141 700 1185 dicuntur
727 1141 781 1185 de
809 1154 881 1194 eo,
908 1139 1174 1198 relinquitur
1200 1141 1321 1198 quod
1350 1139 1392 1182 ei
1415 1140 1712 1184 attribuantur
1738 1141 1891 1185 solum
1917 1141 2172 1186 secundum
2203 1143 2271 1185 in·

309 1209 587 1267 telligentiae
610 1208 818 1261 modum,
846 1221 899 1250 ex
927 1220 982 1250 eo
1012 1205 1134 1265 quod
1162 1205 1250 1249 alia
1275 1205 1530 1250 referuntur
1563 1207 1618 1251 ad
1649 1208 1814 1266 ipsum.
1832 1207 2111 1252 Intellectus
2143 1208 2268 1253 enim

308 1286 464 1320 noster
488 1275 785 1333 intelligendo
815 1273 984 1332 aliquid
1010 1273 1168 1317 referri
1195 1273 1251 1316 ad
1279 1272 1487 1327 alterum,
1514 1287 1570 1317 eo
1596 1273 1811 1333 intelligit
1839 1274 2114 1320 relationem
2145 1273 2265 1320 illius

311 1343 366 1387 ad
392 1344 557 1402 ipsum,
584 1341 793 1401 quamvis
820 1340 1072 1385 secundum
1100 1354 1199 1384 rem
1226 1340 1500 1399 quandoque
1526 1334 1621 1385 non
1647 1340 1881 1386 referatur.

396 1410 452 1454 Et
477 1410 540 1454 sic
568 1410 706 1453 etiam
732 1418 855 1467 patet
881 1408 1003 1467 quod
1031 1407 1122 1451 alio
1150 1407 1291 1451 modo
1315 1408 1524 1452 dicuntur
1546 1409 1601 1453 de
1619 1409 1723 1453 Deo
1749 1410 1983 1468 praedicta
2007 1410 2270 1466 relationes,

310 1488 354 1523 et
380 1477 468 1521 alia
494 1491 610 1537 quae
643 1477 698 1520 de
730 1477 832 1520 Deo
866 1475 1197 1534 praedicantur.
1230 1475 1354 1519 Nam
1381 1476 1538 1519 omnia
1565 1476 1669 1530 alia,
1696 1486 1745 1521 ut
1778 1477 2014 1536 sapientia,
2038 1477 2267 1533 voluntas,

309 1547 404 1604 ejus
432 1544 678 1589 essentiam
705 1542 983 1602 praedicant,
1011 1541 1258 1587 relationes
1284 1557 1394 1587 vero
1412 1543 1672 1601 praedictae
1691 1544 1896 1600 minime,
1913 1545 1996 1589 sed
2019 1545 2271 1590 secundum

310 1612 502 1656 modum
529 1610 814 1669 intelligendi
838 1619 1040 1664 tantum;
1067 1623 1152 1654 nec
1179 1619 1335 1653 tamen
1370 1609 1626 1654 intellectus
1654 1621 1721 1655 est
1745 1610 1900 1656 falsus.
1933 1611 2000 1656 Ex
2020 1611 2112 1656 hoc
2143 1614 2268 1657 enim

309 1682 411 1738 ipso
431 1678 553 1738 quod
565 1677 821 1722 intellectus
838 1687 993 1721 noster
1009 1675 1222 1735 intelligit
1238 1676 1482 1721 relationes
1498 1678 1756 1721 divinorum
1775 1677 2021 1724 effectuum
2032 1679 2268 1725 terminari

308 1747 355 1790 in
380 1747 531 1805 ipsum
557 1746 724 1798 Deum,
753 1744 905 1803 aliqua
931 1743 1163 1803 praedicat
1187 1743 1374 1788 relative
1393 1745 1447 1788 de
1473 1745 1587 1803 ipso,
1610 1745 1729 1789 sicut
1754 1754 1799 1789 et
1820 1745 1977 1790 scibile
1999 1745 2188 1791 relative
2204 1747 2268 1791 in·

310 1813 574 1874 telligimus,
597 1822 642 1857 et
667 1811 979 1871 significamus
1007 1825 1061 1855 ex
1086 1811 1177 1854 hoc
1205 1812 1328 1870 quod
1354 1811 1543 1855 scientia
1569 1810 1758 1856 refertur
1785 1811 1840 1856 ad
1867 1814 2032 1872 ipsum.

1068 1958 1322 2014 CAPUT
1364 1959 1516 2015 XIV.
1565 2045 1570 2049 „

692 2095 850 2143 QUOD
885 2095 1104 2134 MULTAS
1139 2096 1482 2135 RELATIONES
1516 2096 1634 2135 DICI
1667 2097 1740 2134 DE
1773 2097 1886 2136 DEO

794 2170 912 2210 NON
946 2170 1210 2210 DEROGAT
1243 2171 1363 2225 EJUS
1399 2171 1787 2211 SIMPLICITATI.

399 2284 532 2328 Patet
565 2282 703 2327 etiam
730 2296 784 2326 ex
809 2282 880 2326 his
908 2281 1030 2341 quod
1056 2281 1235 2325 divinae
1262 2281 1542 2341 simplicitati
1572 2296 1666 2326 non
1698 2282 1903 2342 derogat,
1934 2283 1973 2328 si
2006 2282 2178 2329 multae
2211 2298 2275 2329 re-

310 2351 503 2396 lationes
531 2350 586 2394 de
611 2350 712 2409 ipso
739 2349 960 2403 dicantur,
994 2349 1202 2408 quamvis
1236 2350 1331 2408 ejus
1364 2350 1609 2393 essentiam
1640 2364 1734 2394 non
1766 2349 2038 2408 significent,
2069 2350 2175 2411 quia
2207 2364 2274 2396 se·

311 2428 509 2478 quuntur
533 2416 819 2476 intelligendi
845 2416 1051 2461 modum.
1078 2416 1185 2460 Non
1215 2418 1336 2460 enim
1369 2417 1580 2475 prohibet
1603 2415 1886 2461 intellectum
1912 2426 2120 2463 nostrum
2143 2417 2277 2463 intel-

312 2487 530 2546 ligentem
557 2484 715 2538 multa,
738 2483 1050 2542 multipliciter
1075 2483 1231 2528 referri
1257 2485 1311 2527 ad
1330 2482 1374 2527 id
1394 2484 1514 2543 quod
1533 2494 1601 2529 est
1616 2485 1663 2528 in
1681 2499 1727 2529 se
1744 2484 1958 2544 simplex3
1975 2495 2026 2530 ut
2040 2486 2106 2531 sic
2123 2485 2275 2546 ipsum

311 2553 505 2613 simplex
531 2552 612 2597 sub
642 2551 886 2610 multiplici
911 2550 1132 2595 relatione
1161 2551 1438 2605 consideret3
1466 2562 1510 2596 et
1526 2562 1697 2611 quanto
1726 2551 1895 2611 aliquid
1921 2562 1989 2597 est
2008 2552 2155 2612 magis
2173 2552 2277 2597 sim-

312 2621 429 2682 plex,
456 2630 585 2664 tanto
613 2629 681 2664 est
706 2620 894 2677 maioris
921 2619 1110 2672 virtutis,
1139 2628 1183 2662 et
1208 2619 1482 2678 principium
1508 2619 1720 2678 plurium,
1748 2634 1799 2663 ac
1826 2633 1907 2678 per
1936 2620 2028 2665 Hoc
2061 2619 2277 2679 multipli-

313 2690 408 2733 cius
436 2688 629 2732 relatum
655 2687 941 2746 intelligitur:
973 2686 1089 2730 sicut
1114 2695 1335 2745 punctum
1361 2685 1558 2745 plurium
1585 2697 1652 2731 est
1676 2687 1949 2746 principium
1976 2700 2115 2746 quam
2140 2687 2275 2742 linea,

314 2766 358 2801 et
382 2756 502 2800 linea
534 2769 673 2814 quam
696 2753 971 2813 superficies.
995 2754 1095 2797 Hoc
1122 2753 1260 2811 igitur
1285 2753 1436 2812 ipsum
1469 2754 1591 2812 quod
1618 2753 1760 2798 multa
1785 2753 1972 2799 relative
1998 2754 2054 2799 de
2078 2754 2182 2800 Deo
2215 2754 2277 2799 di·

313 2833 488 2878 cuntur,
515 2823 610 2881 ejus
637 2835 845 2866 summae
863 2820 1141 2879 simplicitati
1168 2830 1416 2864 attestatur.

1082 2997 1339 3053 CAPUT
1379 2997 1503 3053 XV.

686 3135 845 3182 QUOD
880 3135 1021 3172 DEUS
1056 3134 1141 3172 SIT
1176 3134 1416 3173 OMNIBUS
1453 3132 1629 3172 CAUSA
1661 3133 1906 3173 ESSENDI.

561 3239 614 3296 (I.
635 3245 752 3298 part.
780 3243 938 3296 quaest.
966 3237 1123 3281 XLIV.
1150 3242 1230 3281 art.
1258 3252 1292 3281 Ι.
1320 3242 1356 3280 et
1376 3237 1442 3280 De
1459 3242 1550 3294 pot.
1574 3242 1722 3294 quaest.
1751 3236 1834 3280 ΙΙΙ.
1861 3241 1942 3281 art.
1959 3236 2033 3295 5.).

404 3351 526 3404 Quia
557 3365 667 3395 vero
701 3360 935 3395 ostensum
970 3360 1037 3394 est
1069 3349 1190 3408 quod
1223 3350 1349 3393 Deus
1392 3359 1459 3393 est
1501 3347 1723 3407 aliquibus
1767 3348 1959 3394 essendi¹
1986 3347 2273 3409 principium,

312 3429 491 3479 oportet
517 3418 703 3463 ulterius
731 3418 969 3462 ostendere
1003 3417 1125 3476 quod
1157 3415 1271 3459 nihil
1297 3425 1473 3475 praeter
1498 3416 1647 3475 ipsum
1674 3425 1740 3460 est
1765 3415 1853 3460 nisi
1884 3414 1938 3459 ab
1969 3415 2083 3475 ipso.
2118 3415 2274 3462 Omne

313 3487 434 3530 enim
454 3486 574 3545 quod
593 3485 727 3529 alicui
746 3485 962 3530 convenit
978 3499 1072 3529 non
1090 3483 1341 3528 secundum
1366 3483 1487 3542 quod
1510 3483 1658 3542 ipsum
1677 3492 1758 3538 est,
1775 3496 1856 3541 per
1872 3482 2070 3542 aliquam
2087 3496 2274 3528 causam
2325 3510 2332 3543 „2

314 3553 529 3598 convenit
555 3553 611 3607 ei,
638 3553 755 3597 sicut
782 3553 936 3597 album
962 3551 1163 3596 homini:
1189 3564 1299 3595 nam
1324 3549 1447 3610 quod
1481 3563 1668 3594 causam
1695 3562 1789 3594 non
1819 3549 1969 3606 habet,
1998 3549 2198 3608 primum
2229 3558 2276 3595 et
2327 3548 2332 3555 '

312 3620 630 3665 immediatum
658 3630 737 3674 est,
765 3620 885 3664 unde
912 3633 1099 3665 necesse
1126 3627 1193 3663 est
1219 3627 1268 3662 ut
1293 3617 1350 3662 sit
1375 3631 1456 3676 per
1482 3631 1544 3671 se,
1579 3626 1623 3661 et
1659 3615 1910 3662 secundum
1949 3616 2073 3676 quod
2109 3615 2271 3677 ipsum.
