2332 3854
254 223 360 276 262
864 237 1018 277 LIBER
1057 239 1112 276 11.
1155 238 1274 277 CAP.
1315 238 1577 277 Lxxxvm.

342 338 576 399 Amplius:
606 355 766 385 eorum
793 354 988 400 quorum
1014 340 1241 384 invenitur
1266 340 1388 384 idem
1419 354 1658 399 processus
1690 350 1736 386 et
1766 340 2000 395 terminus,
2026 350 2207 402 oportet

253 421 352 451 esse
379 407 502 450 idern
529 408 717 466 originis
744 407 1029 466 principium.
1059 406 1148 450 Sed
1181 407 1227 450 in
1260 407 1553 464 generatione
1578 407 1780 451 hominis
1812 407 1934 451 idem
1967 420 2207 466 processus

253 474 456 531 corporis
483 484 527 518 et
553 474 745 527 animae,
774 483 817 516 et
842 473 964 516 idern
990 473 1209 516 terminus
1236 473 1487 528 invenitur3
1513 475 1765 518 secundum
1798 474 1919 516 enim
1946 474 2068 532 quod
2090 473 2207 534 figu-

251 541 367 584 ratio
393 551 435 584 et
459 541 684 599 quantitas
713 540 1026 583 membrorum
1052 540 1271 597 procedit,
1299 549 1343 584 et
1370 540 1548 584 animae
1576 542 1712 584 etiam
1747 539 2035 598 operationes
2061 541 2208 599 magis

253 621 305 650 ac
333 608 479 665 magis
506 607 873 659 manifestantur;
905 620 1015 649 nam
1046 608 1169 664 prius
1204 617 1389 682 apparet
1420 607 1626 665 operatio
1661 607 1840 650 animae
1872 605 2128 668 sensitivae,
2164 614 2209 651 et

251 675 451 727 tandem,
471 688 662 749 corpore
682 672 928 731 completo,
949 673 1154 749 operatio
1179 673 1358 717 animae
1376 673 1695 717 intellectivae.
1714 674 1837 730 Ergo
1859 671 1982 716 idem
2005 681 2073 716 est
2091 684 2209 750 prm-

253 740 421 798 cipium
450 741 629 783 animae
657 750 700 783 et
727 742 941 798 corporis.
971 739 1061 783 Sed
1088 740 1361 816 principi-um
1389 740 1576 798 originis
1600 739 1804 799 corporis
1828 748 1896 784 est
1918 752 2001 798 per
2022 718 2209 783 decisio-

249 821 354 850 nem
383 807 580 850 seminis.
608 807 730 864 Ergo
758 814 824 850 est
851 815 894 849 et
919 806 1194 865 principium
1221 806 1409 866 originis
1444 807 1638 852 animae.

341 873 529 917 Adhuc.
558 873 680 931 quod
707 873 1017 931 configuratur
1044 873 1194 928 alicui,
1221 874 1508 917 constituitur
1534 889 1589 918 ex
1622 873 1802 918 actione
1835 874 1932 932 ejus
1965 871 2038 916 cui
2070 865 2208 917 cOnfi·

253 950 461 999 guratur;
487 940 603 983 sicut
629 954 746 994 cera,
773 955 890 998 quae
917 940 1226 998 configuratur
1252 940 1419 999 sigillo,
1447 941 1612 999 accipit
1642 942 1762 985 hanc
1796 939 2206 1000 configurationem

252 1019 305 1051 ex
330 1007 630 1066 impressione
656 1007 807 1065 sigilli.
836 1007 1031 1052 Constat
1057 1018 1207 1052 autem
1237 1022 1400 1067 corpus
1425 1008 1629 1053 hominis
1656 1018 1701 1053 et
1732 1007 1973 1066 cujuslibet
1998 1006 2207 1052 animalis

252 1088 348 1118 esse
390 1075 600 1133 propriae
637 1075 816 1118 animae
859 1075 1218 1134 configuratum3
1244 1075 1346 1119 talis
1384 1085 1452 1120 est
1492 1076 1615 1119 enim
1652 1090 1935 1135 organorum
1971 1074 2206 1133 dispositio

250 1140 394 1199 qualis
428 1141 649 1199 competit
680 1142 735 1185 ad
768 1142 1057 1200 operationes
1091 1143 1271 1186 animae
1304 1157 1384 1202 per
1416 1157 1492 1187 eas
1532 1142 1820 1188 exercendas.
1856 1142 2035 1203 Corpus
2070 1142 2208 1202 igitur

250 1206 474 1252 formatur
500 1222 553 1252 ex
581 1209 760 1253 actione
788 1209 996 1265 animae;
1029 1209 1148 1254 u'nde
1182 1209 1320 1253 etiam
1362 1209 1634 1253 Aristoteles
1673 1209 1781 1254 dicit
1815 1210 1863 1254 in
1899 1213 2101 1257 secundo
2134 1212 2207 1256 De

251 1275 405 1318 anima
433 1276 483 1332 (t.
511 1290 550 1319 c.
580 1274 669 1333 36.)
697 1276 820 1335 quod
856 1276 1010 1320 anima
1043 1287 1110 1321 est
1143 1275 1343 1320 efficiens
1377 1290 1514 1320 causa
1547 1276 1766 1335 corporis.
1793 1277 1896 1321 Hoc
1928 1290 2082 1324 autem
2114 1292 2208 1324 non

251 1352 382 1396 esset,
408 1342 495 1385 nisi
521 1342 674 1386 anima
701 1353 818 1387 esset
846 1343 892 1386 in
919 1345 1117 1398 semine;
1143 1357 1250 1386 nam
1287 1357 1451 1401 corpus
1479 1357 1559 1402 per
1585 1343 1797 1387 virtutem
1827 1358 1941 1403 quae
1968 1355 2035 1391 est
2064 1346 2112 1390 in
2144 1359 2209 1392 se-

249 1409 387 1463 mine,
422 1410 722 1453 constituitur.
754 1410 834 1454 Est
865 1410 1000 1469 igitur
1034 1411 1187 1454 anima
1219 1410 1422 1454 humana
1453 1410 1499 1453 in
1533 1410 1706 1455 semine
1738 1410 1955 1466 hominis,
1986 1422 2032 1458 et
2061 1412 2123 1457 ita
2155 1426 2209 1458 ex

250 1476 481 1520 decisione
507 1477 692 1520 seminis
721 1477 947 1535 originem
974 1477 1124 1522 habet.

337 1543 476 1587 Item:
504 1543 617 1587 nihil
643 1544 755 1587 vivit
780 1544 866 1588 nisi
892 1559 970 1604 per
997 1545 1213 1588 animam.
1244 1544 1413 1589 Semen
1448 1554 1600 1588 autern
1635 1554 1701 1589 est
1725 1545 1906 1600 vivum;
1932 1546 2056 1606 quod
2086 1555 2211 1607 patet

250 1624 304 1654 ex
329 1611 492 1654 tribus:
520 1611 669 1668 primo
698 1611 898 1669 quidem,
925 1612 1029 1670 quia
1049 1626 1081 1655 a
1107 1612 1288 1656 vivente
1314 1611 1562 1665 deciditur;
1589 1612 1806 1666 secundo,
1833 1612 1940 1671 quia
1961 1615 2008 1659 in
2033 1613 2208 1659 semine

249 1687 436 1736 apparet
462 1677 588 1722 calor
612 1678 761 1722 vitalis
788 1674 832 1723 et
859 1679 1065 1737 operatio
1092 1679 1226 1732 vitae,
1253 1692 1369 1738 quae
1395 1688 1500 1723 sunt
1525 1679 1589 1722 rei
1616 1679 1808 1724 viventis
1835 1680 2031 1724 indicia:
2058 1680 2209 1736 tertio,

249 1744 356 1802 quia
381 1745 558 1788 semina
583 1744 842 1804 plantarum
867 1755 1013 1790 terrae
1040 1746 1268 1801 mandata,
1295 1746 1382 1790 nisi
1416 1746 1462 1789 in
1489 1760 1536 1790 se
1570 1746 1711 1790 vitam
1736 1746 1969 1803 haberent,
1996 1761 2052 1793 ex
2075 1758 2234 1807 terra„

249 1825 366 1869 quae
393 1822 461 1856 est
486 1813 720 1866 exanimis,
747 1827 841 1856 non
867 1823 1052 1871 possent
1079 1812 1307 1857 calescere
1335 1813 1391 1856 ad
1417 1813 1676 1856 vivendum.
1704 1812 1784 1857 Est
1814 1810 1963 1873 igitur'
1983 1814 2138 1859 anima
2161 1814 2208 1859 in

249 1878 439 1932 semine,
466 1889 510 1923 et
535 1869 603 1923 sic
628 1893 680 1923 ex
708 1879 937 1927 decisione
965 1880 1150 1923 seminis
1176 1880 1318 1923 vitam
1343 1879 1481 1923 habet
1508 1888 1551 1923 et
1578 1880 1804 1938 originem
1837 1881 1970 1939 capit.

339 1945 575 2004 Amplius:
609 1946 647 1990 si
673 1947 826 1990 anima
850 1961 946 1990 non
973 1955 1040 1992 est
1066 1956 1168 1991 ante
1196 1960 1375 2005 corpus,
1402 1958 1451 1990 ut
1477 1956 1714 1991 ostensum
1740 1957 1808 1992 est
1833 1948 1895 2006 (c.
1922 1946 2031 2007 83.),
2061 1961 2210 2008 neque

248 2013 406 2071 incipit
432 2026 531 2057 esse
560 2027 666 2057 cum
693 2013 880 2058 seminis
909 2014 1155 2067 decisione,
1178 2014 1380 2072 sequitur
1412 2014 1534 2072 quod
1561 2015 1683 2073 prius
1708 2013 1931 2060 formetur
1956 2028 2136 2075 corpus,
2167 2024 2211 2060 et

249 2090 411 2139 postea
437 2080 479 2124 ei
503 2079 764 2125 infundatur
790 2083 944 2125 anima
970 2081 1025 2125 de
1051 2095 1174 2125 novo
1210 2092 1373 2125 creata.
1403 2081 1494 2125 Sed
1526 2082 1564 2125 si
1595 2081 1686 2126 hoc
1714 2092 1781 2126 est
1805 2096 1982 2137 verum,
2007 2082 2209 2143 sequitur

250 2147 438 2191 ulterius
465 2147 587 2207 quod
616 2148 768 2192 anima
795 2149 852 2193 sit
877 2158 1060 2207 propter
1087 2162 1274 2208 corpus;
1308 2149 1430 2207 quod
1463 2150 1586 2192 enirn
1613 2158 1681 2193 est
1713 2159 1897 2210 propter
1930 2149 2067 2204 aliud,
2092 2145 2213 2195 inve-

249 2214 372 2258 nitur
398 2229 454 2258 eo
480 2215 720 2274 posterius,
753 2216 869 2260 sicut
901 2216 1174 2260 vestimenta
1206 2226 1311 2260 sunt
1337 2225 1522 2275 propter
1552 2216 1805 2262 hominem.
1834 2216 1937 2262 Hoc
1964 2226 2117 2262 autem
2144 2227 2212 2262 est

250 2280 443 2335 falsum3
470 2295 579 2324 nam
605 2282 752 2341 magis
780 2291 847 2326 est
874 2296 1039 2341 corpus
1066 2292 1248 2342 propter
1277 2285 1502 2337 animam;
1528 2282 1630 2328 finis
1657 2283 1780 2327 enirn
1806 2297 1987 2343 semper
2011 2282 2212 2328 nobilior

252 2356 331 2392 est.
361 2348 560 2407 Oportet
584 2349 722 2408 igitur
744 2349 894 2394 dicere
921 2349 1043 2408 quod
1071 2351 1223 2394 anima
1250 2348 1386 2394 simul
1413 2364 1517 2393 curn
1546 2349 1778 2394 decisione
1811 2350 1998 2396 seminis
2024 2350 2208 2395 oriatur.

935 2505 1190 2563 CAPUT
1232 2504 1548 2560 LXXXIX.

790 2641 1190 2681 RESPONSIONES
1231 2642 1304 2679 AD
1340 2641 1670 2680 PRAEDICTA.

338 2748 410 2792 Ad
452 2747 707 2794 faciliorem
741 2764 850 2794 vero
891 2752 1245 2810 praemissarum
1281 2748 1511 2793 rationum
1553 2748 1846 2805 solutionem,
1881 2749 2210 2809 praemittenda

251 2826 354 2860 sunt
380 2816 607 2875 quaedam
635 2816 690 2860 ad
718 2818 1040 2876 exponendum
1061 2817 1270 2862 ordinem
1290 2826 1333 2861 et
1350 2830 1618 2876 processum
1636 2816 1943 2875 generationis
1963 2816 2210 2872 humanae,

250 2893 295 2927 et
321 2882 593 2941 generaliter
621 2883 872 2928 animalis.

339 2950 496 2994 Primo
523 2951 675 3009 itaque
703 2951 939 2996 sciendum
963 2961 1030 2993 est
1045 2950 1209 2993 falsam
1227 2963 1325 2993 esse
1346 2950 1611 3008 opinionem
1629 2950 1934 3009 quorumdam
1961 2949 2210 2995 dicentium

249 3017 373 3072 quod
400 3029 539 3073 opera
564 3018 698 3068 vitae,
727 3030 843 3074 quae
868 3027 1085 3075 apparent
1101 3017 1146 3060 in
1171 3017 1421 3075 embryone
1442 3028 1543 3061 ante
1566 3017 1779 3062 ultimum
1805 3017 2212 3077 complementum,

249 3094 343 3124 non
371 3091 474 3125 sunt
501 3097 554 3125 ex
582 3081 733 3140 aliqua
761 3082 913 3126 anima
946 3083 1019 3127 vel
1044 3084 1207 3127 virtute
1237 3084 1416 3129 animae
1443 3085 1489 3127 in
1517 3099 1572 3128 eo
1601 3085 1856 3139 exsistente,
1882 3084 1962 3130 sed
1985 3100 2038 3130 ex
2062 3085 2215 3130 anima

249 3148 421 3191 matris.
451 3148 499 3192 Si
527 3148 649 3192 enim
676 3149 767 3192 hoc
795 3159 914 3193 esset
936 3164 1108 3204 verum,
1126 3151 1219 3210 jam
1249 3151 1438 3210 embryo
1457 3165 1550 3195 non
1569 3162 1688 3196 esset
1705 3150 1890 3206 animal,
1908 3166 2050 3212 quum
2072 3166 2212 3200 omne

250 3214 421 3258 animal
449 3229 501 3259 ex
529 3216 682 3259 anima
709 3226 752 3260 et
779 3231 970 3292 corpore
999 3227 1190 3261 constet.
1213 3217 1519 3276 Operationes
1538 3218 1674 3263 etiam
1693 3219 1812 3263 vitae
1830 3232 1923 3263 non
1941 3219 2213 3296 proveniunt

247 3295 272 3324 a
300 3281 522 3340 principio
547 3282 696 3327 activo
724 3284 994 3338 extrinseco,
1013 3284 1091 3328 sed
1112 3285 1164 3328 ab
1191 3286 1395 3328 intranea
1415 3285 1603 3340 virtute;
1629 3285 1677 3330 in
1694 3294 1785 3345 quo
1803 3285 2046 3345 praecipue
2068 3299 2095 3331 a
2114 3299 2210 3331 non

243 3348 500 3393 viventibus
523 3350 721 3394 viventia
748 3351 958 3394 videntur
990 3351 1201 3405 discerni,
1236 3366 1433 3410 quorum
1472 3362 1539 3396 est
1570 3352 1807 3412 proprium
1838 3366 2026 3399 movere
2052 3353 2212 3414 seipsa.

254 3413 394 3466 Quod
423 3417 546 3460 enim
568 3417 763 3461 nutritur
789 3418 1010 3462 assimilat
1032 3418 1116 3463 sibi
1142 3418 1499 3474 nutrimentum3
1526 3420 1645 3464 unde
1663 3429 1845 3479 oportet
1858 3419 1906 3464 in
1926 3420 2097 3465 nutrito
2113 3433 2213 3467 esse

250 3482 464 3526 virtutem
488 3483 747 3528 nutritionis
776 3485 987 3538 activam,
1015 3499 1156 3544 quum
1184 3499 1323 3544 agens
1347 3485 1427 3530 sibi
1457 3486 1607 3530 simile
1635 3497 1761 3546 agat;
1788 3496 1834 3532 et
1858 3485 2004 3533 multo
2031 3497 2100 3533 est
2119 3486 2212 3533 hoc

249 3548 567 3594 manifestius
555 3565 602 3594 m
630 3552 842 3610 operibus
869 3566 1049 3606 sensus3
1076 3566 1185 3596 nam
1212 3551 1364 3596 videre
1385 3562 1428 3596 et
1455 3553 1608 3597 audire
1631 3553 1846 3599 convenit
1868 3552 2004 3599 alicui
2029 3567 2108 3614 per
2129 3554 2213 3600 vir-

245 3625 390 3660 tutem
417 3616 617 3676 aliquam
650 3619 695 3662 in
723 3619 821 3679 ipso
849 3620 1155 3675 exsistentem,
1182 3634 1276 3665 non
1302 3620 1348 3665 in
1381 3620 1486 3666 alio.
1521 3621 1668 3676 Unde,
1704 3635 1846 3682 quum
1873 3621 2064 3683 embryo
2090 3622 2212 3668 inve-
