2332 3854
265 234 367 287 194
674 226 682 231 ’
941 234 1096 272 LIBER
1137 233 1191 271 11.
1234 234 1354 271 cAP.
1396 233 1524 272 Lv11.

1002 445 1257 501 CAPUT
1299 446 1474 502 LVII.

259 582 476 621 POSITIO
511 582 781 620 PLATONIS
811 583 884 618 DE
912 581 1123 620 UNIONE
1148 581 1356 620 ANIMAE
1385 582 1860 620 INTELLECTUALIS
1885 582 1960 620 AD
1987 582 2216 623 CORPUS.

824 682 881 740 (I.
905 688 1020 741 part.
1054 690 1208 742 quaest.
1240 683 1439 728 LXXVI.
1472 690 1555 728 art.
1577 684 1647 740 L).

347 795 413 838 Ex
446 794 515 838 his
550 803 702 837 autem
736 803 779 836 et
810 792 1033 838 similibus
1065 794 1315 838 rationibus
1348 794 1486 854 aliqui
1523 795 1653 850 moti,
1687 795 1907 849 dixerunt,
1938 794 2062 854 quod
2093 793 2219 839 nulla

259 862 506 906 substantia
538 860 856 905 intellectualis
882 871 1032 920 potest
1057 875 1154 906 esse
1180 861 1330 905 forma
1357 863 1575 921 corporis.
1604 863 1694 907 Sed
1728 864 1832 921 quia
1859 862 1970 906 ‘huic
2003 861 2219 920 positioni

258 929 354 987 ipsa
380 928 580 972 hominis
606 938 768 971 natura
794 928 1106 972 contradicere
1138 928 1387 982 videbatur,
1421 930 1527 988 quia
1560 943 1614 973 ex
1649 929 1799 973 anima
1832 927 2143 983 intellectuali,
2175 938 2220 972 et

260 1009 452 1052 corpore
478 995 656 1038 videtur
679 1009 776 1038 esse
811 995 1107 1054 compositus,
1135 995 1508 1052 excogitaverunt
1534 996 1754 1055 quasdam
1779 996 1876 1056 vias
1903 1009 1984 1055 per
2007 1008 2121 1056 quas
2145 1009 2221 1039 na-

259 1073 359 1106 tura
385 1061 587 1105 hominis
614 1061 854 1105 salvarent.

348 1128 480 1172 Plato
508 1128 641 1187 igitur
670 1129 836 1187 posuit,
864 1138 909 1172 et
934 1130 1030 1186 ejus
1047 1142 1279 1187 sequaces,
1303 1129 1425 1188 quod
1445 1129 1596 1173 anima
1614 1129 1932 1174 intellectualis
1953 1142 2048 1172 non
2068 1129 2221 1172 unitur

259 1195 441 1252 corpori
467 1195 584 1238 sicut
609 1194 758 1238 forma
784 1195 1018 1249 materiae,
1045 1195 1124 1239 sed
1151 1194 1303 1239 solum
1330 1197 1447 1240 sicut
1466 1206 1621 1240 motor
1638 1195 1811 1250 mobili,
1837 1196 1993 1239 dicens
2019 1195 2220 1239 animam

260 1276 360 1306 esse
387 1262 433 1305 in
461 1276 652 1320 corpore
680 1262 797 1306 sicut
822 1272 961 1305 nauta
988 1272 1056 1306 est
1081 1261 1127 1305 in
1153 1262 1285 1316 navi3
1314 1272 1359 1307 et
1383 1263 1447 1306 sic
1474 1263 1584 1306 unio
1613 1265 1792 1306 animae
1819 1273 1864 1306 et
1889 1261 2095 1321 corporis
2126 1274 2220 1306 non

259 1340 377 1373 esset
402 1329 490 1373 nisi
516 1343 596 1388 per
623 1338 888 1373 contactum
913 1329 1105 1383 virtutis,
1133 1329 1188 1372 de
1215 1343 1306 1388 quo
1334 1343 1468 1388 supra
1501 1331 1561 1387 (c.
1595 1330 1767 1389 praec.)
1800 1329 1972 1374 dictum
1998 1336 2076 1374 est.
2143 1336 2146 1341 ’

348 1397 450 1439 Hoc
479 1406 631 1439 autem
658 1396 835 1440 videtur
859 1396 1202 1440 inconveniens.
1229 1396 1495 1441 Secundum
1518 1398 1798 1455 praedictum
1817 1398 1939 1441 enim
1957 1404 2220 1441 contactum

258 1477 353 1507 non
385 1463 433 1507 fit
462 1463 629 1522 aliquid
655 1478 798 1507 unum
816 1462 1094 1522 simpliciter,
1113 1473 1163 1508 ut
1179 1464 1238 1522 (c.
1258 1465 1430 1523 praec.)
1448 1474 1682 1508 ostensum
1701 1474 1782 1508 est.
1801 1463 1866 1508 Ex
1881 1464 2051 1508 unione
2069 1472 2220 1507 autem

260 1531 440 1575 animae
468 1541 512 1575 et
538 1531 744 1590 corporis
770 1531 820 1574 fit
850 1531 1010 1575 homo.
1043 1530 1331 1590 Relinquitur
1362 1532 1500 1589 igitur
1532 1531 1655 1590 quod
1687 1531 1833 1575 homo
1863 1544 1959 1575 non
1990 1531 2048 1575 sit
2077 1543 2221 1574 unum

258 1598 539 1657 simpliciter,
567 1607 612 1642 et
643 1612 722 1656 per
749 1611 1034 1656 consequens
1061 1611 1148 1642 nec
1176 1612 1255 1642 ens
1283 1598 1562 1656 simpliciter,
1589 1598 1668 1642 sed
1695 1612 1774 1642 ens
1800 1610 1880 1657 per
1907 1597 2134 1642 accidens.

347 1665 421 1708 Ad
445 1664 538 1708 hoc
567 1675 722 1708 autem
749 1665 1026 1717 evitandum,
1059 1663 1191 1708 Plato
1218 1665 1372 1724 posuit
1397 1665 1519 1724 quod
1546 1666 1691 1709 homo
1714 1678 1809 1709 non
1831 1665 1888 1709 sit
1909 1663 2078 1724 aliquid
2095 1672 2223 1708 ‘com-

259 1732 461 1791 positum
489 1746 543 1776 ex
570 1733 722 1775 anima
749 1741 794 1775 et
819 1745 1027 1790 corpore,
1054 1731 1133 1775 sed
1159 1731 1283 1790 quod
1309 1731 1407 1790 ipsa
1435 1732 1587 1775 anima
1613 1741 1743 1776 utens
1765 1745 1958 1789 corpore
1980 1731 2038 1782 sit
2051 1730 2219 1775 homo:

258 1799 376 1843 sicut
401 1799 561 1842 Petrus
587 1813 681 1842 non
710 1807 777 1842 est
796 1798 963 1857 aliquid
981 1798 1290 1857 compositum
1315 1813 1368 1842 ex
1386 1799 1590 1853 homine,
1607 1810 1651 1843 et
1668 1798 1952 1852 indumento,
1974 1797 2053 1842 sed
2074 1797 2234 1842 homo-

259 1875 390 1910 utens
421 1865 706 1909 indumento.

349 1932 451 1976 Hoc
479 1942 633 1976 autem
661 1946 758 1975 esse
784 1931 1067 1990 impossibile
1095 1932 1359 1975 ostenditur.
1383 1932 1571 1975 Animal
1593 1932 1717 1976 enim
1734 1941 1778 1976 et
1802 1932 1949 1977 homo
1965 1939 2071 1976 sunt
2090 1939 2223 1991 quae-

261 1999 367 2043 dam
394 1998 637 2052 sensibilia,
670 2008 714 2042 et
739 1999 979 2042 naturalia.
1008 1999 1110 2042 Hoc
1139 2009 1292 2042 autem
1318 2012 1414 2042 non
1441 2009 1571 2052 esset,
1599 2000 1636 2042 si
1664 2012 1844 2057 corpus,
1869 2008 1915 2043 et
1945 1999 2042 2057 ejus
2073 2007 2222 2058 partes

257 2079 352 2110 non
380 2075 531 2110 essent
555 2065 610 2109 de
634 2066 828 2109 essentia
851 2065 1069 2118 hominis,
1099 2073 1142 2108 et
1168 2064 1393 2119 animalis,
1420 2065 1498 2109 sed
1526 2075 1622 2109 tota
1645 2066 1838 2109 essentia
1857 2065 2092 2125 utriusque
2105 2075 2224 2110 esset

260 2134 414 2176 anima
446 2132 698 2176 secundum
729 2132 1007 2191 positionem
1040 2131 1320 2190 praedictam
1354 2134 1414 2190 (c.
1448 2133 1634 2191 praec.).
1668 2132 1838 2176 Anima
1875 2132 1998 2176 enim
2029 2145 2125 2177 non
2156 2142 2224 2177 est

259 2200 428 2258 aliquid
455 2199 683 2252 sensibile,
709 2213 859 2258 neque
885 2198 1135 2242 materiale.
1164 2198 1449 2256 Impossibile
1473 2209 1541 2243 est
1563 2199 1700 2258 igitur
1714 2199 1969 2254 hominem,
1987 2209 2034 2244 et
2053 2198 2224 2244 animal

259 2281 357 2311 esse
385 2267 587 2309 animam
606 2276 812 2310 utentem
839 2279 1047 2324 corpore.
1075 2265 1182 2309 Non
1210 2276 1363 2310 autern
1391 2266 1559 2325 aliquid
1578 2280 1631 2310 ex
1659 2280 1852 2324 corpore
1869 2270 1914 2311 et
1930 2266 2084 2311 anima
2100 2277 2225 2311 com-

259 2334 474 2393 positum.

377 2401 516 2444 Item:
551 2399 835 2459 impossibile
869 2410 937 2444 est
969 2399 1092 2458 quod
1125 2413 1286 2443 eorum
1319 2413 1436 2458 quae
1468 2409 1573 2443 sunt
1610 2399 1786 2443 diversa
1823 2400 2077 2444 secundum
2108 2413 2222 2454 esse,

259 2469 316 2512 sit
342 2467 549 2527 operatio
577 2482 680 2512 una.
703 2468 824 2511 Dico
847 2477 1000 2511 autem
1028 2467 1344 2526 operationem
1371 2481 1524 2521 unam,
1551 2480 1646 2511 non
1673 2481 1727 2511 ex
1753 2477 1879 2526 parte
1906 2469 2003 2526 ejus
2026 2468 2074 2512 in
2099 2467 2223 2528 quod

258 2535 528 2579 terminatur
545 2536 680 2587 actio,
699 2534 777 2578 sed
795 2534 1048 2578 secundum
1066 2534 1188 2592 quod
1207 2533 1434 2592 egreditur
1447 2534 1500 2577 ab
1520 2543 1696 2592 agente.
1710 2534 1844 2578 Multi
1857 2536 1979 2578 enirn
1991 2534 2223 2580 trahentes

258 2602 428 2655 navim,
455 2615 595 2645 unam
625 2602 854 2645 actionem
874 2601 1048 2644 faciunt
1074 2615 1127 2644 ex
1154 2610 1279 2659 parte
1306 2601 1495 2658 operati,
1523 2601 1645 2660 quod
1673 2611 1739 2644 est
1766 2614 1925 2655 unum,
1957 2602 2036 2646 sed
2064 2610 2223 2646 tamen

259 2683 313 2712 ex
354 2678 480 2727 parte
520 2668 798 2712 trahentium
832 2677 935 2711 sunt
967 2667 1138 2711 multae
1172 2668 1389 2721 actiones,
1427 2668 1533 2726 quia
1569 2677 1674 2711 sunt
1710 2667 1877 2712 diversi
1911 2666 2135 2727 impulsus
2167 2667 2224 2712 ad

257 2736 546 2780 trahendum.
575 2735 697 2779 Cum
724 2735 846 2780 enim
876 2737 994 2779 actio
1024 2744 1329 2793 consequatur
1345 2734 1558 2788 formam,
1586 2745 1631 2779 et
1652 2734 1881 2789 virtutem,
1904 2744 2086 2795 oportet
2099 2735 2223 2795 quod

259 2818 454 2863 quorum
477 2813 583 2847 sunt
608 2803 812 2847 diversae
840 2802 1032 2856 formae,
1060 2812 1104 2846 et
1123 2803 1325 2856 virtutes,
1353 2817 1450 2847 esse
1477 2812 1520 2847 et
1539 2803 1742 2847 actiones
1760 2803 1972 2848 diversas.
1997 2802 2225 2856 Quamvis

260 2881 414 2915 autem
442 2869 624 2914 animae
651 2871 707 2915 sit
734 2869 885 2928 aliqua
913 2870 1119 2929 operatio
1146 2869 1343 2929 propria,
1371 2871 1417 2913 in
1449 2884 1539 2928 qua
1570 2883 1664 2914 non
1698 2870 2013 2916 communicat
2042 2875 2224 2931 corpus,

260 2938 378 2982 sicut
402 2937 679 2995 intelligere3
707 2946 810 2981 sunt
835 2935 991 2981 tamen
1014 2936 1193 2995 aliquae
1221 2937 1512 2995 operationes
1539 2950 1812 2981 communes
1837 2936 1921 2981 sibi
1948 2946 1998 2982 'et
2027 2937 2224 2997 corpori,

261 3014 311 3048 ut
334 3006 510 3057 timere,
536 3004 684 3057 irasci,
712 3013 756 3048 et
781 3004 962 3057 sentire,
996 3014 1040 3048 et
1063 3003 1339 3061 hujusmodi.
1360 3003 1486 3047 Haec
1505 3003 1628 3047 enim
1648 3003 1859 3048 accidunt
1874 3003 2127 3050 secundum
2150 3003 2227 3049 ali-

262 3086 401 3132 quam
426 3071 857 3116 transmutationem
885 3064 1081 3129 'alicuius
1108 3070 1436 3115 determinatae
1462 3071 1600 3128 partis
1634 3070 1848 3128 corporis.
1881 3070 1947 3115 Ex
1977 3084 2072 3130 quo
2102 3073 2227 3131 pat'et

263 3139 386 3198 quod
412 3139 548 3182 simul
575 3148 681 3182 sunt.
703 3138 884 3182 animae
911 3148 956 3182 et
982 3138 1186 3196 corporis
1214 3137 1518 3196 operationes.
1541 3137 1739 3196 Oportet
1763 3134 1900 3196 igitur
1925 3151 1980 3183 ex
2006 3137 2159 3196 anima
2181 3147 2226 3182 et

266 3220 458 3265 corpore
485 3220 627 3249 unum
654 3205 765 3258 fieri,
797 3215 840 3248 et
867 3205 988 3264 quod
1014 3218 1108 3248 non
1135 3204 1225 3248 sint
1245 3204 1497 3248 secundum
1525 3218 1623 3248 esse
1650 3205 1839 3249 diversa.

356 3274 472 3316 Huic
502 3282 653 3316 autem
680 3272 845 3316 rationi
871 3272 1125 3316 secundum
1153 3270 1357 3314 Platonis
1384 3272 1654 3315 sententiam
1689 3271 1920 3316 obviatur:
1954 3270 2069 3315 nihil
2101 3271 2223 3315 enim

265 3340 592 3383 inconveniens
620 3349 687 3383 est
713 3338 955 3392 moventis,
983 3348 1027 3382 et
1052 3338 1180 3391 moti,
1199 3339 1405 3396 quamvis
1423 3338 1676 3381 secundum
1695 3352 1793 3383 esse
1811 3338 2109 3392 diversorum,
2125 3350 2224 3383 esse

268 3406 481 3450 eumdem
510 3416 683 3459 actum;
710 3420 819 3449 nam
847 3415 998 3449 motus
1027 3415 1095 3449 est
1119 3405 1241 3448 idem
1270 3405 1390 3463 quod
1418 3415 1543 3449 actus
1571 3406 1812 3459 moventis,
1837 3405 1954 3450 sicut
1978 3418 2004 3448 a
2026 3417 2117 3464 quo
2142 3414 2224 3460 est,

267 3473 381 3516 moti
399 3483 567 3526 autem,
594 3473 710 3516 sicut
735 3473 781 3515 in
809 3486 900 3531 quo
929 3482 1008 3516 est.
1038 3471 1113 3516 Sic
1140 3471 1277 3529 igitur
1304 3470 1435 3515 Plato
1462 3472 1613 3529 posuit
1640 3471 1913 3531 praemissas
1935 3471 2225 3531 operationes

267 3553 366 3583 esse
395 3540 572 3583 animae
600 3539 871 3597 corporique
898 3552 1184 3598 communes,
1211 3547 1260 3582 ut
1284 3537 1496 3587 videlicet
1523 3539 1610 3588 sint
1639 3539 1818 3587 animae
1843 3538 1959 3586 sicut
1983 3539 2224 3599 moventis,

268 3616 313 3652 et
339 3606 542 3666 corporis
569 3605 684 3652 sicut
710 3606 837 3653 moti.
