2332 3854
234 210 346 264 444
919 209 1073 247 LIBER
1113 209 1188 247 111.
1232 208 1352 247 cAP.
1393 209 1487 247 cn.

235 325 375 370 agens
403 310 587 370 aliquod
625 310 991 355 determinatum.
1017 309 1278 368 Requiritur
1305 310 1428 354 enim
1462 323 1603 369 agens
1640 309 1944 355 diversimode
1977 309 2035 354 ad
2068 309 2195 358 redu-

235 378 433 422 cendum
459 381 505 422 in
527 378 756 422 diversum
784 387 961 420 actum:
987 379 1096 420 nam
1118 390 1225 420 cum
1255 379 1332 420 aer
1353 376 1410 420 sit
1433 376 1480 420 in
1507 377 1709 435 potentia
1730 377 1864 435 ignis,
1880 386 1925 421 et
1941 390 2072 436 aqua,
2103 375 2195 421 alio

236 454 398 503 agente
424 444 473 488 fit
499 454 602 488 actu
629 444 759 501 ignis,
787 453 830 486 et
863 442 954 486 alio
988 456 1118 500 aqua.
1153 442 1372 486 Similiter
1405 443 1543 487 etiam
1563 453 1698 502 patet
1730 443 1852 502 quod
1885 443 2076 487 materia
2101 456 2199 487 cor-

234 511 403 570 poralis
430 511 475 554 in
504 521 656 554 actum
684 509 882 567 aliquem
910 508 1160 565 perfectum
1176 523 1270 553 non
1288 509 1516 553 reducitur
1533 524 1559 553 a
1575 509 1676 553 sola
1697 510 1862 553 virtute
1883 507 2197 554 universaliter

236 588 413 636 agente,
440 578 518 621 sed
552 586 731 635 oportet
763 589 860 620 esse
888 575 1071 634 aliquod
1100 590 1239 634 agens
1264 577 1497 635 proprium
1520 590 1599 635 per
1625 576 1747 635 quod
1775 576 2098 633 determinetur
2116 577 2199 620 im-

234 645 408 702 pressio
435 642 702 687 universalis
723 642 900 686 virtutis
927 642 983 686 ad
1006 642 1356 687 determinatum
1381 642 1607 688 effectum.
1626 643 1679 686 In
1703 652 1856 687 actum
1877 653 2033 691 autem
2049 642 2199 696 minus

234 711 484 769 perfectum
502 719 649 768 potest
667 709 820 752 reduci
847 710 1037 753 materia
1064 709 1314 769 corporalis
1335 709 1434 755 sola
1450 711 1614 754 virtute
1635 709 1898 764 universali,
1920 710 2089 769 absque
2103 723 2200 768 par-

234 777 412 821 ticulari
440 786 616 835 agente.
647 775 881 819 Animalia
909 777 1029 820 enim
1063 775 1263 835 perfecta
1288 791 1384 821 non
1410 786 1684 836 generantur
1706 790 1761 820 ex
1785 776 1886 821 sola
1909 777 2073 821 virtute
2099 790 2202 821 coe-

234 843 349 897 lesti,
367 842 445 886 sed
463 843 704 901 requiritur
730 842 1083 887 determinatum
1099 857 1284 899 semem
1309 844 1365 888 ad
1388 844 1734 903 generationem
1759 857 1869 888 vero
1892 838 2199 903 quorumdam

234 910 604 968 imperfectorum
632 910 900 954 animalium
927 910 1026 955 sola
1051 912 1192 955 virtus
1220 911 1430 956 coelestis
1463 910 1628 955 sufficit
1653 911 1750 955 sine
1776 911 1966 956 semine.
1998 909 2199 955 Effectus

234 978 369 1036 igitur
395 978 471 1036 qui
492 978 538 1021 in
564 977 635 1020 his
662 977 950 1022 inferioribus
977 977 1103 1032 fiunt,
1130 978 1168 1022 si
1194 977 1283 1022 sint
1307 978 1402 1022 nati
1427 977 1525 1022 fieri
1551 993 1577 1022 a
1603 977 1751 1022 causis
1773 977 2080 1036 superioribus
2102 977 2200 1021 uni-

234 1044 497 1099 versalibus,
531 1045 627 1088 sine
650 1044 915 1103 operatione
949 1059 1188 1089 causarum
1215 1044 1557 1104 particularium
1588 1043 1875 1100 inferiorum,
1899 1058 1995 1089 non
2021 1053 2090 1089 est
2118 1044 2200 1087 mi-

235 1111 443 1155 raculum
470 1111 507 1156 si
532 1111 597 1155 sic
624 1110 749 1165 fiant,
775 1112 891 1155 sicut
906 1126 1000 1155 non
1018 1122 1085 1156 est
1101 1111 1375 1155 miraculum
1403 1112 1525 1170 quod
1552 1111 1768 1155 animalia
1794 1125 1850 1156 ex
1870 1109 2199 1170 putrefactione

235 1179 330 1222 sine
357 1178 529 1222 semine
555 1188 813 1222 nascantur.
849 1178 899 1222 Si
931 1188 1084 1223 autern
1115 1193 1210 1223 non
1244 1178 1333 1223 sint
1363 1179 1460 1223 nati
1490 1178 1587 1222 fieri
1619 1192 1697 1236 per
1729 1177 1853 1222 solas
1887 1191 2047 1222 causas
2072 1190 2202 1236 supe·

234 1246 391 1299 riores,
416 1245 703 1304 requiruntur
730 1245 783 1288 ad
811 1259 972 1290 eorum
1005 1244 1397 1304 complementum
1431 1259 1596 1289 causae
1621 1243 1860 1288 inferiores
1889 1242 2200 1303 particulares.

238 1313 358 1356 Cum
386 1322 538 1356 autem
563 1312 723 1370 aliquis
741 1310 929 1356 effectus
956 1312 1221 1370 producitur
1248 1313 1301 1356 ab
1331 1312 1481 1371 aliqua
1504 1326 1641 1356 causa
1659 1310 1882 1370 superiori
1899 1309 2202 1355 mediantibus

234 1379 426 1438 propriis
452 1379 697 1438 principiis,
723 1393 818 1423 non
846 1389 913 1423 est
938 1378 1226 1423 miraculum.
1249 1378 1391 1423 Nullo
1409 1379 1544 1438 igitur
1566 1378 1708 1422 modo
1724 1378 1890 1422 virtute
1915 1377 2200 1437 superiorum

237 1456 545 1491 creaturarum
568 1445 718 1505 aliqua
744 1446 964 1490 miracula
989 1445 1088 1491 fieri
1111 1455 1314 1504 possunt.

322 1512 557 1572 Amplius:
586 1514 790 1571 ejusdem
815 1514 1002 1557 rationis
1031 1527 1128 1557 esse
1144 1513 1322 1557 videtur
1338 1513 1460 1572 quod
1484 1511 1652 1575 aliquid
1675 1521 1885 1572 operetur
1902 1525 1957 1555 ex
1973 1510 2196 1570 subjecto,

238 1590 282 1624 et
309 1580 430 1638 quod
458 1589 668 1638 operetur
690 1579 735 1623 id
763 1579 819 1623 ad
846 1580 968 1638 quod
995 1589 1066 1623 est
1083 1580 1130 1623 in
1156 1579 1360 1638 potentia
1386 1579 1655 1637 subjectum,
1673 1588 1716 1623 et
1732 1577 1856 1637 quod
1872 1577 2077 1622 ordinate
2094 1591 2198 1638 ope-

237 1657 359 1690 ratur
384 1662 463 1705 per
495 1647 794 1691 determinata
819 1647 984 1691 media.
1012 1647 1135 1691 Nam
1161 1647 1414 1705 subjectum
1440 1660 1534 1690 non
1560 1645 1610 1690 fit
1634 1646 1681 1689 in
1713 1645 1969 1704 propinqua
1994 1645 2198 1704 potentia

239 1713 294 1757 ad
320 1713 547 1769 ultimum,
570 1715 655 1758 nisi
683 1728 789 1757 cum
814 1713 948 1758 fuerit
975 1724 1076 1758 actu
1103 1714 1150 1757 in
1173 1713 1342 1766 medio,
1370 1713 1486 1757 sicut
1512 1713 1637 1756 cibus
1662 1726 1757 1756 non
1783 1722 1850 1756 est
1875 1712 2028 1756 statim
2049 1711 2096 1755 in
2118 1722 2212 1770 po-*

236 1780 378 1824 tentia
405 1794 526 1834 caro,
553 1780 630 1824 sed
659 1794 765 1824 cum
791 1779 924 1824 fuerit
951 1794 1197 1824 conversus
1222 1781 1270 1824 in
1291 1779 1576 1839 sanguinem.
1606 1779 1773 1824 Omnis
1805 1788 1958 1823 autem
1990 1788 2195 1823 creatura

237 1860 426 1891 necesse
451 1847 590 1891 habet
614 1848 678 1891 uti
705 1847 909 1905 subjecto
937 1848 992 1891 ad
1015 1848 1105 1891 hoc
1133 1847 1254 1906 quod
1281 1846 1450 1905 aliquid
1475 1845 1640 1900 faciat3
1666 1859 1752 1890 nec
1774 1854 1923 1904 potest
1941 1844 2092 1890 facere
2110 1845 2200 1890 nisi

240 1914 295 1958 ad
322 1914 444 1972 quod
472 1914 726 1971 subjectum
761 1924 828 1958 est
858 1914 906 1959 in
936 1914 1154 1973 potentia,
1187 1923 1236 1958 ut
1267 1924 1503 1958 ostensum
1541 1922 1608 1957 est
1641 1913 1763 1971 (Lib.
1787 1911 1845 1956 11.
1873 1925 1911 1957 c.
1942 1910 2052 1969 21.).
2075 1911 2199 1970 Ergo

237 1995 331 2025 non
358 1990 508 2038 potest
531 1979 682 2024 facere
710 1979 894 2039 aliquid,
926 1981 1014 2024 nisi
1045 1981 1300 2038 subjectum
1336 1980 1522 2024 reducat
1546 1979 1593 2023 in
1621 1989 1773 2023 actum
1798 1993 1878 2038 per
1902 1977 2202 2027 determinata

238 2048 402 2091 media.
422 2047 645 2091 Miracula
670 2047 819 2106 igitur,
847 2062 962 2106 quae
988 2047 1102 2091 fiunt
1123 2062 1177 2091 ex
1194 2047 1284 2091 hoc
1307 2047 1429 2106 quod
1448 2046 1608 2106 aliquis
1626 2046 1813 2090 effectus
1830 2045 2093 2104 producitur
2106 2059 2202 2091 non

236 2114 317 2159 illo
344 2115 500 2159 ordine
526 2129 618 2174 quo
644 2115 909 2159 naturaliter
940 2114 1037 2159 fieri
1062 2125 1226 2174 potest,
1253 2115 1417 2159 virtute
1444 2125 1676 2158 creaturae
1703 2113 1803 2158 fieri
1822 2126 1917 2157 non
1948 2121 2149 2172 possunt.

328 2182 518 2226 Adhuc:
538 2182 654 2225 inter
672 2182 847 2240 species
869 2191 1022 2226 motus
1046 2181 1159 2226 ordo
1178 2181 1364 2240 quidam
1381 2180 1598 2224 naturalis
1618 2180 1873 2225 attenditur.
1889 2179 2010 2224 Nam
2028 2179 2200 2238 primus

237 2259 449 2293 motuum
475 2259 542 2293 est
567 2258 720 2293 motus
746 2247 921 2303 localis,
943 2249 1063 2293 unde
1096 2258 1142 2292 et
1167 2262 1305 2292 causa
1332 2247 1526 2292 aliorum
1553 2247 1737 2292 exsistit.
1764 2247 1971 2292 Primum
1996 2246 2121 2291 enim
2151 2246 2200 2290 in

238 2316 441 2375 quolibet
466 2329 632 2374 genere
666 2329 803 2359 causa
838 2315 1065 2359 invenitur
1098 2329 1260 2360 eorum
1296 2329 1413 2373 quae
1448 2315 1494 2358 in
1529 2314 1610 2358 illo
1647 2327 1815 2372 genere
1843 2316 2200 2374 consequuntur.

241 2383 406 2427 Omnis
433 2391 584 2426 autem
612 2381 800 2426 effectus
826 2382 904 2440 qui
927 2382 974 2425 in
1005 2382 1077 2426 his
1103 2382 1392 2426 interioribus
1418 2381 1698 2440 producitur,
1730 2395 1808 2439 per
1842 2380 2043 2440 aliquam
2067 2394 2201 2439 gene-

238 2450 478 2503 rationem,
514 2448 589 2492 vel
625 2448 944 2493 alterationem
979 2462 1167 2493 necesse
1195 2458 1263 2493 est
1288 2458 1338 2492 ut
1368 2448 1656 2508 producatur.
1686 2447 1884 2506 Oportet
1912 2447 2048 2506 igitur
2078 2447 2200 2506 quod

238 2530 317 2575 per
343 2515 512 2574 aliquid
538 2514 747 2559 localiter
772 2526 953 2559 motum
976 2516 1068 2560 hoc
1095 2515 1347 2574 proveniat,
1374 2515 1412 2559 si
1437 2514 1515 2559 fiat
1541 2515 1595 2558 ab
1624 2514 1776 2573 aliquo
1805 2523 1968 2572 agente
1993 2515 2201 2572 incorpo-

238 2583 336 2637 rali,
370 2581 492 2641 quod
517 2583 700 2641 proprie
731 2581 939 2627 localiter
965 2583 1142 2626 moveri
1181 2596 1276 2626 non
1307 2583 1464 2641 possit.
1497 2581 1696 2626 Effectus
1728 2591 1881 2625 autem
1914 2580 1991 2640 qui
2030 2580 2145 2626 fiunt
2175 2594 2202 2624 a

240 2650 498 2694 substantiis
531 2650 814 2708 incorporeis
840 2663 919 2708 per
946 2663 1167 2707 corporea
1193 2649 1494 2693 instrumenta
1525 2663 1620 2693 non
1654 2658 1759 2692 sunt
1789 2647 2076 2693 miraculosi:
2107 2661 2203 2692 cor-

239 2731 349 2775 pora
376 2717 499 2761 enim
524 2731 618 2760 non
646 2726 890 2775 operantur
920 2716 1007 2760 nisi
1030 2716 1307 2760 naturaliter.
1334 2715 1441 2760 Non
1468 2718 1604 2774 igitur
1629 2715 1904 2759 substantiae
1935 2724 2114 2759 creatae
2138 2714 2202 2758 in-
2251 2755 2253 2757 .
2303 2694 2332 2759 ,Η

240 2798 488 2843 corporeae
517 2793 708 2848 possunt
741 2783 892 2843 aliqua
924 2783 1144 2827 miracula
1175 2782 1327 2832 facere
1364 2785 1546 2842 propria
1581 2782 1759 2839 virtute,
1796 2791 1842 2826 et
1872 2780 2018 2826 multo
2050 2780 2201 2829 minus

239 2852 514 2896 substantiae
538 2865 800 2910 corporeae,
825 2850 1185 2909 quarumomnis
1208 2850 1328 2894 actio
1355 2849 1572 2894 naturalis
1596 2858 1676 2894 est.
1703 2848 1855 2893 Solius
1876 2848 2014 2907 igitur
2027 2847 2117 2892 Dei
2132 2857 2203 2893 est

240 2918 460 2962 miracula
480 2918 653 2963 facere:
681 2918 777 2977 ipse
802 2919 922 2962 enim
941 2927 1009 2962 est
1025 2918 1229 2977 superior
1247 2918 1405 2962 ordine
1425 2932 1515 2975 quo
1534 2917 1744 2960 universa
1762 2915 2065 2970 continentur,
2085 2915 2202 2960 sicut

241 3000 266 3029 a
293 2987 418 3043 cujus
445 2985 728 3044 providentia
754 2995 876 3029 totus
908 2985 984 3028 hic
1017 2985 1131 3028 ordo
1158 2984 1269 3028 fluit.
1303 2984 1410 3042 Ejus
1438 2985 1576 3028 etiam
1603 2985 1757 3037 virtus,
1783 2996 1890 3027 cum
1920 2982 1978 3026 sit
2008 2983 2200 3027 omnino

239 3053 426 3107 infinita,
444 3067 538 3097 non
564 3053 889 3098 determinatur
907 3052 963 3096 ad
992 3051 1192 3111 aliquem
1210 3050 1459 3111 specialem
1486 3051 1715 3105 effectum,
1731 3063 1880 3109 neque
1894 3049 1954 3095 'ad
1969 3048 2060 3094 hoc
2077 3049 2199 3109 quod

241 3118 426 3164 effectus
452 3120 591 3179 ipsius
619 3120 895 3179 producatur
922 3119 1075 3177 aliquo
1100 3118 1402 3163 determinato
1426 3118 1567 3162 modo
1593 3117 1667 3162 vel
1693 3117 1865 3161 ordine.
1900 3142 1905 3147 ·

330 3187 447 3231 Hinc
461 3187 660 3246 estquod
672 3186 814 3245 (Psal.
830 3185 1063 3230 CXXXV.
1076 3185 1140 3243 4.)
1165 3185 1328 3230 dicitur
1350 3184 1405 3229 de
1422 3185 1552 3229 Deo:
1578 3185 1667 3242 Qui
1672 3184 1787 3244 facit
1803 3183 2021 3233 mirabilia
2044 3194 2198 3242 mgna

240 3255 358 3299 solus.
1590 3264 1594 3267 '
