2332 3854
192 192 299 259 462
865 203 1019 242 LIBER
1059 204 1135 241 111.
1178 203 1298 241 CAP.
1341 202 1490 241 exin.

191 306 303 360 visa,
334 320 430 351 non
455 306 609 350 solum
635 316 817 365 propter
850 305 1065 364 speciem,
1092 314 1141 350 ut
1173 304 1287 349 aliae
1321 304 1634 364 corruptibiles
1659 316 1906 367 creaturae,
1949 307 2053 366 quia
2082 307 2148 361 in-

190 373 425 418 dividuum
466 373 589 432 quod
615 373 891 431 gubernatur
916 371 1067 415 solum
1099 380 1284 430 propter
1309 373 1512 430 speciem
1535 386 1630 416 non
1656 373 1931 431 gubernatur
1961 383 2148 433 propter

190 441 415 499 seipsum3
440 450 644 484 creatura
672 449 826 483 autem
851 437 1085 486 rationalis
1117 446 1301 496 propter
1325 437 1519 497 seipsam
1546 439 1836 497 gubernatur,
1863 449 1912 484 ut
1937 453 1991 484 ex
2016 440 2149 486 dictis

190 506 482 551 manifestum
518 516 597 549 est.
627 505 701 548 Sic
734 505 871 562 igitur
897 503 1024 548 solae
1051 503 1294 549 rationales
1324 515 1557 549 creaturae
1585 505 1886 550 directionem
1916 520 1943 551 a
1963 506 2148 552 Deoad

190 587 300 618 suos
333 583 458 616 actus
487 571 728 630 accipiunt,
754 585 850 614 non
875 570 1030 614 solum
1060 564 1245 630 pr'opter
1265 572 1481 631 speciem,
1507 572 1587 617 sed
1609 573 1748 629 etiarn
1766 573 2019 618 secundum
2038 573 2150 620 indi-

192 642 395 686 viduum.
2124 678 2131 684 .

281 707 470 751 Adhuc:
503 718 820 763 quaecumque
842 703 1140 749 directionem
1157 705 1362 753 habent
1350 720 1410 749 m
1421 707 1512 750 suis
1535 705 1706 750 actibus
1725 705 1878 751 solum
1898 678 2151 758 secundum

193 774 316 833 quod
343 773 535 832 pertinet
566 771 622 815 ad
655 771 872 847 speciem,
903 785 998 815 non
1021 781 1088 816 est
1112 773 1160 816 in
1184 772 1281 818 istis
1305 786 1438 831 agere
1459 772 1535 817 vel
1555 787 1650 817 non
1683 787 1846 831 agere;
1869 783 1996 833 quae
2027 775 2152 823 enim

195 848 535 898 consequuntur
561 837 762 897 speciem
788 849 892 882 sunt
924 838 1192 883 communia
1223 849 1268 883 et
1299 839 1523 883 naturalia
1555 839 1766 884 omnibus
1795 839 2038 886 individuis
2068 841 2150 888 sub

195 907 346 965 specie
374 905 624 959 contentis;
657 904 882 948 naturalia
899 915 1052 950 autem
1069 920 1165 950 non
1191 915 1296 950 sunt
1320 906 1367 949 in
1389 906 1536 950 nobis.
1563 906 1611 950 Si
1633 906 1770 965 igitur
1793 906 1940 955 homo
1965 907 2153 953 haberet

197 973 495 1017 directionem
527 972 574 1015 in
605 971 697 1015 suis
726 972 900 1015 actibus
917 968 1070 1015 solum
1087 973 1340 1016 secundum
1359 974 1706 1031 congruentiam
1723 973 1907 1032 speciei,
1923 988 2018 1019 non
2035 983 2153 1020 esset

193 1041 240 1084 in
272 1041 371 1098 ipso
406 1052 541 1096 agere
571 1037 645 1082 vel
675 1052 770 1081 non
798 1052 948 1096 agere,
974 1039 1053 1082 sed
1086 1049 1317 1098 oporteret
1348 1040 1470 1098 quod
1512 1049 1775 1098 sequeretur
1805 1039 2152 1087 inclinationem

193 1106 448 1151 naturalem
480 1104 566 1148 toti
591 1105 760 1162 speciei
793 1118 1108 1159 communem,
1150 1115 1199 1150 ut
1231 1106 1455 1164 contingit
1486 1108 1532 1150 in
1574 1103 1786 1151 omnibus
1817 1106 2152 1163 irrationalibus

195 1173 429 1217 creaturis.
455 1170 750 1215 Manifestum
783 1181 851 1216 est
865 1172 1004 1230 igitur
1036 1172 1158 1231 quod
1175 1172 1420 1216 rationales
1447 1183 1679 1217 creaturae
1698 1183 1825 1217 actus
1849 1173 2150 1231 directionem

194 1240 378 1293 habent,
409 1253 504 1283 non
537 1237 688 1282 solum
715 1239 968 1283 secundum
1000 1239 1218 1298 speciem,
1251 1239 1328 1283 sed
1362 1239 1499 1283 etiam
1525 1239 1776 1283 secundum
1806 1239 2109 1286 individuum.

282 1306 518 1364 Amplius:
553 1306 671 1349 sicut
697 1319 832 1364 supra
860 1306 921 1362 (c.
949 1305 1041 1363 76.)
1070 1316 1305 1350 ostensum
1323 1316 1404 1359 est,
1427 1305 1578 1349 divina
1603 1306 1889 1364 providentia
1914 1306 1970 1351 ad
1996 1307 2153 1354 omnia

192 1373 438 1432 singularia
470 1387 519 1416 se
553 1372 765 1426 extendit,
814 1372 953 1416 etiarn
987 1372 1195 1416 minima.
1230 1372 1610 1430 Quibuscumque
1659 1372 1797 1431 igitur
1837 1383 1943 1419 sunt
1973 1372 2152 1434 aliquae

196 1441 398 1484 actiones
430 1448 606 1497 praeter
632 1437 980 1482 inclinationem
1005 1440 1186 1497 speciei,
1220 1449 1400 1498 oportet
1433 1439 1554 1497 quod
1588 1453 1666 1497 per
1693 1439 1894 1485 divinam
1920 1440 2156 1498 providen-

194 1507 306 1550 tiam
333 1505 595 1564 regulentur
610 1505 656 1548 in
679 1506 770 1549 suis
793 1506 966 1550 actibus
984 1515 1160 1564 praeter
1187 1505 1486 1550 directionem
1513 1520 1628 1564 quae
1650 1505 1845 1564 pertinet
1860 1505 1916 1553 ad
1937 1507 2153 1566 speciem.

205 1574 295 1617 Sed
327 1573 374 1616 in
406 1571 619 1617 rationali
651 1582 855 1617 creatura
883 1583 1099 1631 apparent
1125 1572 1297 1616 multae
1325 1573 1622 1617 actiones-ad·
1642 1587 1754 1631 quas
1785 1587 1880 1617 non
1901 1573 2068 1619 sufficit
2086 1574 2172 1633 ine'

197 1640 384 1684 clinatio
417 1640 608 1698 speciei3
641 1640 769 1697 cujus
805 1639 990 1698 signum
1026 1650 1093 1684 est
1125 1639 1248 1698 quod
1273 1654 1369 1684 non
1395 1639 1567 1684 similes
1601 1650 1706 1684 sunt
1736 1641 1782 1684 in
1815 1641 2043 1696 omnibus,
2073 1641 2153 1689 sed

197 1708 350 1751 variae
378 1708 424 1750 in
456 1706 657 1750 diversis.
702 1706 900 1763 Oportet
931 1707 1067 1765 igitur
1093 1706 1215 1765 quod
1242 1705 1475 1750 rationalis
1509 1704 1714 1750 creatura
1747 1706 1966 1766 dirigatur
1991 1721 2018 1751 a
2047 1708 2152 1754 Deo
2211 1739 2216 1741 >

193 1774 248 1819 ad
266 1789 374 1819 suos
395 1784 534 1831 actus,
552 1787 646 1817 non
663 1772 815 1818 solum
833 1773 1086 1817 secundum
1103 1773 1319 1833 speciem,
1332 1773 1411 1818 sed
1431 1773 1569 1817 etiam
1586 1773 1836 1818 secundum
1853 1773 2152 1828 individuum,

279 1842 419 1885 Item:
454 1841 580 1884 Deus
622 1840 866 1898 unicuique
895 1850 1082 1884 naturae
1114 1840 1312 1898 providit
1342 1840 1595 1884 secundum
1637 1840 1778 1899 ipsius
1819 1841 2147 1901 capacitatem3

145 1965 148 1967 ι
193 1907 307 1952 tales
335 1908 456 1951 enim
498 1906 699 1965 singulas
728 1917 955 1950 creaturas
998 1907 1216 1959 condidit,
1249 1906 1405 1965 quales
1439 1916 1565 1965 aptas
1608 1920 1708 1951 esse
1740 1909 1974 1966 cognovit,
2004 1917 2055 1958 ut
2068 1922 2148 1968 per

193 1989 324 2019 suam
359 1974 738 2032 gubernationem
771 1973 1059 2031 pervenirent
1090 1973 1146 2017 ad
1172 1973 1326 2016 finem.
1361 1972 1472 2016 Sola
1499 1983 1651 2017 autem
1686 1984 1892 2018 creatura
1916 1973 2152 2021 rationalis

195 2052 264 2086 est
285 2055 428 2100 capax
454 2040 714 2084 directionis
736 2055 825 2099 qua
858 2040 1064 2098 dirigitur
1091 2040 1148 2083 ad
1179 2054 1286 2084 suos
1319 2050 1462 2093 actuS,
1484 2053 1579 2083 non
1602 2038 1753 2084 solum
1775 2041 2028 2085 secundum
2057 2055 2155 2101 spe-

194 2108 328 2163 ciem,
360 2107 439 2152 sed
462 2107 599 2151 etiam
621 2106 875 2151 secundum
896 2107 1207 2161 individuum3
1229 2106 1367 2151 habet
1389 2107 1511 2150 enim
1537 2106 1821 2151 intellectum
1847 2118 1892 2153 et
1910 2107 2154 2164 rationem,

193 2175 313 2219 unde
347 2175 580 2234 percipere
606 2174 750 2233 possit
782 2174 1018 2232 quomodo
1047 2173 1352 2218 diversimode
1379 2173 1436 2218 sit
1469 2172 1637 2232 aliquid
1667 2173 1843 2218 bonum
1867 2174 1942 2221 vel
1962 2174 2153 2234 malum,

189 2242 444 2286 secundum
475 2241 598 2300 quod
632 2241 844 2299 congruit
865 2240 1052 2285 diversis
1074 2240 1332 2294 individuis,
1353 2241 1650 2299 temporibus,
1670 2251 1714 2285 et
1734 2240 1862 2296 locis.
1877 2241 1994 2287 Sola
2013 2242 2171 2303 igitur?

192 2320 396 2354 creatura
429 2308 663 2353 rationalis
689 2308 896 2366 dirigitur
925 2322 950 2350 a
975 2308 1078 2351 Deo
1107 2307 1162 2351 ad
1188 2321 1296 2351 suos
1320 2317 1461 2362 actus,
1483 2321 1578 2351 non
1604 2307 1756 2352 solum
1777 2308 2030 2355 secundum
2051 2323 2152 2370 spe-

192 2379 327 2431 ciem,
360 2376 439 2421 sed
466 2376 606 2420 etiam
638 2375 892 2419 secundum
917 2374 1216 2419 individuum.

280 2444 542 2487 Praeterea.
577 2451 783 2486 creatura
814 2440 1048 2486 rationalis
1090 2441 1153 2486 sic
1187 2441 1364 2485 divinae
1413 2441 1722 2500 providentiae
1765 2408 1983 2501 subiacet,
2030 2443 2154 2504 quod
2208 2435 2225 2484 ’.
2268 2434 2332 2507 {314

190 2525 286 2556 non
313 2510 464 2555 solum
492 2510 544 2554 ab
573 2523 627 2553 ea
649 2509 938 2568 gubernatur,
962 2508 1042 2552 sed
1059 2508 1197 2552 etiam
1224 2508 1450 2552 rationem
1471 2508 1785 2567 providentiae
1811 2519 2059 2570 utcumque
2081 2524 2155 2557 co-

193 2591 414 2636 gnoscere
431 2586 604 2635 potest3
638 2576 758 2619 unde
784 2575 869 2618 sibi
893 2575 1112 2633 competit
1138 2575 1274 2618 etiam
1298 2574 1396 2619 aliis
1429 2575 1764 2633 providentiam
1791 2586 1836 2621 et
1867 2577 2154 2636 gubernatio-

191 2659 299 2689 nem
332 2644 567 2698 exhibere3
596 2643 718 2702 quod
743 2656 838 2686 non
866 2642 1091 2699 contingit
1130 2642 1177 2685 in
1222 2643 1380 2687 ceteris
1414 2642 1644 2696 creaturis,
1678 2657 1794 2701 quae
1820 2642 1971 2688 solum
2001 2645 2169 2704 provi·-

193 2712 395 2757 dentiam
422 2711 692 2771 participant
713 2710 759 2753 in
779 2719 999 2768 quantum
1017 2709 1327 2767 providentiae
1346 2709 1607 2754 subduntur.
1626 2709 1713 2753 Per
1738 2710 1828 2754 hoc
1857 2720 2011 2755 autem
2027 2711 2151 2771 quod

194 2779 356 2838 aliquis
382 2774 654 2822 vfacultatem
696 2776 963 2836 providendi
1009 2775 1159 2829 habet,
1192 2785 1341 2835 potest
1383 2776 1522 2820 etiam
1564 2790 1670 2821 suos
1715 2787 1841 2822 actus
1884 2778 2077 2838 dirigere
2108 2789 2154 2824 et

194 2848 460 2906 gubernare.
488 2844 736 2903 Participat
768 2843 903 2902 igitur
939 2842 1174 2887 rationalis
1207 2853 1412 2886 creatura
1446 2842 1646 2886 divinam
1678 2843 2026 2902 providentiam,
2057 2860 2152 2892 non

192 2914 345 2974 solum
366 2913 621 2958 secundum
645 2910 901 2969 gubernari,
929 2909 1007 2954 sed
1037 2909 1175 2953 etiam
1201 2909 1453 2954 secundum
1484 2910 1736 2968 gubernare
1746 2927 1759 2966 3
1787 2911 2009 2973 gubernat
2027 2914 2152 2961 enim

193 2995 241 3026 se
274 2983 366 3025 suis
400 2979 573 3024 actibus
614 2978 822 3038 propriis,
856 2988 899 3022 et
932 2977 1069 3022 etiam
1103 2976 1205 3021 alia.
1245 2977 1411 3037 Omnis
1447 2987 1600 3022 autem
1641 2977 1829 3024 inferior
1867 2980 2152 3040 providentia

193 3049 372 3092 divinae
399 3045 711 3106 providentiae
739 3045 942 3090 subditur
960 3043 1089 3104 quasi
1105 3057 1358 3103 supremae.
1395 3043 1676 3090 Gubernatio
1708 3044 1846 3105 igitur
1872 3056 2058 3092 actuum
2082 3054 2150 3093 ra·

191 3115 375 3160 tionalis
409 3123 655 3167 creaturae,
687 3112 734 3156 in
768 3122 990 3186 quantum
1016 3121 1120 3155 sunt
1146 3120 1272 3155 actus
1304 3109 1582 3170 personales,
1604 3110 1661 3156 ad
1689 3111 1889 3158 divinam
1910 3114 2150 3174 providen-

191 3183 303 3227 tiam
336 3181 542 3241 pertinet.

281 3250 422 3294 Item:
458 3257 584 3292 actus
618 3245 880 3306 personales
908 3244 1142 3290 rationalis
1169 3253 1402 3289 creaturae
1429 3255 1534 3290 sunt
1565 3246 1745 3305 proprie
1776 3256 1905 3293 actus
1939 3247 2017 3307 qui
2046 3256 2151 3309 οιιμ

194 3317 247 3360 ab
282 3316 434 3360 anima
467 3313 693 3358 rationali.
720 3313 889 3358 Anima
917 3322 1069 3356 autem
1102 3310 1336 3356 rationalis
1372 3326 1466 3356 non
1493 3312 1643 3357 solum
1670 3313 1923 3360 secundum
1947 3328 2149 3375 specim

193 3393 261 3428 est
292 3381 602 3442 perpetuitatis
635 3395 792 3440 capax,
825 3380 942 3424 sicut
974 3378 1090 3423 aliae
1133 3389 1383 3433 creaturae,
1424 3379 1503 3424 sed
1531 3379 1669 3424 etiam
1699 3380 1976 3436 secundum.
1992 3380 2150 3429 indivi-

194 3450 350 3494 duum
382 3448 526 3492 Actus
553 3461 664 3506 ergo
691 3445 926 3491 ratibnalis
949 3456 1183 3491 creaturae
1217 3460 1242 3489 a
1275 3445 1427 3490 divina
1458 3447 1745 3506 providentia
1765 3447 2032 3515 ἀὴὶἕψῃς,
2051 3461 2147 3494 non

193 3515 343 3561 solum
372 3529 425 3560 ea
457 3515 633 3559 ratione
656 3528 744 3574 qua
769 3514 824 3558 ad
851 3513 1053 3573 speciem
1075 3513 1315 3572 pertinent,
1342 3512 1420 3557 sed
1448 3513 1587 3559 etiarn
1607 3513 1655 3558 in
1681 3523 1901 3574 quantum
1917 3523 2031 3571 ξιιμ
2052 3527 2148 3575 per-

194 3582 375 3629 sonales
409 3592 550 3627 actus.
