<?xml version="1.0" encoding="UTF-8"?>
<!DOCTYPE html PUBLIC "-//W3C//DTD XHTML 1.0 Transitional//EN"
    "http://www.w3.org/TR/xhtml1/DTD/xhtml1-transitional.dtd">
<html xmlns="http://www.w3.org/1999/xhtml" xml:lang="en" lang="en">
 <head>
  <title>
</title>
<meta http-equiv="Content-Type" content="text/html;charset=utf-8" />
  <meta name='ocr-system' content='tesseract 3.04.00' />
  <meta name='ocr-capabilities' content='ocr_page ocr_carea ocr_par ocr_line ocrx_word'/>
</head>
<body>
  <div class='ocr_page' id='page_1' title='image "./divithomaeaquina00thom_0698.png"; bbox 0 0 2294 3854; ppageno 0'>
   <div class='ocr_carea' id='block_1_1' title="bbox 270 195 1569 248">
    <p class='ocr_par' dir='ltr' id='par_1_1' title="bbox 270 195 1569 248">
     <span class='ocr_line' id='line_1_1' title="bbox 270 195 1569 248; baseline -0.005 0"><span class='ocrx_word' id='word_1_1' title='bbox 270 195 403 248; x_wconf 53' lang='lat'><strong>686⁴</strong></span> <span class='ocrx_word' id='word_1_2' title='bbox 911 206 1066 243; x_wconf 81' lang='lat' dir='ltr'>LIBER</span> <span class='ocrx_word' id='word_1_3' title='bbox 1104 205 1176 242; x_wconf 80' lang='grc' dir='ltr'>ιν.</span> <span class='ocrx_word' id='word_1_4' title='bbox 1219 204 1340 242; x_wconf 85' lang='lat' dir='ltr'>CAP.</span> <span class='ocrx_word' id='word_1_5' title='bbox 1382 203 1569 242; x_wconf 77' lang='lat' dir='ltr'>Lxxxx.</span> 
     </span>
    </p>
   </div>
   <div class='ocr_carea' id='block_1_2' title="bbox 266 303 2294 2119">
    <p class='ocr_par' dir='ltr' id='par_1_2' title="bbox 266 303 2290 697">
     <span class='ocr_line' id='line_1_2' title="bbox 267 303 2286 364; baseline -0.002 -13"><span class='ocrx_word' id='word_1_6' title='bbox 267 309 312 351; x_wconf 90' lang='lat' dir='ltr'>in</span> <span class='ocrx_word' id='word_1_7' title='bbox 338 308 427 351; x_wconf 88' lang='lat' dir='ltr'>fine</span> <span class='ocrx_word' id='word_1_8' title='bbox 454 306 624 351; x_wconf 89' lang='lat' dir='ltr'>saeculi</span> <span class='ocrx_word' id='word_1_9' title='bbox 642 319 988 364; x_wconf 87' lang='lat' dir='ltr'>consequemur,</span> <span class='ocrx_word' id='word_1_10' title='bbox 1006 305 1189 363; x_wconf 89' lang='lat' dir='ltr'>quando</span> <span class='ocrx_word' id='word_1_11' title='bbox 1207 318 1370 348; x_wconf 88' lang='lat' dir='ltr'>omnes</span> <span class='ocrx_word' id='word_1_12' title='bbox 1386 318 1466 362; x_wconf 89' lang='lat' dir='ltr'>per</span> <span class='ocrx_word' id='word_1_13' title='bbox 1484 303 1656 349; x_wconf 86' lang='lat' dir='ltr'><strong>Christi</strong></span> <span class='ocrx_word' id='word_1_14' title='bbox 1671 305 1885 349; x_wconf 87' lang='lat' dir='ltr'>virtutem</span> <span class='ocrx_word' id='word_1_15' title='bbox 1901 318 2222 364; x_wconf 54' lang='lat' dir='ltr'>resurgemusg‘</span> <span class='ocrx_word' id='word_1_16' title='bbox 2263 309 2286 361; x_wconf 68' lang='grc' dir='ltr'><em>ζ</em></span> 
     </span>
     <span class='ocr_line' id='line_1_3' title="bbox 268 370 2290 435; baseline 0.001 -18"><span class='ocrx_word' id='word_1_17' title='bbox 268 375 387 418; x_wconf 87' lang='lat' dir='ltr'>unde</span> <span class='ocrx_word' id='word_1_18' title='bbox 415 373 524 417; x_wconf 88' lang='lat' dir='ltr'>dicit</span> <span class='ocrx_word' id='word_1_19' title='bbox 550 371 799 431; x_wconf 90' lang='lat' dir='ltr'>Apostolus</span> <span class='ocrx_word' id='word_1_20' title='bbox 829 372 880 427; x_wconf 94' lang='lat' dir='ltr'>(I.</span> <span class='ocrx_word' id='word_1_21' title='bbox 913 371 1021 415; x_wconf 88' lang='lat' dir='ltr'>Cor.</span> <span class='ocrx_word' id='word_1_22' title='bbox 1042 370 1142 414; x_wconf 89' lang='lat' dir='ltr'>XV.</span> <span class='ocrx_word' id='word_1_23' title='bbox 1165 371 1277 427; x_wconf 90' lang='lat'>12.):</span> <span class='ocrx_word' id='word_1_24' title='bbox 1305 371 1350 415; x_wconf 85' lang='lat' dir='ltr'>Si</span> <span class='ocrx_word' id='word_1_25' title='bbox 1380 371 1568 419; x_wconf 80' lang='lat' dir='ltr'>Christus</span> <span class='ocrx_word' id='word_1_26' title='bbox 1575 371 1850 430; x_wconf 81' lang='lat' dir='ltr'>praedicatur</span> <span class='ocrx_word' id='word_1_27' title='bbox 1865 371 2231 430; x_wconf 32' lang='lat' dir='ltr'>quodfmmnxit</span> <span class='ocrx_word' id='word_1_28' title='bbox 2249 379 2290 435; x_wconf 67' lang='lat' dir='ltr'>[stt</span> 
     </span>
     <span class='ocr_line' id='line_1_4' title="bbox 268 436 2274 505; baseline 0 -21"><span class='ocrx_word' id='word_1_29' title='bbox 268 454 294 484; x_wconf 88' lang='lat' dir='ltr'>a</span> <span class='ocrx_word' id='word_1_30' title='bbox 326 441 502 484; x_wconf 86' lang='lat' dir='ltr'>mortuis</span> <span class='ocrx_word' id='word_1_31' title='bbox 508 454 525 491; x_wconf 88' lang='lat'><em>;</em></span> <span class='ocrx_word' id='word_1_32' title='bbox 553 437 755 496; x_wconf 87' lang='lat' dir='ltr'>quomodo</span> <span class='ocrx_word' id='word_1_33' title='bbox 783 436 953 495; x_wconf 87' lang='lat' dir='ltr'>quidam</span> <span class='ocrx_word' id='word_1_34' title='bbox 969 436 1114 481; x_wconf 83' lang='lat' dir='ltr'>dicunt</span> <span class='ocrx_word' id='word_1_35' title='bbox 1133 451 1183 480; x_wconf 86' lang='lat' dir='ltr'>ex</span> <span class='ocrx_word' id='word_1_36' title='bbox 1203 437 1336 490; x_wconf 87' lang='lat' dir='ltr'>vobis,</span> <span class='ocrx_word' id='word_1_37' title='bbox 1355 438 1556 505; x_wconf 80' lang='lat' dir='ltr'>quoniam</span> <span class='ocrx_word' id='word_1_38' title='bbox 1577 439 1823 483; x_wconf 87' lang='lat' dir='ltr'>resurrectio</span> <span class='ocrx_word' id='word_1_39' title='bbox 1848 444 2229 490; x_wconf 57' lang='lat' dir='ltr'>mortuorunm·</span> <span class='ocrx_word' id='word_1_40' title='bbox 2266 451 2274 460; x_wconf 70' lang='grc'>·’</span> 
     </span>
     <span class='ocr_line' id='line_1_5' title="bbox 267 502 2222 564; baseline -0.001 -13"><span class='ocrx_word' id='word_1_41' title='bbox 267 512 336 560; x_wconf 88' lang='lat' dir='ltr'>est,</span> <span class='ocrx_word' id='word_1_42' title='bbox 368 520 495 564; x_wconf 84' lang='lat' dir='ltr'>neque</span> <span class='ocrx_word' id='word_1_43' title='bbox 523 505 710 549; x_wconf 87' lang='lat' dir='ltr'>Christus</span> <span class='ocrx_word' id='word_1_44' title='bbox 740 504 998 547; x_wconf 79' lang='lat' dir='ltr'><em>resurrexit?</em></span> <span class='ocrx_word' id='word_1_45' title='bbox 1029 503 1076 547; x_wconf 85' lang='lat' dir='ltr'>Si</span> <span class='ocrx_word' id='word_1_46' title='bbox 1101 509 1239 547; x_wconf 85' lang='lat' dir='ltr'>autem</span> <span class='ocrx_word' id='word_1_47' title='bbox 1266 502 1457 547; x_wconf 86' lang='lat' dir='ltr'>Christus</span> <span class='ocrx_word' id='word_1_48' title='bbox 1481 518 1566 548; x_wconf 86' lang='lat' dir='ltr'>non</span> <span class='ocrx_word' id='word_1_49' title='bbox 1595 506 1842 558; x_wconf 85' lang='lat' dir='ltr'>resurrexit,-</span> <span class='ocrx_word' id='word_1_50' title='bbox 1861 505 2000 550; x_wconf 59' lang='lat' dir='ltr'>titanis</span> <span class='ocrx_word' id='word_1_51' title='bbox 2023 504 2082 551; x_wconf 66' lang='lat' dir='ltr'>est</span> <span class='ocrx_word' id='word_1_52' title='bbox 2100 512 2222 564; x_wconf 65' lang='lat' dir='ltr'>praa·</span> 
     </span>
     <span class='ocr_line' id='line_1_6' title="bbox 268 568 2223 627; baseline 0 -11"><span class='ocrx_word' id='word_1_53' title='bbox 268 573 422 617; x_wconf 85' lang='lat' dir='ltr'>dicatio</span> <span class='ocrx_word' id='word_1_54' title='bbox 454 578 610 624; x_wconf 84' lang='lat' dir='ltr'>nostra,</span> <span class='ocrx_word' id='word_1_55' title='bbox 645 571 785 613; x_wconf 87' lang='lat' dir='ltr'>inanis</span> <span class='ocrx_word' id='word_1_56' title='bbox 805 576 861 613; x_wconf 88' lang='lat' dir='ltr'>est</span> <span class='ocrx_word' id='word_1_57' title='bbox 891 575 930 614; x_wconf 88' lang='lat' dir='ltr'>et</span> <span class='ocrx_word' id='word_1_58' title='bbox 948 569 1048 626; x_wconf 87' lang='lat' dir='ltr'>fides</span> <span class='ocrx_word' id='word_1_59' title='bbox 1077 575 1227 613; x_wconf 86' lang='lat' dir='ltr'>vestra.</span> <span class='ocrx_word' id='word_1_60' title='bbox 1254 568 1335 613; x_wconf 90' lang='lat' dir='ltr'>Est</span> <span class='ocrx_word' id='word_1_61' title='bbox 1359 569 1496 627; x_wconf 89' lang='lat' dir='ltr'>igitur</span> <span class='ocrx_word' id='word_1_62' title='bbox 1520 569 1577 614; x_wconf 82' lang='lat' dir='ltr'>de</span> <span class='ocrx_word' id='word_1_63' title='bbox 1607 570 1877 616; x_wconf 73' lang='lat' dir='ltr'>necessitate</span> <span class='ocrx_word' id='word_1_64' title='bbox 1906 571 2013 616; x_wconf 84' lang='lat' dir='ltr'>fidei</span> <span class='ocrx_word' id='word_1_65' title='bbox 2038 570 2223 618; x_wconf 65' lang='lat' dir='ltr'>medere</span> 
     </span>
     <span class='ocr_line' id='line_1_7' title="bbox 266 634 2280 697; baseline -0 -15"><span class='ocrx_word' id='word_1_66' title='bbox 266 637 646 683; x_wconf 86' lang='lat' dir='ltr'>resurrectionem</span> <span class='ocrx_word' id='word_1_67' title='bbox 673 645 961 678; x_wconf 88' lang='lat' dir='ltr'>mortuorum</span> <span class='ocrx_word' id='word_1_68' title='bbox 985 634 1200 680; x_wconf 87' lang='lat' dir='ltr'>futuram.</span> <span class='ocrx_word' id='word_1_69' title='bbox 2030 651 2101 697; x_wconf 72' lang='lat'>=4</span> <span class='ocrx_word' id='word_1_70' title='bbox 2191 673 2195 675; x_wconf 15' lang='grc' dir='ltr'><strong>Α</strong></span> <span class='ocrx_word' id='word_1_71' title='bbox 2274 669 2280 683; x_wconf 69' lang='lat'><em>„</em></span> 
     </span>
    </p>

    <p class='ocr_par' dir='ltr' id='par_1_3' title="bbox 268 674 2294 959">
     <span class='ocr_line' id='line_1_8' title="bbox 359 674 2224 764; baseline 0.001 -20"><span class='ocrx_word' id='word_1_72' title='bbox 359 703 561 754; x_wconf 87' lang='lat' dir='ltr'>Quidam</span> <span class='ocrx_word' id='word_1_73' title='bbox 586 715 695 744; x_wconf 88' lang='lat' dir='ltr'>vero</span> <span class='ocrx_word' id='word_1_74' title='bbox 722 702 812 744; x_wconf 90' lang='lat' dir='ltr'>hoc</span> <span class='ocrx_word' id='word_1_75' title='bbox 838 715 1048 760; x_wconf 88' lang='lat' dir='ltr'>perverse</span> <span class='ocrx_word' id='word_1_76' title='bbox 1079 701 1398 761; x_wconf 85' lang='lat' dir='ltr'>intelligentes,</span> <span class='ocrx_word' id='word_1_77' title='bbox 1430 703 1811 748; x_wconf 86' lang='lat' dir='ltr'>resurrectionem</span> <span class='ocrx_word' id='word_1_78' title='bbox 1837 681 2099 764; x_wconf 67' lang='lat' dir='ltr'>corpotum</span> <span class='ocrx_word' id='word_1_79' title='bbox 2102 674 2224 749; x_wconf 47' lang='lat' dir='ltr'>&gt;sutus</span> 
     </span>
     <span class='ocr_line' id='line_1_9' title="bbox 268 767 2291 831; baseline 0 -17"><span class='ocrx_word' id='word_1_80' title='bbox 268 784 367 814; x_wconf 90' lang='lat' dir='ltr'>ram</span> <span class='ocrx_word' id='word_1_81' title='bbox 392 782 485 812; x_wconf 90' lang='lat' dir='ltr'>non</span> <span class='ocrx_word' id='word_1_82' title='bbox 520 768 729 821; x_wconf 84' lang='lat' dir='ltr'>credunt3</span> <span class='ocrx_word' id='word_1_83' title='bbox 756 767 834 811; x_wconf 92' lang='lat' dir='ltr'>sed</span> <span class='ocrx_word' id='word_1_84' title='bbox 867 768 990 826; x_wconf 91' lang='lat' dir='ltr'>quod</span> <span class='ocrx_word' id='word_1_85' title='bbox 1016 768 1072 812; x_wconf 88' lang='lat' dir='ltr'>de</span> <span class='ocrx_word' id='word_1_86' title='bbox 1097 770 1426 813; x_wconf 87' lang='lat' dir='ltr'>rerurrectione</span> <span class='ocrx_word' id='word_1_87' title='bbox 1458 768 1624 828; x_wconf 88' lang='lat' dir='ltr'>legitur</span> <span class='ocrx_word' id='word_1_88' title='bbox 1662 771 1709 813; x_wconf 86' lang='lat' dir='ltr'>in</span> <span class='ocrx_word' id='word_1_89' title='bbox 1745 768 1990 831; x_wconf 81' lang='lat' dir='ltr'>Scripturis</span> <span class='ocrx_word' id='word_1_90' title='bbox 2014 771 2072 816; x_wconf 82' lang='lat' dir='ltr'>ad</span> <span class='ocrx_word' id='word_1_91' title='bbox 2096 771 2232 831; x_wconf 80' lang='lat' dir='ltr'>spiri-</span> <span class='ocrx_word' id='word_1_92' title='bbox 2283 780 2291 796; x_wconf 73' lang='lat'>³</span> 
     </span>
     <span class='ocr_line' id='line_1_10' title="bbox 269 799 2294 929; baseline 0.001 -49"><span class='ocrx_word' id='word_1_93' title='bbox 269 835 440 880; x_wconf 90' lang='lat' dir='ltr'>tualem</span> <span class='ocrx_word' id='word_1_94' title='bbox 462 834 841 878; x_wconf 84' lang='lat' dir='ltr'>resurrectionem</span> <span class='ocrx_word' id='word_1_95' title='bbox 861 833 1028 878; x_wconf 87' lang='lat' dir='ltr'>referre</span> <span class='ocrx_word' id='word_1_96' title='bbox 1054 845 1290 889; x_wconf 88' lang='lat' dir='ltr'>conantur,</span> <span class='ocrx_word' id='word_1_97' title='bbox 1314 835 1565 880; x_wconf 89' lang='lat' dir='ltr'>secundum</span> <span class='ocrx_word' id='word_1_98' title='bbox 1591 836 1715 895; x_wconf 89' lang='lat' dir='ltr'>quod</span> <span class='ocrx_word' id='word_1_99' title='bbox 1741 835 1881 926; x_wconf 84' lang='lat' dir='ltr'>aliqui</span> <span class='ocrx_word' id='word_1_100' title='bbox 1904 849 1933 881; x_wconf 82' lang='lat' dir='ltr'>a</span> <span class='ocrx_word' id='word_1_101' title='bbox 1956 847 2106 883; x_wconf 73' lang='lat' dir='ltr'>morte</span> <span class='ocrx_word' id='word_1_102' title='bbox 2126 846 2226 897; x_wconf 81' lang='lat' dir='ltr'>pec&#39;-</span> <span class='ocrx_word' id='word_1_103' title='bbox 2272 799 2294 929; x_wconf 51' lang='lat' dir='ltr'>i</span> 
     </span>
     <span class='ocr_line' id='line_1_11' title="bbox 270 901 2294 959; baseline -0 -13"><span class='ocrx_word' id='word_1_104' title='bbox 270 903 356 946; x_wconf 88' lang='lat' dir='ltr'>cati</span> <span class='ocrx_word' id='word_1_105' title='bbox 383 911 622 959; x_wconf 89' lang='lat' dir='ltr'>resurgunt</span> <span class='ocrx_word' id='word_1_106' title='bbox 643 914 721 959; x_wconf 89' lang='lat' dir='ltr'>per</span> <span class='ocrx_word' id='word_1_107' title='bbox 747 901 954 958; x_wconf 86' lang='lat' dir='ltr'>gratiam.</span> <span class='ocrx_word' id='word_1_108' title='bbox 2024 924 2026 926; x_wconf 53' lang='grc' dir='ltr'><strong>χ</strong></span> <span class='ocrx_word' id='word_1_109' title='bbox 2284 930 2294 945; x_wconf 49' lang='lat'>2</span> 
     </span>
    </p>

    <p class='ocr_par' dir='ltr' id='par_1_4' title="bbox 269 944 2294 1359">
     <span class='ocr_line' id='line_1_12' title="bbox 359 944 2294 1027; baseline 0.003 -18"><span class='ocrx_word' id='word_1_110' title='bbox 359 967 444 1010; x_wconf 90' lang='lat' dir='ltr'>Hic</span> <span class='ocrx_word' id='word_1_111' title='bbox 465 977 617 1010; x_wconf 88' lang='lat' dir='ltr'>autem</span> <span class='ocrx_word' id='word_1_112' title='bbox 636 981 760 1010; x_wconf 88' lang='lat' dir='ltr'>error</span> <span class='ocrx_word' id='word_1_113' title='bbox 779 967 859 1010; x_wconf 88' lang='lat' dir='ltr'>ab</span> <span class='ocrx_word' id='word_1_114' title='bbox 849 981 949 1026; x_wconf 78' lang='lat' dir='ltr'>ipso</span> <span class='ocrx_word' id='word_1_115' title='bbox 968 967 1197 1027; x_wconf 83' lang='lat' dir='ltr'>Ap0stolo</span> <span class='ocrx_word' id='word_1_116' title='bbox 1216 968 1503 1027; x_wconf 87' lang='lat' dir='ltr'>reprobatur:</span> <span class='ocrx_word' id='word_1_117' title='bbox 1523 967 1632 1013; x_wconf 86' lang='lat' dir='ltr'>dicit</span> <span class='ocrx_word' id='word_1_118' title='bbox 1652 969 1776 1013; x_wconf 89' lang='lat' dir='ltr'>enim</span> <span class='ocrx_word' id='word_1_119' title='bbox 1802 968 2223 1027; x_wconf 72' lang='lat' dir='ltr'>(11.Tim.11.16.:)</span> <span class='ocrx_word' id='word_1_120' title='bbox 2276 944 2294 1020; x_wconf 52' lang='lat' dir='ltr'>i</span> 
     </span>
     <span class='ocr_line' id='line_1_13' title="bbox 272 1023 2280 1096; baseline 0.001 -18"><span class='ocrx_word' id='word_1_121' title='bbox 272 1035 461 1092; x_wconf 87' lang='lat' dir='ltr'>Profana</span> <span class='ocrx_word' id='word_1_122' title='bbox 493 1040 530 1077; x_wconf 90' lang='lat' dir='ltr'>et</span> <span class='ocrx_word' id='word_1_123' title='bbox 560 1023 807 1091; x_wconf 84' lang='lat' dir='ltr'>vaniloquia</span> <span class='ocrx_word' id='word_1_124' title='bbox 838 1033 1005 1079; x_wconf 84' lang='lat' dir='ltr'>devita:</span> <span class='ocrx_word' id='word_1_125' title='bbox 1037 1035 1215 1079; x_wconf 87' lang='lat' dir='ltr'>multum</span> <span class='ocrx_word' id='word_1_126' title='bbox 1244 1037 1355 1079; x_wconf 88' lang='lat' dir='ltr'>enim</span> <span class='ocrx_word' id='word_1_127' title='bbox 1381 1035 1613 1094; x_wconf 80' lang='lat' dir='ltr'>proficiunt</span> <span class='ocrx_word' id='word_1_128' title='bbox 1643 1035 1696 1079; x_wconf 87' lang='lat' dir='ltr'>ad</span> <span class='ocrx_word' id='word_1_129' title='bbox 1728 1037 1999 1096; x_wconf 74' lang='lat' dir='ltr'>impietatem,</span> <span class='ocrx_word' id='word_1_130' title='bbox 2028 1043 2066 1082; x_wconf 77' lang='lat' dir='ltr'>et</span> <span class='ocrx_word' id='word_1_131' title='bbox 2092 1038 2225 1082; x_wconf 67' lang='lat' dir='ltr'>sermo</span> <span class='ocrx_word' id='word_1_132' title='bbox 2277 1047 2280 1049; x_wconf 75' lang='grc'><strong>’</strong></span> 
     </span>
     <span class='ocr_line' id='line_1_14' title="bbox 269 1101 2285 1162; baseline 0.002 -18"><span class='ocrx_word' id='word_1_133' title='bbox 269 1115 411 1145; x_wconf 86' lang='lat' dir='ltr'>eorum</span> <span class='ocrx_word' id='word_1_134' title='bbox 437 1105 481 1143; x_wconf 88' lang='lat' dir='ltr'>ut</span> <span class='ocrx_word' id='word_1_135' title='bbox 502 1113 650 1143; x_wconf 87' lang='lat' dir='ltr'>cancer</span> <span class='ocrx_word' id='word_1_136' title='bbox 673 1101 827 1158; x_wconf 87' lang='lat' dir='ltr'>serpit:</span> <span class='ocrx_word' id='word_1_137' title='bbox 855 1115 905 1144; x_wconf 91' lang='lat' dir='ltr'>ex</span> <span class='ocrx_word' id='word_1_138' title='bbox 930 1101 1077 1158; x_wconf 82' lang='lat' dir='ltr'>quibus</span> <span class='ocrx_word' id='word_1_139' title='bbox 1101 1108 1158 1145; x_wconf 82' lang='lat' dir='ltr'>est</span> <span class='ocrx_word' id='word_1_140' title='bbox 1178 1102 1458 1160; x_wconf 81' lang='lat' dir='ltr'>Hymenaeus,</span> <span class='ocrx_word' id='word_1_141' title='bbox 1484 1108 1521 1146; x_wconf 88' lang='lat' dir='ltr'>et</span> <span class='ocrx_word' id='word_1_142' title='bbox 1546 1102 1743 1157; x_wconf 81' lang='lat' dir='ltr'>Philetus,</span> <span class='ocrx_word' id='word_1_143' title='bbox 1770 1104 1843 1162; x_wconf 84' lang='lat' dir='ltr'>qui</span> <span class='ocrx_word' id='word_1_144' title='bbox 1865 1116 1895 1148; x_wconf 84' lang='lat' dir='ltr'>a</span> <span class='ocrx_word' id='word_1_145' title='bbox 1923 1102 2106 1148; x_wconf 74' lang='lat' dir='ltr'>veritate</span> <span class='ocrx_word' id='word_1_146' title='bbox 2129 1102 2285 1162; x_wconf 73' lang='lat' dir='ltr'>fidei</span> 
     </span>
     <span class='ocr_line' id='line_1_15' title="bbox 270 1165 2280 1245; baseline 0.002 -34"><span class='ocrx_word' id='word_1_147' title='bbox 270 1166 522 1218; x_wconf 85' lang='lat' dir='ltr'>exciderunt,</span> <span class='ocrx_word' id='word_1_148' title='bbox 549 1165 724 1210; x_wconf 82' lang='lat' dir='ltr'>dicentes</span> <span class='ocrx_word' id='word_1_149' title='bbox 748 1169 1089 1212; x_wconf 81' lang='lat' dir='ltr'>resurrectionem</span> <span class='ocrx_word' id='word_1_150' title='bbox 1110 1170 1204 1226; x_wconf 81' lang='lat' dir='ltr'>jam</span> <span class='ocrx_word' id='word_1_151' title='bbox 1233 1169 1391 1226; x_wconf 76' lang='lat' dir='ltr'>factam</span> <span class='ocrx_word' id='word_1_152' title='bbox 1423 1183 1525 1213; x_wconf 81' lang='lat' dir='ltr'>esse.-</span> <span class='ocrx_word' id='word_1_153' title='bbox 1556 1169 1682 1245; x_wconf 88' lang='lat' dir='ltr'>quod</span> <span class='ocrx_word' id='word_1_154' title='bbox 1707 1183 1803 1214; x_wconf 89' lang='lat' dir='ltr'>non</span> <span class='ocrx_word' id='word_1_155' title='bbox 1829 1168 2007 1229; x_wconf 82' lang='lat' dir='ltr'>poterat</span> <span class='ocrx_word' id='word_1_156' title='bbox 2028 1168 2280 1228; x_wconf 79' lang='lat' dir='ltr'>intelligi</span> 
     </span>
     <span class='ocr_line' id='line_1_16' title="bbox 269 1232 2283 1295; baseline 0.001 -19"><span class='ocrx_word' id='word_1_157' title='bbox 269 1233 357 1277; x_wconf 90' lang='lat' dir='ltr'>nisi</span> <span class='ocrx_word' id='word_1_158' title='bbox 379 1232 434 1276; x_wconf 93' lang='lat' dir='ltr'>de</span> <span class='ocrx_word' id='word_1_159' title='bbox 460 1233 788 1277; x_wconf 88' lang='lat' dir='ltr'>resurrectione</span> <span class='ocrx_word' id='word_1_160' title='bbox 811 1233 1044 1291; x_wconf 84' lang='lat' dir='ltr'>spirituali.</span> <span class='ocrx_word' id='word_1_161' title='bbox 1068 1233 1148 1279; x_wconf 91' lang='lat' dir='ltr'>Est</span> <span class='ocrx_word' id='word_1_162' title='bbox 1175 1249 1284 1294; x_wconf 88' lang='lat' dir='ltr'>ergo</span> <span class='ocrx_word' id='word_1_163' title='bbox 1312 1245 1472 1279; x_wconf 88' lang='lat' dir='ltr'>contra</span> <span class='ocrx_word' id='word_1_164' title='bbox 1497 1235 1736 1280; x_wconf 86' lang='lat' dir='ltr'>veritatem</span> <span class='ocrx_word' id='word_1_165' title='bbox 1761 1235 1867 1280; x_wconf 83' lang='lat' dir='ltr'>fidei</span> <span class='ocrx_word' id='word_1_166' title='bbox 1887 1238 2060 1295; x_wconf 82' lang='lat' dir='ltr'>ponere</span> <span class='ocrx_word' id='word_1_167' title='bbox 2085 1248 2230 1280; x_wconf 81' lang='lat' dir='ltr'>resur·</span> <span class='ocrx_word' id='word_1_168' title='bbox 2276 1249 2283 1271; x_wconf 64' lang='grc' dir='ltr'><strong><em>ε</em></strong></span> 
     </span>
     <span class='ocr_line' id='line_1_17' title="bbox 269 1298 2278 1359; baseline 0.002 -16"><span class='ocrx_word' id='word_1_169' title='bbox 269 1299 521 1343; x_wconf 88' lang='lat' dir='ltr'>rectionem</span> <span class='ocrx_word' id='word_1_170' title='bbox 545 1298 842 1357; x_wconf 91' lang='lat' dir='ltr'>spiritualem,</span> <span class='ocrx_word' id='word_1_171' title='bbox 868 1310 913 1344; x_wconf 90' lang='lat' dir='ltr'>et</span> <span class='ocrx_word' id='word_1_172' title='bbox 937 1314 1106 1359; x_wconf 87' lang='lat' dir='ltr'>negare</span> <span class='ocrx_word' id='word_1_173' title='bbox 1135 1301 1438 1359; x_wconf 87' lang='lat' dir='ltr'>corporalem.</span> <span class='ocrx_word' id='word_1_174' title='bbox 2275 1307 2278 1308; x_wconf 74' lang='grc'><strong>’</strong></span> 
     </span>
    </p>

    <p class='ocr_par' dir='ltr' id='par_1_5' title="bbox 270 1366 2294 1760">
     <span class='ocr_line' id='line_1_18' title="bbox 360 1366 2275 1428; baseline 0.005 -20"><span class='ocrx_word' id='word_1_175' title='bbox 360 1366 625 1410; x_wconf 87' lang='lat' dir='ltr'>Praeterea:</span> <span class='ocrx_word' id='word_1_176' title='bbox 652 1366 945 1410; x_wconf 86' lang='lat' dir='ltr'>manifestum</span> <span class='ocrx_word' id='word_1_177' title='bbox 980 1377 1048 1411; x_wconf 90' lang='lat' dir='ltr'>est</span> <span class='ocrx_word' id='word_1_178' title='bbox 1079 1381 1133 1412; x_wconf 85' lang='lat' dir='ltr'>ex</span> <span class='ocrx_word' id='word_1_179' title='bbox 1163 1368 1236 1412; x_wconf 88' lang='lat' dir='ltr'>his</span> <span class='ocrx_word' id='word_1_180' title='bbox 1269 1381 1384 1426; x_wconf 89' lang='lat' dir='ltr'>quae</span> <span class='ocrx_word' id='word_1_181' title='bbox 1411 1367 1663 1426; x_wconf 89' lang='lat' dir='ltr'>Apostolus</span> <span class='ocrx_word' id='word_1_182' title='bbox 1687 1366 1921 1414; x_wconf 76' lang='lat' dir='ltr'>Corinthis</span> <span class='ocrx_word' id='word_1_183' title='bbox 1952 1367 2079 1424; x_wconf 79' lang='lat' dir='ltr'>dicit,</span> <span class='ocrx_word' id='word_1_184' title='bbox 2104 1367 2229 1428; x_wconf 85' lang='lat' dir='ltr'>quod</span> <span class='ocrx_word' id='word_1_185' title='bbox 2267 1376 2275 1417; x_wconf 76' lang='lat' dir='ltr'><strong><em>s</em></strong></span> 
     </span>
     <span class='ocr_line' id='line_1_19' title="bbox 270 1432 2230 1496; baseline 0.001 -20"><span class='ocrx_word' id='word_1_186' title='bbox 270 1432 519 1492; x_wconf 86' lang='lat' dir='ltr'>praemissa</span> <span class='ocrx_word' id='word_1_187' title='bbox 535 1432 673 1476; x_wconf 89' lang='lat' dir='ltr'>verba</span> <span class='ocrx_word' id='word_1_188' title='bbox 696 1433 750 1476; x_wconf 88' lang='lat' dir='ltr'>de</span> <span class='ocrx_word' id='word_1_189' title='bbox 776 1433 1108 1478; x_wconf 88' lang='lat' dir='ltr'>resurrectione</span> <span class='ocrx_word' id='word_1_190' title='bbox 1127 1435 1353 1493; x_wconf 86' lang='lat' dir='ltr'>corporali</span> <span class='ocrx_word' id='word_1_191' title='bbox 1372 1445 1475 1478; x_wconf 88' lang='lat' dir='ltr'>sunt</span> <span class='ocrx_word' id='word_1_192' title='bbox 1495 1434 1791 1494; x_wconf 85' lang='lat' dir='ltr'>intelligenda</span> <span class='ocrx_word' id='word_1_193' title='bbox 1807 1451 1820 1490; x_wconf 71' lang='grc' dir='ltr'><strong>ς</strong></span> <span class='ocrx_word' id='word_1_194' title='bbox 1835 1445 2230 1496; x_wconf 78' lang='lat' dir='ltr'>nam-postpauca</span> 
     </span>
     <span class='ocr_line' id='line_1_20' title="bbox 272 1499 2275 1560; baseline 0 -16"><span class='ocrx_word' id='word_1_195' title='bbox 272 1499 446 1544; x_wconf 89' lang='lat' dir='ltr'>subdit:</span> <span class='ocrx_word' id='word_1_196' title='bbox 477 1499 717 1543; x_wconf 82' lang='lat' dir='ltr'>Seminatur</span> <span class='ocrx_word' id='word_1_197' title='bbox 742 1507 890 1558; x_wconf 84' lang='lat' dir='ltr'>corpus</span> <span class='ocrx_word' id='word_1_198' title='bbox 920 1501 1116 1554; x_wconf 86' lang='lat' dir='ltr'>animale,</span> <span class='ocrx_word' id='word_1_199' title='bbox 1144 1507 1280 1559; x_wconf 78' lang='lat' dir='ltr'>surget</span> <span class='ocrx_word' id='word_1_200' title='bbox 1311 1509 1456 1560; x_wconf 82' lang='lat' dir='ltr'>corpus</span> <span class='ocrx_word' id='word_1_201' title='bbox 1481 1502 1698 1560; x_wconf 85' lang='lat' dir='ltr'>spirituale</span> <span class='ocrx_word' id='word_1_202' title='bbox 1708 1516 1726 1555; x_wconf 84' lang='lat'>,·</span> <span class='ocrx_word' id='word_1_203' title='bbox 1758 1502 1837 1546; x_wconf 86' lang='lat' dir='ltr'>ubi</span> <span class='ocrx_word' id='word_1_204' title='bbox 1861 1500 2233 1551; x_wconf 59' lang='lat' dir='ltr'>manifestecor·</span> <span class='ocrx_word' id='word_1_205' title='bbox 2272 1510 2275 1513; x_wconf 53' lang='lat'><strong>⁴</strong></span> 
     </span>
     <span class='ocr_line' id='line_1_21' title="bbox 272 1565 2283 1629; baseline 0.001 -19"><span class='ocrx_word' id='word_1_206' title='bbox 272 1566 395 1624; x_wconf 91' lang='lat' dir='ltr'>poris</span> <span class='ocrx_word' id='word_1_207' title='bbox 428 1566 809 1610; x_wconf 88' lang='lat' dir='ltr'>rerurrectionem</span> <span class='ocrx_word' id='word_1_208' title='bbox 839 1567 1007 1626; x_wconf 88' lang='lat' dir='ltr'>tangit:</span> <span class='ocrx_word' id='word_1_209' title='bbox 1037 1578 1080 1611; x_wconf 88' lang='lat' dir='ltr'>et</span> <span class='ocrx_word' id='word_1_210' title='bbox 1106 1568 1402 1626; x_wconf 89' lang='lat' dir='ltr'>postmodum</span> <span class='ocrx_word' id='word_1_211' title='bbox 1434 1567 1607 1612; x_wconf 89' lang='lat' dir='ltr'>subdit:</span> <span class='ocrx_word' id='word_1_212' title='bbox 1644 1569 1824 1628; x_wconf 76' lang='lat' dir='ltr'>Oportet</span> <span class='ocrx_word' id='word_1_213' title='bbox 1853 1565 2124 1629; x_wconf 64' lang='lat' dir='ltr'>corruptibile</span> <span class='ocrx_word' id='word_1_214' title='bbox 2146 1567 2228 1612; x_wconf 73' lang='lat' dir='ltr'>hoc</span> <span class='ocrx_word' id='word_1_215' title='bbox 2280 1600 2283 1602; x_wconf 91' lang='lat'><em>-</em></span> 
     </span>
     <span class='ocr_line' id='line_1_22' title="bbox 272 1625 2294 1691; baseline 0.002 -16"><span class='ocrx_word' id='word_1_216' title='bbox 272 1632 441 1676; x_wconf 88' lang='lat' dir='ltr'>induere</span> <span class='ocrx_word' id='word_1_217' title='bbox 466 1633 841 1691; x_wconf 84' lang='lat' dir='ltr'>incorruptionem,</span> <span class='ocrx_word' id='word_1_218' title='bbox 873 1640 912 1678; x_wconf 90' lang='lat' dir='ltr'>et</span> <span class='ocrx_word' id='word_1_219' title='bbox 937 1635 1111 1679; x_wconf 85' lang='lat' dir='ltr'>mortale</span> <span class='ocrx_word' id='word_1_220' title='bbox 1137 1635 1211 1678; x_wconf 82' lang='lat' dir='ltr'>hoc</span> <span class='ocrx_word' id='word_1_221' title='bbox 1234 1635 1404 1679; x_wconf 85' lang='lat' dir='ltr'>induere</span> <span class='ocrx_word' id='word_1_222' title='bbox 1424 1635 1800 1679; x_wconf 87' lang='lat' dir='ltr'>immortalitatem.</span> <span class='ocrx_word' id='word_1_223' title='bbox 1824 1633 1931 1680; x_wconf 78' lang='lat' dir='ltr'>Hoc</span> <span class='ocrx_word' id='word_1_224' title='bbox 1953 1644 2111 1680; x_wconf 76' lang='lat' dir='ltr'>autem</span> <span class='ocrx_word' id='word_1_225' title='bbox 2135 1645 2232 1679; x_wconf 81' lang='lat' dir='ltr'>cor-</span> <span class='ocrx_word' id='word_1_226' title='bbox 2282 1625 2294 1640; x_wconf 54' lang='grc'><strong>’</strong></span> 
     </span>
     <span class='ocr_line' id='line_1_23' title="bbox 276 1697 2286 1778; baseline 0.005 -37"><span class='ocrx_word' id='word_1_227' title='bbox 276 1697 498 1756; x_wconf 89' lang='lat' dir='ltr'>ruptibile,</span> <span class='ocrx_word' id='word_1_228' title='bbox 526 1708 570 1741; x_wconf 91' lang='lat' dir='ltr'>et</span> <span class='ocrx_word' id='word_1_229' title='bbox 601 1699 811 1753; x_wconf 89' lang='lat' dir='ltr'>mortale,</span> <span class='ocrx_word' id='word_1_230' title='bbox 839 1710 906 1744; x_wconf 90' lang='lat' dir='ltr'>est</span> <span class='ocrx_word' id='word_1_231' title='bbox 931 1713 1110 1758; x_wconf 89' lang='lat' dir='ltr'>corpus.</span> <span class='ocrx_word' id='word_1_232' title='bbox 1138 1700 1319 1759; x_wconf 91' lang='lat' dir='ltr'>Corpus</span> <span class='ocrx_word' id='word_1_233' title='bbox 1340 1701 1477 1759; x_wconf 87' lang='lat' dir='ltr'>igitur</span> <span class='ocrx_word' id='word_1_234' title='bbox 1499 1711 1565 1745; x_wconf 87' lang='lat' dir='ltr'>est</span> <span class='ocrx_word' id='word_1_235' title='bbox 1586 1701 1709 1760; x_wconf 91' lang='lat' dir='ltr'>quod</span> <span class='ocrx_word' id='word_1_236' title='bbox 1734 1711 1952 1778; x_wconf 77' lang='lat' dir='ltr'>resurget.</span> <span class='ocrx_word' id='word_1_237' title='bbox 2104 1735 2106 1737; x_wconf 98' lang='grc'><strong>»</strong></span> <span class='ocrx_word' id='word_1_238' title='bbox 2136 1711 2140 1714; x_wconf 85' lang='grc'><strong>’</strong></span> <span class='ocrx_word' id='word_1_239' title='bbox 2196 1715 2203 1718; x_wconf 75' lang='grc'><strong>“</strong></span> <span class='ocrx_word' id='word_1_240' title='bbox 2279 1702 2286 1751; x_wconf 68' lang='lat' dir='ltr'>&#39;s</span> 
     </span>
    </p>

    <p class='ocr_par' dir='ltr' id='par_1_6' title="bbox 277 1764 2294 2112">
     <span class='ocr_line' id='line_1_24' title="bbox 362 1764 2294 1828; baseline 0.003 -20"><span class='ocrx_word' id='word_1_241' title='bbox 362 1765 552 1808; x_wconf 89' lang='lat' dir='ltr'>Adhuc.</span> <span class='ocrx_word' id='word_1_242' title='bbox 581 1765 810 1810; x_wconf 88' lang='lat' dir='ltr'>Dominus</span> <span class='ocrx_word' id='word_1_243' title='bbox 841 1766 1030 1825; x_wconf 88' lang='lat' dir='ltr'>(Joann.</span> <span class='ocrx_word' id='word_1_244' title='bbox 1072 1766 1127 1811; x_wconf 94' lang='lat' dir='ltr'>V.</span> <span class='ocrx_word' id='word_1_245' title='bbox 1177 1769 1268 1825; x_wconf 87' lang='lat'>25)</span> <span class='ocrx_word' id='word_1_246' title='bbox 1301 1777 1540 1826; x_wconf 89' lang='lat' dir='ltr'>utramque</span> <span class='ocrx_word' id='word_1_247' title='bbox 1572 1764 1954 1817; x_wconf 77' lang='lat' dir='ltr'>resurrectionem</span> <span class='ocrx_word' id='word_1_248' title='bbox 1977 1767 2230 1828; x_wconf 75' lang='lat' dir='ltr'>promittit.</span> <span class='ocrx_word' id='word_1_249' title='bbox 2275 1786 2294 1823; x_wconf 49' lang='grc' dir='ltr'>χι</span> 
     </span>
     <span class='ocr_line' id='line_1_25' title="bbox 277 1831 2294 1894; baseline 0.003 -20"><span class='ocrx_word' id='word_1_250' title='bbox 277 1831 386 1876; x_wconf 90' lang='lat' dir='ltr'>dicit</span> <span class='ocrx_word' id='word_1_251' title='bbox 412 1832 555 1876; x_wconf 89' lang='lat' dir='ltr'>enim:</span> <span class='ocrx_word' id='word_1_252' title='bbox 579 1833 730 1886; x_wconf 86' lang='lat' dir='ltr'>Amen,</span> <span class='ocrx_word' id='word_1_253' title='bbox 754 1847 874 1878; x_wconf 89' lang='lat' dir='ltr'>amen</span> <span class='ocrx_word' id='word_1_254' title='bbox 899 1833 989 1878; x_wconf 89' lang='lat' dir='ltr'>dico</span> <span class='ocrx_word' id='word_1_255' title='bbox 1015 1835 1146 1887; x_wconf 82' lang='lat' dir='ltr'>vobis,</span> <span class='ocrx_word' id='word_1_256' title='bbox 1174 1837 1274 1892; x_wconf 83' lang='lat' dir='ltr'>quia</span> <span class='ocrx_word' id='word_1_257' title='bbox 1298 1836 1414 1879; x_wconf 85' lang='lat' dir='ltr'>venit</span> <span class='ocrx_word' id='word_1_258' title='bbox 1444 1834 1562 1887; x_wconf 85' lang='lat' dir='ltr'>hora,</span> <span class='ocrx_word' id='word_1_259' title='bbox 1591 1841 1627 1879; x_wconf 91' lang='lat' dir='ltr'>et</span> <span class='ocrx_word' id='word_1_260' title='bbox 1651 1846 1760 1879; x_wconf 86' lang='lat' dir='ltr'>nunc</span> <span class='ocrx_word' id='word_1_261' title='bbox 1787 1841 1857 1889; x_wconf 85' lang='lat' dir='ltr'>est,</span> <span class='ocrx_word' id='word_1_262' title='bbox 1872 1831 2062 1894; x_wconf 75' lang='lat' dir='ltr'>quando</span> <span class='ocrx_word' id='word_1_263' title='bbox 2069 1836 2230 1880; x_wconf 60' lang='lat' dir='ltr'>&#39;dormi</span> <span class='ocrx_word' id='word_1_264' title='bbox 2278 1835 2294 1878; x_wconf 75' lang='lat' dir='ltr'>i</span> 
     </span>
     <span class='ocr_line' id='line_1_26' title="bbox 277 1897 2294 1970; baseline 0.001 -28"><span class='ocrx_word' id='word_1_265' title='bbox 277 1898 445 1943; x_wconf 84' lang='lat' dir='ltr'>audient</span> <span class='ocrx_word' id='word_1_266' title='bbox 469 1913 613 1943; x_wconf 83' lang='lat' dir='ltr'>vocem</span> <span class='ocrx_word' id='word_1_267' title='bbox 635 1900 738 1943; x_wconf 80' lang='lat' dir='ltr'>Filii</span> <span class='ocrx_word' id='word_1_268' title='bbox 762 1901 860 1954; x_wconf 89' lang='lat' dir='ltr'>Dei,</span> <span class='ocrx_word' id='word_1_269' title='bbox 889 1907 927 1945; x_wconf 89' lang='lat' dir='ltr'>et</span> <span class='ocrx_word' id='word_1_270' title='bbox 951 1902 1023 1959; x_wconf 86' lang='lat' dir='ltr'>qui</span> <span class='ocrx_word' id='word_1_271' title='bbox 1049 1900 1272 1954; x_wconf 86' lang='lat' dir='ltr'>audierint,</span> <span class='ocrx_word' id='word_1_272' title='bbox 1305 1902 1462 1954; x_wconf 87' lang='lat' dir='ltr'>vivent,</span> <span class='ocrx_word' id='word_1_273' title='bbox 1499 1901 1621 1959; x_wconf 92' lang='lat' dir='ltr'>quod</span> <span class='ocrx_word' id='word_1_274' title='bbox 1649 1901 1704 1944; x_wconf 88' lang='lat' dir='ltr'>ad</span> <span class='ocrx_word' id='word_1_275' title='bbox 1732 1897 2120 1947; x_wconf 53' lang='lat' dir='ltr'>resurrectionetiiss</span> <span class='ocrx_word' id='word_1_276' title='bbox 2139 1900 2231 1960; x_wconf 84' lang='lat' dir='ltr'>spi·</span> <span class='ocrx_word' id='word_1_277' title='bbox 2279 1910 2294 1970; x_wconf 86' lang='grc' dir='ltr'>Ξ</span> 
     </span>
     <span class='ocr_line' id='line_1_27' title="bbox 277 1964 2294 2119; baseline 0.002 -111"><span class='ocrx_word' id='word_1_278' title='bbox 277 1964 488 2008; x_wconf 89' lang='lat' dir='ltr'>ritualem</span> <span class='ocrx_word' id='word_1_279' title='bbox 521 1965 778 2009; x_wconf 88' lang='lat' dir='ltr'>animarum</span> <span class='ocrx_word' id='word_1_280' title='bbox 810 1967 1034 2025; x_wconf 91' lang='lat' dir='ltr'>pertinere</span> <span class='ocrx_word' id='word_1_281' title='bbox 1059 1967 1250 2022; x_wconf 89' lang='lat' dir='ltr'>videtur,</span> <span class='ocrx_word' id='word_1_282' title='bbox 1283 1981 1399 2026; x_wconf 91' lang='lat' dir='ltr'>quae</span> <span class='ocrx_word' id='word_1_283' title='bbox 1430 1977 1538 2011; x_wconf 91' lang='lat' dir='ltr'>tunc</span> <span class='ocrx_word' id='word_1_284' title='bbox 1564 1969 1657 2025; x_wconf 91' lang='lat' dir='ltr'>jam</span> <span class='ocrx_word' id='word_1_285' title='bbox 1692 1966 1792 2012; x_wconf 89' lang='lat' dir='ltr'>fieri</span> <span class='ocrx_word' id='word_1_286' title='bbox 1823 1965 2232 2028; x_wconf 52' lang='grc' dir='ltr'>4ὶιίελὶιὶεὶιιιιιῤ’ϊῖιιιιι</span> <span class='ocrx_word' id='word_1_287' title='bbox 2278 1970 2294 2119; x_wconf 59' lang='grc' dir='ltr'>Ξ</span> 
     </span>
    </p>
   </div>
   <div class='ocr_carea' id='block_1_3' title="bbox 2235 0 2294 799">
    <p class='ocr_par' dir='ltr' id='par_1_7' title="bbox 2235 0 2294 799">
     <span class='ocr_line' id='line_1_28' title="bbox 2235 0 2294 799; baseline 0.898 -59"><span class='ocrx_word' id='word_1_288' title='bbox 2235 0 2294 799; x_wconf 95' lang='lat' dir='ltr'>  </span> 
     </span>
    </p>
   </div>
   <div class='ocr_carea' id='block_1_4' title="bbox 2271 1021 2294 1796">
    <p class='ocr_par' dir='ltr' id='par_1_8' title="bbox 2271 1021 2294 1796">
     <span class='ocr_line' id='line_1_29' title="bbox 2271 1021 2294 1796; baseline 0 2058"><span class='ocrx_word' id='word_1_289' title='bbox 2271 1021 2294 1796; x_wconf 95' lang='lat' dir='ltr'> </span> 
     </span>
    </p>
   </div>
   <div class='ocr_carea' id='block_1_5' title="bbox 273 2032 2291 3640">
    <p class='ocr_par' dir='ltr' id='par_1_9' title="bbox 273 2032 2293 3291">
     <span class='ocr_line' id='line_1_30' title="bbox 275 2032 2288 2107; baseline 0.002 -33"><span class='ocrx_word' id='word_1_290' title='bbox 275 2032 414 2107; x_wconf 87' lang='lat' dir='ltr'>aliqui</span> <span class='ocrx_word' id='word_1_291' title='bbox 446 2046 525 2090; x_wconf 92' lang='lat' dir='ltr'>per</span> <span class='ocrx_word' id='word_1_292' title='bbox 556 2032 696 2076; x_wconf 90' lang='lat' dir='ltr'>fidem</span> <span class='ocrx_word' id='word_1_293' title='bbox 732 2033 915 2077; x_wconf 88' lang='lat' dir='ltr'>Christo</span> <span class='ocrx_word' id='word_1_294' title='bbox 953 2034 1280 2087; x_wconf 82' lang='lat' dir='ltr'>adhaerebant3</span> <span class='ocrx_word' id='word_1_295' title='bbox 1318 2034 1397 2078; x_wconf 91' lang='lat' dir='ltr'>sed</span> <span class='ocrx_word' id='word_1_296' title='bbox 1433 2034 1731 2093; x_wconf 87' lang='lat' dir='ltr'>postmodum</span> <span class='ocrx_word' id='word_1_297' title='bbox 1763 2034 2053 2093; x_wconf 69' lang='lat' dir='ltr'>corporalem</span> <span class='ocrx_word' id='word_1_298' title='bbox 2090 2032 2240 2079; x_wconf 59' lang='lat' dir='ltr'>nesii!</span> <span class='ocrx_word' id='word_1_299' title='bbox 2279 2058 2288 2078; x_wconf 66' lang='grc' dir='ltr'>,χ</span> 
     </span>
     <span class='ocr_line' id='line_1_31' title="bbox 277 2098 2291 2159; baseline 0.002 -18"><span class='ocrx_word' id='word_1_300' title='bbox 277 2098 530 2142; x_wconf 89' lang='lat' dir='ltr'>rectionem</span> <span class='ocrx_word' id='word_1_301' title='bbox 563 2099 775 2157; x_wconf 86' lang='lat' dir='ltr'>exprimit</span> <span class='ocrx_word' id='word_1_302' title='bbox 806 2099 985 2144; x_wconf 89' lang='lat' dir='ltr'>dicens·</span> <span class='ocrx_word' id='word_1_303' title='bbox 1028 2101 1148 2146; x_wconf 87' lang='lat' dir='ltr'>Venit</span> <span class='ocrx_word' id='word_1_304' title='bbox 1172 2101 1278 2144; x_wconf 85' lang='lat' dir='ltr'>hora</span> <span class='ocrx_word' id='word_1_305' title='bbox 1309 2102 1354 2144; x_wconf 91' lang='lat' dir='ltr'>in</span> <span class='ocrx_word' id='word_1_306' title='bbox 1386 2115 1469 2159; x_wconf 84' lang='lat' dir='ltr'>qua</span> <span class='ocrx_word' id='word_1_307' title='bbox 1501 2115 1636 2144; x_wconf 86' lang='lat' dir='ltr'>omnes</span> <span class='ocrx_word' id='word_1_308' title='bbox 1658 2102 1730 2159; x_wconf 85' lang='lat' dir='ltr'>qui</span> <span class='ocrx_word' id='word_1_309' title='bbox 1754 2102 1800 2144; x_wconf 89' lang='lat' dir='ltr'>in</span> <span class='ocrx_word' id='word_1_310' title='bbox 1824 2102 2098 2146; x_wconf 84' lang='lat' dir='ltr'>monumentis</span> <span class='ocrx_word' id='word_1_311' title='bbox 2121 2103 2231 2156; x_wconf 84' lang='lat' dir='ltr'>sunt,</span> <span class='ocrx_word' id='word_1_312' title='bbox 2268 2125 2291 2151; x_wconf 93' lang='grc' dir='ltr'>ιχ</span> 
     </span>
     <span class='ocr_line' id='line_1_32' title="bbox 279 2165 2269 2226; baseline 0.001 -17"><span class='ocrx_word' id='word_1_313' title='bbox 279 2165 446 2210; x_wconf 86' lang='lat' dir='ltr'>audient</span> <span class='ocrx_word' id='word_1_314' title='bbox 475 2180 618 2210; x_wconf 89' lang='lat' dir='ltr'>vocem</span> <span class='ocrx_word' id='word_1_315' title='bbox 649 2166 754 2211; x_wconf 88' lang='lat' dir='ltr'>Filii</span> <span class='ocrx_word' id='word_1_316' title='bbox 778 2168 876 2211; x_wconf 89' lang='lat' dir='ltr'>Dei.</span> <span class='ocrx_word' id='word_1_317' title='bbox 909 2166 1203 2212; x_wconf 87' lang='lat' dir='ltr'>Manifestum</span> <span class='ocrx_word' id='word_1_318' title='bbox 1236 2177 1304 2212; x_wconf 87' lang='lat' dir='ltr'>est</span> <span class='ocrx_word' id='word_1_319' title='bbox 1335 2167 1459 2212; x_wconf 89' lang='lat' dir='ltr'>enim</span> <span class='ocrx_word' id='word_1_320' title='bbox 1486 2167 1608 2226; x_wconf 89' lang='lat' dir='ltr'>quod</span> <span class='ocrx_word' id='word_1_321' title='bbox 1642 2167 1822 2212; x_wconf 90' lang='lat' dir='ltr'>animae</span> <span class='ocrx_word' id='word_1_322' title='bbox 1846 2167 1894 2211; x_wconf 90' lang='lat' dir='ltr'>in</span> <span class='ocrx_word' id='word_1_323' title='bbox 1921 2167 2232 2212; x_wconf 86' lang='lat' dir='ltr'>monumentis</span> <span class='ocrx_word' id='word_1_324' title='bbox 2267 2216 2269 2218; x_wconf 50' lang='grc'>,</span> 
     </span>
     <span class='ocr_line' id='line_1_33' title="bbox 278 2231 2287 2292; baseline 0.003 -17"><span class='ocrx_word' id='word_1_325' title='bbox 278 2246 373 2276; x_wconf 83' lang='grc' dir='ltr'><strong>ιιοιι</strong></span> <span class='ocrx_word' id='word_1_326' title='bbox 395 2242 511 2290; x_wconf 82' lang='grc' dir='ltr'><strong>3ιιιιι,</strong></span> <span class='ocrx_word' id='word_1_327' title='bbox 539 2233 616 2276; x_wconf 90' lang='lat' dir='ltr'>sed</span> <span class='ocrx_word' id='word_1_328' title='bbox 644 2247 848 2292; x_wconf 90' lang='lat' dir='ltr'>corpora.</span> <span class='ocrx_word' id='word_1_329' title='bbox 875 2232 1156 2278; x_wconf 87' lang='lat' dir='ltr'>Praedicitur</span> <span class='ocrx_word' id='word_1_330' title='bbox 1182 2248 1292 2292; x_wconf 89' lang='lat' dir='ltr'>ergo</span> <span class='ocrx_word' id='word_1_331' title='bbox 1317 2233 1394 2277; x_wconf 92' lang='lat' dir='ltr'>hic</span> <span class='ocrx_word' id='word_1_332' title='bbox 1423 2247 1668 2292; x_wconf 90' lang='lat' dir='ltr'>corporum</span> <span class='ocrx_word' id='word_1_333' title='bbox 1695 2233 1980 2279; x_wconf 86' lang='lat' dir='ltr'>resurrectio.</span> <span class='ocrx_word' id='word_1_334' title='bbox 2265 2231 2287 2282; x_wconf 74' lang='lat' dir='ltr'>s.</span> 
     </span>
     <span class='ocr_line' id='line_1_34' title="bbox 334 2299 2288 2364; baseline 0.002 -23"><span class='ocrx_word' id='word_1_335' title='bbox 334 2299 554 2356; x_wconf 84' lang='lat' dir='ltr'>Expresse</span> <span class='ocrx_word' id='word_1_336' title='bbox 581 2300 718 2343; x_wconf 89' lang='lat' dir='ltr'>etiam</span> <span class='ocrx_word' id='word_1_337' title='bbox 752 2313 997 2358; x_wconf 90' lang='lat' dir='ltr'>corporum</span> <span class='ocrx_word' id='word_1_338' title='bbox 1022 2301 1294 2344; x_wconf 88' lang='lat' dir='ltr'>resurrectio</span> <span class='ocrx_word' id='word_1_339' title='bbox 1331 2300 1671 2359; x_wconf 83' lang='lat' dir='ltr'>praenuntiatur</span> <span class='ocrx_word' id='word_1_340' title='bbox 1707 2314 1735 2344; x_wconf 83' lang='lat' dir='ltr'>a</span> <span class='ocrx_word' id='word_1_341' title='bbox 1763 2300 1884 2358; x_wconf 62' lang='lat' dir='ltr'>Job:</span> <span class='ocrx_word' id='word_1_342' title='bbox 1908 2299 2231 2364; x_wconf 52' lang='lat' dir='ltr'>-dieitmjffnim</span> <span class='ocrx_word' id='word_1_343' title='bbox 2283 2300 2288 2334; x_wconf 78' lang='grc' dir='ltr'><strong><em>ἶ</em></strong></span> 
     </span>
     <span class='ocr_line' id='line_1_35' title="bbox 275 2365 2234 2425; baseline 0.003 -17"><span class='ocrx_word' id='word_1_344' title='bbox 275 2365 384 2422; x_wconf 93' lang='lat' dir='ltr'>(Job</span> <span class='ocrx_word' id='word_1_345' title='bbox 412 2365 534 2409; x_wconf 89' lang='lat' dir='ltr'>XIX.</span> <span class='ocrx_word' id='word_1_346' title='bbox 581 2366 699 2422; x_wconf 84' lang='lat'>25.):</span> <span class='ocrx_word' id='word_1_347' title='bbox 724 2367 819 2411; x_wconf 82' lang='lat' dir='ltr'>Scio</span> <span class='ocrx_word' id='word_1_348' title='bbox 847 2367 954 2424; x_wconf 86' lang='lat' dir='ltr'>quod</span> <span class='ocrx_word' id='word_1_349' title='bbox 980 2366 1227 2425; x_wconf 88' lang='lat' dir='ltr'>Redemptor</span> <span class='ocrx_word' id='word_1_350' title='bbox 1259 2382 1374 2411; x_wconf 86' lang='lat' dir='ltr'>meus</span> <span class='ocrx_word' id='word_1_351' title='bbox 1404 2369 1529 2420; x_wconf 87' lang='lat' dir='ltr'>vivit,</span> <span class='ocrx_word' id='word_1_352' title='bbox 1558 2374 1596 2412; x_wconf 91' lang='lat' dir='ltr'>et</span> <span class='ocrx_word' id='word_1_353' title='bbox 1620 2369 1665 2410; x_wconf 91' lang='lat' dir='ltr'>in</span> <span class='ocrx_word' id='word_1_354' title='bbox 1702 2368 1925 2412; x_wconf 86' lang='lat' dir='ltr'>novissimo</span> <span class='ocrx_word' id='word_1_355' title='bbox 1947 2367 2012 2412; x_wconf 77' lang='lat' dir='ltr'>die</span> <span class='ocrx_word' id='word_1_356' title='bbox 2041 2366 2089 2412; x_wconf 84' lang='lat' dir='ltr'>de</span> <span class='ocrx_word' id='word_1_357' title='bbox 2120 2374 2234 2412; x_wconf 79' lang='lat' dir='ltr'>terra</span> 
     </span>
     <span class='ocr_line' id='line_1_36' title="bbox 274 2430 2290 2493; baseline 0.001 -18"><span class='ocrx_word' id='word_1_358' title='bbox 274 2437 534 2476; x_wconf 86' lang='lat' dir='ltr'>surrecturus</span> <span class='ocrx_word' id='word_1_359' title='bbox 555 2447 660 2486; x_wconf 82' lang='lat' dir='ltr'>sum,</span> <span class='ocrx_word' id='word_1_360' title='bbox 686 2439 723 2476; x_wconf 89' lang='lat' dir='ltr'>et</span> <span class='ocrx_word' id='word_1_361' title='bbox 747 2448 891 2477; x_wconf 84' lang='lat' dir='ltr'>rursus</span> <span class='ocrx_word' id='word_1_362' title='bbox 922 2433 1216 2478; x_wconf 84' lang='lat' dir='ltr'>circumdabor</span> <span class='ocrx_word' id='word_1_363' title='bbox 1234 2434 1340 2492; x_wconf 88' lang='lat' dir='ltr'>pelle</span> <span class='ocrx_word' id='word_1_364' title='bbox 1370 2448 1477 2487; x_wconf 89' lang='lat' dir='ltr'>mea,</span> <span class='ocrx_word' id='word_1_365' title='bbox 1501 2440 1540 2478; x_wconf 88' lang='lat' dir='ltr'>et</span> <span class='ocrx_word' id='word_1_366' title='bbox 1564 2436 1609 2477; x_wconf 90' lang='lat' dir='ltr'>in</span> <span class='ocrx_word' id='word_1_367' title='bbox 1632 2448 1760 2478; x_wconf 86' lang='lat' dir='ltr'>carne</span> <span class='ocrx_word' id='word_1_368' title='bbox 1789 2447 1889 2478; x_wconf 82' lang='lat' dir='ltr'>mea</span> <span class='ocrx_word' id='word_1_369' title='bbox 1905 2433 2065 2479; x_wconf 77' lang='lat' dir='ltr'>videbo</span> <span class='ocrx_word' id='word_1_370' title='bbox 2076 2430 2290 2493; x_wconf 45' lang='lat' dir='ltr'>Didiam-51</span> 
     </span>
     <span class='ocr_line' id='line_1_37' title="bbox 365 2497 2288 2586; baseline 0.002 -45"><span class='ocrx_word' id='word_1_371' title='bbox 365 2497 438 2541; x_wconf 93' lang='lat' dir='ltr'>Ad</span> <span class='ocrx_word' id='word_1_372' title='bbox 465 2498 799 2542; x_wconf 87' lang='lat' dir='ltr'>ostendendum</span> <span class='ocrx_word' id='word_1_373' title='bbox 827 2499 965 2542; x_wconf 88' lang='lat' dir='ltr'>etiam</span> <span class='ocrx_word' id='word_1_374' title='bbox 987 2500 1368 2543; x_wconf 88' lang='lat' dir='ltr'>resurrectionem</span> <span class='ocrx_word' id='word_1_375' title='bbox 1395 2500 1543 2544; x_wconf 89' lang='lat' dir='ltr'>carnis</span> <span class='ocrx_word' id='word_1_376' title='bbox 1569 2499 1768 2544; x_wconf 89' lang='lat' dir='ltr'>futuram</span> <span class='ocrx_word' id='word_1_377' title='bbox 1794 2500 1998 2547; x_wconf 79' lang='lat' dir='ltr'>evidens</span> <span class='ocrx_word' id='word_1_378' title='bbox 2004 2499 2126 2546; x_wconf 60' lang='lat' dir='ltr'>ratio!</span> <span class='ocrx_word' id='word_1_379' title='bbox 2147 2498 2241 2586; x_wconf 67' lang='grc' dir='ltr'>31ιὲ</span> <span class='ocrx_word' id='word_1_380' title='bbox 2266 2551 2288 2558; x_wconf 69' lang='lat'>,-</span> 
     </span>
     <span class='ocr_line' id='line_1_38' title="bbox 273 2561 2289 2641; baseline 0.002 -34"><span class='ocrx_word' id='word_1_381' title='bbox 273 2564 489 2622; x_wconf 81' lang='lat' dir='ltr'>fragatur,</span> <span class='ocrx_word' id='word_1_382' title='bbox 516 2565 759 2624; x_wconf 89' lang='lat' dir='ltr'>suppositis</span> <span class='ocrx_word' id='word_1_383' title='bbox 785 2566 856 2609; x_wconf 93' lang='lat' dir='ltr'>his</span> <span class='ocrx_word' id='word_1_384' title='bbox 884 2580 998 2641; x_wconf 88' lang='lat' dir='ltr'>quae</span> <span class='ocrx_word' id='word_1_385' title='bbox 1024 2566 1072 2608; x_wconf 93' lang='lat' dir='ltr'>in</span> <span class='ocrx_word' id='word_1_386' title='bbox 1098 2566 1405 2625; x_wconf 89' lang='lat' dir='ltr'>superioribus</span> <span class='ocrx_word' id='word_1_387' title='bbox 1431 2576 1535 2610; x_wconf 91' lang='lat' dir='ltr'>sunt</span> <span class='ocrx_word' id='word_1_388' title='bbox 1561 2577 1758 2610; x_wconf 85' lang='lat' dir='ltr'>ostensa</span> <span class='ocrx_word' id='word_1_389' title='bbox 2043 2599 2067 2607; x_wconf 72' lang='grc'>.,</span> <span class='ocrx_word' id='word_1_390' title='bbox 2258 2561 2289 2615; x_wconf 67' lang='lat' dir='ltr'>f</span> 
     </span>
     <span class='ocr_line' id='line_1_39' title="bbox 366 2595 2286 2696; baseline 0.003 -20"><span class='ocrx_word' id='word_1_391' title='bbox 366 2631 617 2677; x_wconf 87' lang='lat' dir='ltr'>Ostensum</span> <span class='ocrx_word' id='word_1_392' title='bbox 650 2642 717 2676; x_wconf 89' lang='lat' dir='ltr'>est</span> <span class='ocrx_word' id='word_1_393' title='bbox 743 2632 866 2676; x_wconf 88' lang='lat' dir='ltr'>enim</span> <span class='ocrx_word' id='word_1_394' title='bbox 899 2634 946 2676; x_wconf 88' lang='lat' dir='ltr'>in</span> <span class='ocrx_word' id='word_1_395' title='bbox 981 2633 1184 2676; x_wconf 90' lang='lat' dir='ltr'>secundo</span> <span class='ocrx_word' id='word_1_396' title='bbox 1221 2634 1284 2691; x_wconf 92' lang='lat' dir='ltr'>(c.</span> <span class='ocrx_word' id='word_1_397' title='bbox 1322 2632 1416 2692; x_wconf 86' lang='lat'>79.)</span> <span class='ocrx_word' id='word_1_398' title='bbox 1451 2633 1628 2676; x_wconf 89' lang='lat' dir='ltr'>animas</span> <span class='ocrx_word' id='word_1_399' title='bbox 1662 2632 1914 2677; x_wconf 83' lang='lat' dir='ltr'>hominum</span> <span class='ocrx_word' id='word_1_400' title='bbox 1942 2595 2286 2696; x_wconf 43' lang='lat' dir='ltr'>immortales}</span> 
     </span>
     <span class='ocr_line' id='line_1_40' title="bbox 276 2698 2286 2758; baseline 0.001 -16"><span class='ocrx_word' id='word_1_401' title='bbox 276 2711 388 2742; x_wconf 87' lang='lat' dir='ltr'>esse.</span> <span class='ocrx_word' id='word_1_402' title='bbox 415 2698 672 2743; x_wconf 91' lang='lat' dir='ltr'>Remanent</span> <span class='ocrx_word' id='word_1_403' title='bbox 697 2699 833 2758; x_wconf 90' lang='lat' dir='ltr'>igitur</span> <span class='ocrx_word' id='word_1_404' title='bbox 858 2709 963 2758; x_wconf 91' lang='lat' dir='ltr'>post</span> <span class='ocrx_word' id='word_1_405' title='bbox 989 2713 1183 2758; x_wconf 89' lang='lat' dir='ltr'>corpora</span> <span class='ocrx_word' id='word_1_406' title='bbox 1210 2713 1235 2743; x_wconf 88' lang='lat' dir='ltr'>a</span> <span class='ocrx_word' id='word_1_407' title='bbox 1263 2699 1529 2758; x_wconf 89' lang='lat' dir='ltr'>corporibus</span> <span class='ocrx_word' id='word_1_408' title='bbox 1556 2699 1805 2743; x_wconf 88' lang='lat' dir='ltr'>absolutae.·</span> <span class='ocrx_word' id='word_1_409' title='bbox 1836 2698 2147 2754; x_wconf 73' lang='lat' dir='ltr'>Manifestum</span> <span class='ocrx_word' id='word_1_410' title='bbox 2160 2707 2286 2757; x_wconf 58' lang='lat' dir='ltr'>en</span> 
     </span>
     <span class='ocr_line' id='line_1_41' title="bbox 276 2765 2238 2825; baseline 0.001 -17"><span class='ocrx_word' id='word_1_411' title='bbox 276 2765 413 2808; x_wconf 88' lang='lat' dir='ltr'>etiam</span> <span class='ocrx_word' id='word_1_412' title='bbox 441 2779 494 2808; x_wconf 84' lang='lat' dir='ltr'>ex</span> <span class='ocrx_word' id='word_1_413' title='bbox 521 2765 590 2809; x_wconf 92' lang='lat' dir='ltr'>his</span> <span class='ocrx_word' id='word_1_414' title='bbox 617 2779 733 2824; x_wconf 86' lang='lat' dir='ltr'>quae</span> <span class='ocrx_word' id='word_1_415' title='bbox 755 2766 802 2809; x_wconf 90' lang='lat' dir='ltr'>in</span> <span class='ocrx_word' id='word_1_416' title='bbox 829 2766 1030 2817; x_wconf 91' lang='lat' dir='ltr'>secundo</span> <span class='ocrx_word' id='word_1_417' title='bbox 1059 2767 1120 2823; x_wconf 91' lang='lat' dir='ltr'>(c.</span> <span class='ocrx_word' id='word_1_418' title='bbox 1147 2766 1173 2810; x_wconf 84' lang='lat'>8</span> <span class='ocrx_word' id='word_1_419' title='bbox 1182 2780 1218 2821; x_wconf 65' lang='grc' dir='ltr'><strong><em>ς</em></strong></span> <span class='ocrx_word' id='word_1_420' title='bbox 1237 2776 1281 2810; x_wconf 90' lang='lat' dir='ltr'>et</span> <span class='ocrx_word' id='word_1_421' title='bbox 1308 2766 1399 2822; x_wconf 89' lang='lat'>84.)</span> <span class='ocrx_word' id='word_1_422' title='bbox 1428 2766 1546 2810; x_wconf 86' lang='lat' dir='ltr'>dicta</span> <span class='ocrx_word' id='word_1_423' title='bbox 1573 2776 1691 2821; x_wconf 89' lang='lat' dir='ltr'>sunt,</span> <span class='ocrx_word' id='word_1_424' title='bbox 1718 2766 1841 2825; x_wconf 90' lang='lat' dir='ltr'>quod</span> <span class='ocrx_word' id='word_1_425' title='bbox 1867 2765 2022 2811; x_wconf 77' lang='lat' dir='ltr'>anima</span> <span class='ocrx_word' id='word_1_426' title='bbox 2047 2765 2238 2825; x_wconf 66' lang='lat' dir='ltr'>corpori</span> 
     </span>
     <span class='ocr_line' id='line_1_42' title="bbox 275 2830 2249 2892; baseline 0.002 -18"><span class='ocrx_word' id='word_1_427' title='bbox 275 2830 539 2875; x_wconf 85' lang='lat' dir='ltr'>naturaliter</span> <span class='ocrx_word' id='word_1_428' title='bbox 566 2833 737 2887; x_wconf 91' lang='lat' dir='ltr'>unitur;</span> <span class='ocrx_word' id='word_1_429' title='bbox 764 2843 832 2876; x_wconf 88' lang='lat' dir='ltr'>est</span> <span class='ocrx_word' id='word_1_430' title='bbox 857 2833 981 2876; x_wconf 89' lang='lat' dir='ltr'>enim</span> <span class='ocrx_word' id='word_1_431' title='bbox 1013 2833 1267 2877; x_wconf 87' lang='lat' dir='ltr'>secundum</span> <span class='ocrx_word' id='word_1_432' title='bbox 1293 2846 1423 2876; x_wconf 90' lang='lat' dir='ltr'>suam</span> <span class='ocrx_word' id='word_1_433' title='bbox 1458 2833 1702 2877; x_wconf 87' lang='lat' dir='ltr'>essentiam</span> <span class='ocrx_word' id='word_1_434' title='bbox 1729 2832 1946 2892; x_wconf 79' lang='lat' dir='ltr'>corporis&#39;</span> <span class='ocrx_word' id='word_1_435' title='bbox 1958 2830 2142 2878; x_wconf 67' lang='lat' dir='ltr'>forma.</span> <span class='ocrx_word' id='word_1_436' title='bbox 2151 2831 2249 2878; x_wconf 63' lang='lat' dir='ltr'>Esi&#39;</span> 
     </span>
     <span class='ocr_line' id='line_1_43' title="bbox 275 2897 2285 2975; baseline 0.001 -34"><span class='ocrx_word' id='word_1_437' title='bbox 275 2898 412 2956; x_wconf 87' lang='lat' dir='ltr'>igitur</span> <span class='ocrx_word' id='word_1_438' title='bbox 445 2907 604 2942; x_wconf 89' lang='lat' dir='ltr'>contra</span> <span class='ocrx_word' id='word_1_439' title='bbox 635 2909 846 2943; x_wconf 88' lang='lat' dir='ltr'>naturam</span> <span class='ocrx_word' id='word_1_440' title='bbox 880 2899 1059 2944; x_wconf 87' lang='lat' dir='ltr'>animae</span> <span class='ocrx_word' id='word_1_441' title='bbox 1093 2899 1261 2958; x_wconf 88' lang='lat' dir='ltr'>absque</span> <span class='ocrx_word' id='word_1_442' title='bbox 1295 2913 1488 2975; x_wconf 78' lang='lat' dir='ltr'>corpore</span> <span class='ocrx_word' id='word_1_443' title='bbox 1515 2913 1628 2943; x_wconf 85' lang='lat' dir='ltr'>esse.</span> <span class='ocrx_word' id='word_1_444' title='bbox 1666 2899 1794 2944; x_wconf 87' lang='lat' dir='ltr'>Nihil</span> <span class='ocrx_word' id='word_1_445' title='bbox 1826 2908 2003 2946; x_wconf 78' lang='lat' dir='ltr'>autem</span> <span class='ocrx_word' id='word_1_446' title='bbox 2017 2897 2144 2959; x_wconf 74' lang='lat' dir='ltr'>quod</span> <span class='ocrx_word' id='word_1_447' title='bbox 2163 2907 2236 2944; x_wconf 67' lang='lat' dir='ltr'>est</span> <span class='ocrx_word' id='word_1_448' title='bbox 2266 2910 2285 2961; x_wconf 51' lang='lat' dir='ltr'>j</span> 
     </span>
     <span class='ocr_line' id='line_1_44' title="bbox 276 2964 2237 3041; baseline 0.002 -33"><span class='ocrx_word' id='word_1_449' title='bbox 276 2974 435 3021; x_wconf 85' lang='lat' dir='ltr'>contra</span> <span class='ocrx_word' id='word_1_450' title='bbox 462 2975 672 3010; x_wconf 90' lang='lat' dir='ltr'>naturam</span> <span class='ocrx_word' id='word_1_451' title='bbox 690 2975 839 3041; x_wconf 85' lang='lat' dir='ltr'>potest</span> <span class='ocrx_word' id='word_1_452' title='bbox 857 2980 954 3010; x_wconf 90' lang='lat' dir='ltr'>esse</span> <span class='ocrx_word' id='word_1_453' title='bbox 972 2976 1255 3025; x_wconf 87' lang='lat' dir='ltr'>perpetuum.</span> <span class='ocrx_word' id='word_1_454' title='bbox 1278 2966 1414 3010; x_wconf 88' lang='lat' dir='ltr'>Non&#39;</span> <span class='ocrx_word' id='word_1_455' title='bbox 1403 2965 1540 3024; x_wconf 77' lang='lat' dir='ltr'>igitur</span> <span class='ocrx_word' id='word_1_456' title='bbox 1556 2975 1776 3025; x_wconf 88' lang='lat' dir='ltr'>perpetuo</span> <span class='ocrx_word' id='word_1_457' title='bbox 1794 2965 1882 3011; x_wconf 74' lang='lat' dir='ltr'>erit</span> <span class='ocrx_word' id='word_1_458' title='bbox 1893 2964 2048 3010; x_wconf 78' lang='lat' dir='ltr'>anima</span> <span class='ocrx_word' id='word_1_459' title='bbox 2064 2961 2278 3026; x_wconf 29' lang='lat' dir='ltr'>absquo&amp;</span> 
     </span>
     <span class='ocr_line' id='line_1_45' title="bbox 276 3031 2270 3108; baseline 0.002 -34"><span class='ocrx_word' id='word_1_460' title='bbox 276 3045 482 3089; x_wconf 89' lang='lat' dir='ltr'>corpore.</span> <span class='ocrx_word' id='word_1_461' title='bbox 503 3031 692 3084; x_wconf 89' lang='lat' dir='ltr'>Quum</span> <span class='ocrx_word' id='word_1_462' title='bbox 680 3032 816 3091; x_wconf 88' lang='lat' dir='ltr'>1gitur</span> <span class='ocrx_word' id='word_1_463' title='bbox 832 3043 1052 3091; x_wconf 88' lang='lat' dir='ltr'>perpetuo</span> <span class='ocrx_word' id='word_1_464' title='bbox 1080 3043 1278 3086; x_wconf 86' lang='lat' dir='ltr'>maneat,</span> <span class='ocrx_word' id='word_1_465' title='bbox 1297 3042 1478 3108; x_wconf 89' lang='lat' dir='ltr'>oportet</span> <span class='ocrx_word' id='word_1_466' title='bbox 1494 3045 1597 3076; x_wconf 87' lang='lat' dir='ltr'>eam</span> <span class='ocrx_word' id='word_1_467' title='bbox 1616 3032 1799 3091; x_wconf 86' lang='lat' dir='ltr'>corpori</span> <span class='ocrx_word' id='word_1_468' title='bbox 1812 3032 1983 3081; x_wconf 77' lang='lat' dir='ltr'>iterato</span> <span class='ocrx_word' id='word_1_469' title='bbox 1987 3031 2270 3092; x_wconf 38' lang='lat' dir='ltr'>conjungi}</span> 
     </span>
     <span class='ocr_line' id='line_1_46' title="bbox 276 3098 2240 3158; baseline 0.002 -17"><span class='ocrx_word' id='word_1_470' title='bbox 276 3098 397 3156; x_wconf 90' lang='lat' dir='ltr'>quod</span> <span class='ocrx_word' id='word_1_471' title='bbox 419 3109 487 3142; x_wconf 89' lang='lat' dir='ltr'>est</span> <span class='ocrx_word' id='word_1_472' title='bbox 512 3112 759 3157; x_wconf 90' lang='lat' dir='ltr'>resurgere.</span> <span class='ocrx_word' id='word_1_473' title='bbox 775 3098 1100 3144; x_wconf 84' lang='lat' dir='ltr'>immortalitas</span> <span class='ocrx_word' id='word_1_474' title='bbox 1118 3099 1254 3158; x_wconf 86' lang='lat' dir='ltr'>igitur</span> <span class='ocrx_word' id='word_1_475' title='bbox 1272 3099 1529 3143; x_wconf 89' lang='lat' dir='ltr'>animarum</span> <span class='ocrx_word' id='word_1_476' title='bbox 1549 3099 1734 3158; x_wconf 84' lang='lat' dir='ltr'>exigere</span> <span class='ocrx_word' id='word_1_477' title='bbox 1749 3098 1927 3144; x_wconf 83' lang='lat' dir='ltr'>videtur</span> <span class='ocrx_word' id='word_1_478' title='bbox 1943 3098 2240 3148; x_wconf 50' lang='lat' dir='ltr'>temnet&amp;</span> 
     </span>
     <span class='ocr_line' id='line_1_47' title="bbox 275 3165 2135 3223; baseline 0.002 -16"><span class='ocrx_word' id='word_1_479' title='bbox 275 3178 383 3208; x_wconf 90' lang='lat' dir='ltr'>nem</span> <span class='ocrx_word' id='word_1_480' title='bbox 411 3178 657 3223; x_wconf 90' lang='lat' dir='ltr'>corporum</span> <span class='ocrx_word' id='word_1_481' title='bbox 683 3165 897 3210; x_wconf 88' lang='lat' dir='ltr'>futuram.</span> <span class='ocrx_word' id='word_1_482' title='bbox 2064 3199 2066 3201; x_wconf 85' lang='lat'>-</span> <span class='ocrx_word' id='word_1_483' title='bbox 2127 3185 2135 3209; x_wconf 52' lang='grc' dir='ltr'>ι</span> 
     </span>
     <span class='ocr_line' id='line_1_48' title="bbox 365 3199 2267 3291; baseline 0.002 -16"><span class='ocrx_word' id='word_1_484' title='bbox 365 3225 556 3275; x_wconf 80' lang='lat' dir='ltr'>Adhuc:</span> <span class='ocrx_word' id='word_1_485' title='bbox 586 3242 819 3276; x_wconf 90' lang='lat' dir='ltr'>ostensum</span> <span class='ocrx_word' id='word_1_486' title='bbox 842 3241 909 3276; x_wconf 87' lang='lat' dir='ltr'>est</span> <span class='ocrx_word' id='word_1_487' title='bbox 931 3246 1064 3291; x_wconf 89' lang='lat' dir='ltr'>supra</span> <span class='ocrx_word' id='word_1_488' title='bbox 1081 3232 1129 3276; x_wconf 89' lang='lat' dir='ltr'>in</span> <span class='ocrx_word' id='word_1_489' title='bbox 1146 3231 1280 3276; x_wconf 88' lang='lat' dir='ltr'>tertio</span> <span class='ocrx_word' id='word_1_490' title='bbox 1303 3232 1363 3290; x_wconf 91' lang='lat' dir='ltr'>(c.</span> <span class='ocrx_word' id='word_1_491' title='bbox 1384 3232 1476 3290; x_wconf 89' lang='lat'>24.)</span> <span class='ocrx_word' id='word_1_492' title='bbox 1503 3230 1710 3277; x_wconf 87' lang='lat' dir='ltr'>naturale</span> <span class='ocrx_word' id='word_1_493' title='bbox 1730 3199 1946 3278; x_wconf 71' lang='lat' dir='ltr'>hominis</span> <span class='ocrx_word' id='word_1_494' title='bbox 1959 3229 2267 3277; x_wconf 58' lang='lat' dir='ltr'>v</span> 
     </span>
    </p>

    <p class='ocr_par' dir='ltr' id='par_1_10' title="bbox 276 3296 2278 3626">
     <span class='ocr_line' id='line_1_49' title="bbox 280 3296 2132 3357; baseline 0.001 -17"><span class='ocrx_word' id='word_1_495' title='bbox 280 3297 335 3340; x_wconf 88' lang='lat' dir='ltr'>ad</span> <span class='ocrx_word' id='word_1_496' title='bbox 361 3296 625 3342; x_wconf 88' lang='lat' dir='ltr'>felicitatem</span> <span class='ocrx_word' id='word_1_497' title='bbox 642 3299 841 3343; x_wconf 89' lang='lat' dir='ltr'>tendere.</span> <span class='ocrx_word' id='word_1_498' title='bbox 860 3299 1070 3343; x_wconf 89' lang='lat' dir='ltr'>Felicitas</span> <span class='ocrx_word' id='word_1_499' title='bbox 1088 3309 1242 3343; x_wconf 89' lang='lat' dir='ltr'>autem</span> <span class='ocrx_word' id='word_1_500' title='bbox 1269 3299 1430 3343; x_wconf 88' lang='lat' dir='ltr'>ultima</span> <span class='ocrx_word' id='word_1_501' title='bbox 1448 3308 1516 3343; x_wconf 91' lang='lat' dir='ltr'>est</span> <span class='ocrx_word' id='word_1_502' title='bbox 1531 3297 1676 3343; x_wconf 87' lang='lat' dir='ltr'>felicis</span> <span class='ocrx_word' id='word_1_503' title='bbox 1692 3296 1929 3357; x_wconf 58' lang='lat' dir='ltr'>perfecti&amp;</span> <span class='ocrx_word' id='word_1_504' title='bbox 1946 3296 2062 3343; x_wconf 84' lang='lat' dir='ltr'>Cuic</span> <span class='ocrx_word' id='word_1_505' title='bbox 2108 3320 2132 3335; x_wconf 70' lang='lat' dir='ltr'>u</span> 
     </span>
     <span class='ocr_line' id='line_1_50' title="bbox 276 3362 2265 3425; baseline 0.002 -18"><span class='ocrx_word' id='word_1_506' title='bbox 276 3363 411 3422; x_wconf 88' lang='lat' dir='ltr'>igitur</span> <span class='ocrx_word' id='word_1_507' title='bbox 427 3365 551 3409; x_wconf 88' lang='lat' dir='ltr'>deest</span> <span class='ocrx_word' id='word_1_508' title='bbox 568 3364 734 3424; x_wconf 85' lang='lat' dir='ltr'>aliquid</span> <span class='ocrx_word' id='word_1_509' title='bbox 752 3366 808 3410; x_wconf 86' lang='lat' dir='ltr'>ad</span> <span class='ocrx_word' id='word_1_510' title='bbox 827 3365 1153 3425; x_wconf 89' lang='lat' dir='ltr'>perfectionem</span> <span class='ocrx_word' id='word_1_511' title='bbox 1171 3365 1378 3410; x_wconf 87' lang='lat' dir='ltr'>nondum</span> <span class='ocrx_word' id='word_1_512' title='bbox 1404 3365 1542 3410; x_wconf 87' lang='lat' dir='ltr'>habet</span> <span class='ocrx_word' id='word_1_513' title='bbox 1567 3364 1834 3410; x_wconf 85' lang='lat' dir='ltr'>felicitatem</span> <span class='ocrx_word' id='word_1_514' title='bbox 1846 3362 2123 3424; x_wconf 50' lang='lat' dir='ltr'>perfectamy</span> <span class='ocrx_word' id='word_1_515' title='bbox 2193 3408 2198 3412; x_wconf 87' lang='lat'>.</span> <span class='ocrx_word' id='word_1_516' title='bbox 2212 3371 2217 3375; x_wconf 76' lang='grc'><strong>“</strong></span> <span class='ocrx_word' id='word_1_517' title='bbox 2231 3368 2265 3425; x_wconf 53' lang='grc' dir='ltr'>ῑῑζ</span> 
     </span>
     <span class='ocr_line' id='line_1_51' title="bbox 277 3425 2270 3500; baseline 0.003 -27"><span class='ocrx_word' id='word_1_518' title='bbox 277 3430 482 3474; x_wconf 90' lang='lat' dir='ltr'>nondum</span> <span class='ocrx_word' id='word_1_519' title='bbox 500 3432 595 3490; x_wconf 89' lang='lat' dir='ltr'>ejus</span> <span class='ocrx_word' id='word_1_520' title='bbox 608 3432 881 3477; x_wconf 88' lang='lat' dir='ltr'>desiderium</span> <span class='ocrx_word' id='word_1_521' title='bbox 894 3433 1093 3478; x_wconf 81' lang='lat' dir='ltr'>totaliter</span> <span class='ocrx_word' id='word_1_522' title='bbox 1106 3425 1353 3492; x_wconf 89' lang='lat' dir='ltr'>quietatur:</span> <span class='ocrx_word' id='word_1_523' title='bbox 1372 3446 1512 3477; x_wconf 89' lang='lat' dir='ltr'>omne</span> <span class='ocrx_word' id='word_1_524' title='bbox 1530 3431 1720 3476; x_wconf 88' lang='lat' dir='ltr'>enimim</span> <span class='ocrx_word' id='word_1_525' title='bbox 1724 3429 1985 3491; x_wconf 80' lang='lat' dir='ltr'>perfeetum</span> <span class='ocrx_word' id='word_1_526' title='bbox 2000 3429 2182 3500; x_wconf 37' lang='lat' dir='ltr'>Peffſsm-</span> <span class='ocrx_word' id='word_1_527' title='bbox 2235 3432 2270 3473; x_wconf 99' lang='grc' dir='ltr'>Σῶ»</span> 
     </span>
     <span class='ocr_line' id='line_1_52' title="bbox 278 3499 2187 3577; baseline 0.003 -38"><span class='ocrx_word' id='word_1_528' title='bbox 278 3510 385 3540; x_wconf 87' lang='lat' dir='ltr'>nem</span> <span class='ocrx_word' id='word_1_529' title='bbox 405 3500 622 3558; x_wconf 90' lang='lat' dir='ltr'>consequi</span> <span class='ocrx_word' id='word_1_530' title='bbox 646 3499 910 3544; x_wconf 89' lang='lat' dir='ltr'>naturaliter</span> <span class='ocrx_word' id='word_1_531' title='bbox 933 3500 1068 3577; x_wconf 84' lang='lat' dir='ltr'>cupit.</span> <span class='ocrx_word' id='word_1_532' title='bbox 1087 3499 1257 3544; x_wconf 87' lang='lat' dir='ltr'>Anima</span> <span class='ocrx_word' id='word_1_533' title='bbox 1284 3509 1437 3544; x_wconf 88' lang='lat' dir='ltr'>autem</span> <span class='ocrx_word' id='word_1_534' title='bbox 1470 3513 1495 3543; x_wconf 89' lang='lat' dir='ltr'>a</span> <span class='ocrx_word' id='word_1_535' title='bbox 1529 3512 1722 3558; x_wconf 88' lang='lat' dir='ltr'>corpore</span> <span class='ocrx_word' id='word_1_536' title='bbox 1753 3506 2066 3558; x_wconf 54' lang='lat' dir='ltr'>separatae&amp;</span> <span class='ocrx_word' id='word_1_537' title='bbox 2079 3503 2081 3505; x_wconf 79' lang='grc'><strong>’</strong></span> <span class='ocrx_word' id='word_1_538' title='bbox 2145 3503 2157 3507; x_wconf 78' lang='grc'><em>”</em></span> <span class='ocrx_word' id='word_1_539' title='bbox 2185 3501 2187 3503; x_wconf 79' lang='grc'><strong>’</strong></span> 
     </span>
     <span class='ocr_line' id='line_1_53' title="bbox 280 3562 2169 3640; baseline 0.001 -33"><span class='ocrx_word' id='word_1_540' title='bbox 280 3565 419 3608; x_wconf 85' lang='lat' dir='ltr'>modo</span> <span class='ocrx_word' id='word_1_541' title='bbox 438 3564 717 3624; x_wconf 81' lang='lat' dir='ltr'>imperfecta,</span> <span class='ocrx_word' id='word_1_542' title='bbox 745 3566 860 3611; x_wconf 89' lang='lat' dir='ltr'>sicut</span> <span class='ocrx_word' id='word_1_543' title='bbox 885 3566 1036 3611; x_wconf 89' lang='lat' dir='ltr'>omnis</span> <span class='ocrx_word' id='word_1_544' title='bbox 1062 3581 1165 3626; x_wconf 91' lang='lat' dir='ltr'>pars</span> <span class='ocrx_word' id='word_1_545' title='bbox 1192 3576 1316 3611; x_wconf 81' lang='lat' dir='ltr'>extra</span> <span class='ocrx_word' id='word_1_546' title='bbox 1339 3579 1471 3611; x_wconf 88' lang='lat' dir='ltr'>suum</span> <span class='ocrx_word' id='word_1_547' title='bbox 1494 3575 1642 3640; x_wconf 83' lang='lat' dir='ltr'>totum</span> <span class='ocrx_word' id='word_1_548' title='bbox 1670 3565 1911 3610; x_wconf 66' lang='lat' dir='ltr'>exsistens.</span> <span class='ocrx_word' id='word_1_549' title='bbox 1926 3562 2088 3611; x_wconf 64' lang='lat' dir='ltr'>nin!</span> <span class='ocrx_word' id='word_1_550' title='bbox 2146 3584 2169 3599; x_wconf 81' lang='lat'>··</span> 
     </span>
    </p>
   </div>
   <div class='ocr_carea' id='block_1_6' title="bbox 2040 2109 2294 3657">
    <p class='ocr_par' dir='ltr' id='par_1_11' title="bbox 2040 2109 2294 3657">
     <span class='ocr_line' id='line_1_54' title="bbox 2263 2109 2294 2256; baseline 0 0"><span class='ocrx_word' id='word_1_551' title='bbox 2263 2109 2294 2256; x_wconf 95' lang='lat' dir='ltr'>  </span> 
     </span>
     <span class='ocr_line' id='line_1_55' title="bbox 2265 2269 2294 2572; baseline 0 0"><span class='ocrx_word' id='word_1_552' title='bbox 2265 2269 2294 2572; x_wconf 95' lang='lat' dir='ltr'>    </span> 
     </span>
     <span class='ocr_line' id='line_1_56' title="bbox 2255 2722 2294 2990; baseline 0 0"><span class='ocrx_word' id='word_1_553' title='bbox 2255 2722 2294 2990; x_wconf 95' lang='lat' dir='ltr'>    </span> 
     </span>
     <span class='ocr_line' id='line_1_57' title="bbox 2240 2990 2294 3188; baseline 0 0"><span class='ocrx_word' id='word_1_554' title='bbox 2240 2990 2294 3188; x_wconf 95' lang='lat' dir='ltr'>   </span> 
     </span>
     <span class='ocr_line' id='line_1_58' title="bbox 2040 3188 2294 3331; baseline 0 -65"><span class='ocrx_word' id='word_1_555' title='bbox 2040 3188 2294 3331; x_wconf 95' lang='lat' dir='ltr'>    </span> 
     </span>
     <span class='ocr_line' id='line_1_59' title="bbox 2069 3331 2294 3657; baseline -0.053 -123"><span class='ocrx_word' id='word_1_556' title='bbox 2069 3331 2294 3657; x_wconf 95' lang='lat' dir='ltr'>    </span> 
     </span>
    </p>
   </div>
  </div>
 </body>
</html>
