2332 3854
256 195 363 272 438
914 212 1070 255 LIBER
1107 216 1184 254 111.
1227 216 1346 255 CAP.
1388 211 1555 267 xcvn.

257 329 445 363 causam
471 318 741 363 reducamus
768 319 924 362 omnia
949 318 997 362 in
1022 317 1307 362 voluntatem
1338 317 1564 361 divinam:
1591 318 1709 363 sicut
1732 318 1771 363 si
1795 327 2054 393 quaeratur,
2067 327 2210 383 quare

256 385 434 444 lignum
467 396 534 430 est
558 386 830 430 calefactum
858 385 914 428 ad
938 385 1244 444 praesentiam
1274 384 1408 443 ignis,
1441 384 1602 429 dicitur
1633 385 1756 444 quod
1789 378 2027 444 calefactio
2044 388 2126 430 est
2124 392 2212 430 na-

257 451 414 497 turalis
448 455 567 497 actio
594 453 740 510 ignis3
771 452 862 495 hoc
891 461 1058 505 autem,
1085 451 1191 510 quia
1217 450 1344 495 calor
1369 459 1437 495 est
1461 451 1695 529 proprium
1729 452 1940 496 accidens
1972 452 2091 511 ejus-²3
2120 451 2212 497 hoc

258 528 411 563 autem
430 519 722 578 consequitur
738 518 970 576 propriam
986 516 1186 561 formam
1218 518 1338 592 ejus;
1365 527 1410 562 et
1440 519 1503 563 sic
1535 518 1640 562 inde
1673 532 1910 577 quousque
1927 517 2214 584 perveniatur

260 577 317 629 ad
348 585 552 629 divinam
584 585 882 628 voluntatem
926 584 1060 627 Unde
1102 585 1139 627 si
1176 585 1276 643 quis
1317 584 1563 643 respondet
1586 585 1835 643 quaerenti,
1866 594 2007 644 quare
2036 575 2214 648 liss'num

261 652 532 697 calefactum
559 658 645 695 est:
674 652 778 709 quia
794 643 922 695 Deus
947 650 1108 705 voluit,
1126 651 1450 695 convenienter
1473 651 1659 711 quidem
1684 652 1944 712 respondet,
1966 653 2003 696 si
2023 642 2215 697 intendit

256 719 472 763 leducere
507 720 795 777 questionem
827 718 874 761 in
905 711 1102 777 primam
1138 727 1348 774 causam3
1381 718 1759 764 inconvenienter
1798 727 1924 773 vero,
1955 718 1995 764 si
2022 716 2216 767 intendit

206 778 212 788 ’
259 798 422 830 ornnes
455 784 565 829 alias
600 784 840 829 excludere
868 793 1071 838 causas.

960 981 1215 1039 CAPUT
1255 937 1518 1040 XCVIII.

763 1117 1052 1165 QUOMODO
1092 1119 1235 1157 DEus
1274 1119 1460 1158 Possrr
1499 1107 1738 1158 FACERE·

648 1190 895 1233 PRAETER
934 1193 1188 1232 ORDINEM
1227 1192 1364 1231 SUAE
1404 1192 1831 1245 PROVIDENTIAE,

951 1267 1022 1306 ET
1065 1263 1350 1314 QUOMODO
1391 1268 1525 1308 NON.

349 1376 415 1421 Ex
446 1375 706 1435 praemissis
733 1385 886 1421 autem
905 1377 1050 1436 accipi
1080 1387 1230 1436 potest
1254 1377 1447 1437 duplicis
1465 1377 1635 1422 ordinis
1661 1376 1981 1423 consideratio.
2004 1375 2219 1430 Quoeum

260 1458 375 1489 unus
402 1443 587 1503 quidem
608 1443 833 1503 dependet
850 1458 904 1488 ex
924 1444 1070 1503 prima
1097 1444 1308 1489 omnium
1325 1458 1475 1499 causa,
1496 1443 1618 1489 unde
1641 1454 1688 1490 et
1703 1443 1860 1490 omnia
1877 1442 2220 1503 complectitun

260 1511 377 1555 alius
408 1510 708 1570 particularis,
740 1511 818 1570 qui
850 1525 903 1555 ex
936 1511 1087 1570 aliqua
1120 1525 1259 1556 causa
1291 1522 1441 1557 creata
1458 1512 1696 1572 dependet,
1722 1521 1768 1556 et
1784 1509 1991 1557 continet
2002 1508 2081 1556 ffla
2101 1519 2218 1570 quae

264 1590 426 1624 causae
458 1577 526 1621 illi
557 1578 827 1623 subduntur:
865 1588 908 1622 et
938 1578 1014 1622 hic
1042 1578 1228 1637 quidem
1259 1578 1496 1639 multiplex
1523 1589 1603 1634 est,
1629 1578 1884 1624 secundum
1909 1576 2220 1623 diversitatem

262 1658 505 1689 causarum
537 1659 653 1703 quae
679 1645 796 1689 inter
829 1655 1058 1689 creaturas
1084 1645 1387 1690 inveniuntur.
1423 1646 1554 1691 Unus
1579 1656 1734 1690 tamen
1751 1658 1931 1690 *eorum
1958 1645 2044 1690 sub
2077 1643 2220 1693 altero

264 1712 535 1766 continetur,
568 1712 686 1756 sicut
726 1721 771 1756 et
810 1708 1052 1756 causarum
1084 1726 1174 1756 una
1213 1713 1293 1757 sub
1327 1712 1468 1757 altera
1501 1713 1697 1758 exsistit:
1739 1711 2221 1771 undeoportetquod

262 1793 425 1824 omnes
453 1778 745 1837 particulares
780 1779 961 1823 ordines
987 1780 1068 1823 sub
1101 1779 1182 1823 illo
1210 1779 1368 1823 ordine
1402 1780 1735 1834 contineantur,
1768 1789 1813 1823 et
1843 1778 1898 1823 ab
1924 1777 2009 1823 illo
2038 1777 2222 1823 descen»

263 1845 387 1900 dant,
417 1846 493 1904 qui
519 1845 812 1890 inveniuntur
838 1848 884 1890 in
915 1846 1063 1902 rebus,
1095 1847 1349 1891 secundum
1391 1847 1514 1906 quod
1548 1861 1573 1890 a
1606 1847 1753 1905 prima
1787 1858 1924 1891 causa
1944 1844 2220 1905 dependent.

263 1913 540 1971 Huiusmodi
572 1912 834 1972 exemplum
860 1915 905 1957 in
932 1912 1128 1972 politicis
1157 1914 1435 1958 considerari
1459 1923 1621 1972 potest.
1648 1914 1771 1958 Nam
1797 1922 1960 1957 ornnes
1980 1911 2222 1957 domestici

261 1980 395 2024 unius
427 1977 765 2037 patrisfamilias
792 1980 1002 2024 ordinem
1035 1980 1280 2039 quemdam
1301 1981 1355 2024 ad
1382 1980 1581 2024 invicem
1612 1981 1796 2034 habent,
1816 1976 2223 2039 seeundum-quod

262 2047 306 2091 ei
347 2045 610 2091 subduntur.
643 2046 815 2091 Rursus
858 2056 1010 2091 autem
1036 2057 1133 2092 tam
1164 2048 1260 2107 ipse
1293 2047 1630 2107 paterfamilias,
1664 2060 1803 2107 quam
1840 2057 2017 2092 onmes¹
2038 2044 2224 2105 aliiqui

262 2124 369 2158 sunt
399 2128 509 2158 suae
541 2114 749 2169 civitatis,
777 2115 985 2160 Ordinem
1018 2115 1262 2174 quemdam
1283 2115 1339 2159 ad
1371 2115 1569 2159 invicem
1600 2115 1784 2169 habent,
1810 2123 1855 2159 et
1885 2114 1941 2158 ad
1971 2113 2224 2174 principem

265 2182 472 2236 civitatiS,
492 2184 568 2241 qui
594 2182 759 2248 iterum
778 2194 884 2226 cum
911 2183 1123 2227 omnibus
1140 2183 1218 2242 qui
1244 2193 1347 2227 sunt
1362 2182 1410 2226 in
1435 2195 1579 2242 regno
1613 2181 1813 2242 aliquem
1830 2178 2226 2226 ordinem'habent

265 2249 321 2292 ad
347 2263 519 2307 regern.
551 2264 560 2270 ·
1793 2280 1797 2283 «
2050 2271 2055 2279 -<
2118 2280 2121 2281 ⁷

356 2315 583 2360 Ordinem
616 2325 769 2361 autem
811 2316 1129 2371 universalem,
1167 2317 1418 2361 secundum
1444 2330 1583 2377 quem
1615 2316 1772 2361 omnia
1804 2328 1861 2362 ex
1884 2310 2059 2361 dii-ina
2055 2316 2220 2375 provi·

264 2382 415 2427 dentia
443 2384 721 2437 ordinantur,
747 2398 989 2442 possumus
1017 2385 1306 2428 considerare
1329 2383 1579 2443 dupliciter,
1606 2383 1781 2429 scilicet
1804 2390 2028 2443 quantum·
2056 2382 2117 2427 'ad
2146 2389 2221 2427 res

265 2464 380 2508 quae
403 2450 655 2494 subduntur
681 2451 843 2504 ordini,
871 2460 918 2495 et
946 2460 1167 2510 quantum
1201 2451 1256 2495 ad
1289 2451 1460 2495 ordinis
1491 2451 1733 2504 rationem,
1764 2462 1900 2509 quae
1912 2461 1988 2494 ex
1986 2449 2222 2527 principio

266 2516 437 2561 ordinis
463 2516 700 2576 dependet.
731 2516 983 2562 Ostensum
1010 2527 1079 2562 est
1105 2526 1257 2562 autem
1290 2518 1337 2560 in
1369 2518 1570 2562 secundo
1603 2518 1666 2576 (c.
1699 2526 1752 2576 23
1760 2517 1808 2574 .),
1841 2516 1966 2576 quod
1995 2529 2081 2562 res
2095 2512 2223 2576 ipsae

267 2595 383 2642 quae
418 2598 444 2627 a
470 2583 578 2627 Deo
611 2584 691 2628 sub
725 2584 885 2628 ordine
911 2594 1156 2642 ponuntur,
1182 2585 1456 2644 proveniunt
1483 2585 1536 2628 ab
1570 2584 1669 2644 ipso
1695 2597 1791 2628 non
1822 2583 1940 2628 sicut
1970 2583 2042 2628 ab
2053 2586 2223 2642 'agente

267 2661 346 2708 per
377 2650 696 2695 necessitatem
722 2661 927 2705 naturae,
958 2651 1031 2695 vel
1059 2653 1384 2711 cujuscumque
1418 2651 1616 2705 alterius,
1649 2651 1727 2696 sed
1761 2664 1816 2695 ex
1841 2639 2039 2708 simplici
2063 2647 2227 2695 §volan—

265 2725 373 2770 tate,
399 2717 599 2762 maxime
625 2727 847 2776 quantum
890 2719 945 2762 ad
988 2718 1184 2776 primam
1221 2733 1371 2763 rerum
1410 2718 1755 2763 institutionem.
1790 2712 2078 2777 Relinquitur
2106 2727 2224 2776 engo

265 2784 387 2842 quod
413 2795 591 2843 praeter
617 2799 671 2829 ea
697 2799 812 2844 quae
835 2786 915 2830 sub
943 2785 1153 2830 Ordinem
1175 2786 1354 2830 divinae
1376 2787 1688 2845 providentiae
1712 2786 1892 2842 cadunt,
1918 2779 2223 2844 Deus‘aliqua

265 2849 416 2895 facere
442 2861 614 2910 potest;
647 2865 742 2897 non
770 2853 894 2896 enim
921 2854 1111 2911 estejus
1136 2854 1277 2898 virtus
1304 2853 1359 2900 ad
1391 2854 1473 2898 has
1505 2867 1576 2898 res
1609 2853 1823 2912 obligata.
1857 2850 1909 2898 Si
1940 2859 2227 2900 autemcon-

267 2918 516 2963 sideremus
542 2920 825 2979 praedictum
853 2921 1060 2965 ordinem
1088 2931 1309 2980 quantum
1332 2921 1386 2965 ad
1414 2921 1640 2965 rationem
1668 2935 1693 2965 a
1719 2919 1942 2980 principio
1969 2919 2224 2980 dependen-

265 2995 376 3040 te-m,
400 2986 463 3030 sic
486 2996 663 3044 praeter
689 2988 897 3032 ordinem
920 2987 1051 3032 illum
1077 2988 1203 3032 Deus
1229 2987 1380 3033 facere
1408 3001 1502 3032 non
1528 2998 1702 3047 potest;
1730 2988 1845 3032 ordo
1877 2988 2000 3033 enim
2020 2987 2104 3033 ine
2120 3001 2226 3050 pro-

268 3053 401 3108 cedit,
418 3064 467 3098 ut
483 3063 718 3099 ostensum
737 3065 802 3099 est
821 3055 881 3112 (c
900 3069 1048 3114 praec.
1053 3054 1087 3112 )‚
1111 3069 1164 3099 ex
1182 3056 1372 3100 scientia
1396 3065 1440 3100 et
1455 3055 1691 3100 voluntate
1707 3055 1796 3100 Dei
1812 3055 1970 3100 omnia
1986 3048 2225 3100 ordinante

267 3121 314 3163 in
341 3134 470 3164 suam
496 3121 749 3165 bonitatem
775 3121 891 3165 sicut
916 3122 963 3165 in
990 3121 1143 3166 finem.
1170 3122 1278 3166 Non
1305 3132 1373 3166 est
1407 3132 1559 3166 autem
1591 3122 1806 3183 possibile
1839 3123 1962 3182 quod
1991 3121 2120 3168 Deus
2146 3121 2228 3169 ali-

269 3187 375 3246 quid
402 3186 538 3232 faciat
564 3189 685 3247 quod
712 3202 805 3233 non
829 3189 886 3232 sit
913 3189 966 3232 ab
986 3203 1042 3233 eo
1064 3188 1272 3243 volitum,
1291 3203 1397 3233 curn
1421 3199 1653 3234 creaturae
1672 3190 1761 3234 ab
1749 3191 1851 3250 ipso
1865 3197 1962 3235 non
1976 3189 2228 3248 prot-,edint

269 3254 545 3309 naturaliter,
564 3255 641 3300 sed
664 3270 743 3314 per
760 3255 1060 3310 voluntatem,
1083 3265 1132 3300 ut
1149 3266 1383 3300 ostensum
1402 3264 1470 3300 est
1487 3254 1606 3314 (Lib.
1629 3254 1685 3301 II.
1713 3270 1751 3301 c.
1779 3266 1831 3316 23
1837 3256 1887 3314 .),
1903 3254 2066 3316 Neque
2084 3250 2227 3303 'etit‘m

272 3330 339 3365 est
356 3321 568 3379 possibile
595 3323 649 3366 ab
677 3337 734 3367 eo
761 3322 930 3382 aliquid
948 3322 1044 3367 fieri
1067 3323 1189 3381 quod
1213 3324 1309 3382 ejus
1331 3323 1518 3368 scientia
1545 3338 1638 3368 non
1666 3323 2096 3384 comprehendatur,
2114 3328 2225 3369 cnm

269 3388 480 3432 voluntas
507 3403 604 3434 esse
631 3401 725 3433 non
749 3390 891 3448 possit
911 3389 998 3434 nisi
1021 3389 1076 3434 de
1104 3389 1257 3452 aliquo
1276 3399 1402 3434 noto.
1421 3390 1611 3449 Neque
1600 3401 1766 3435 iterum
1785 3400 1858 3436 est
1872 3388 2088 3449 possibile
2101 3388 2226 3451 quod

271 3455 316 3497 in
351 3457 565 3500 creaturis
594 3456 760 3516 aliquid
788 3454 926 3501 faciat
951 3457 1111 3516 quod
1099 3471 1146 3501 m
1172 3470 1303 3501 suam
1328 3457 1590 3501 bonitatem
1612 3471 1707 3502 non
1738 3459 1796 3503 sit
1818 3458 2079 3505 ordinafflm
2106 3451 2227 3501 sicut

271 3521 318 3564 in
344 3521 498 3576 finem,
524 3536 630 3567 cum
658 3539 739 3568 sua
762 3524 942 3568 bonitas
970 3524 1026 3569 sit
1057 3521 1292 3583 proprium
1320 3524 1551 3582 objectum
1573 3524 1990 3586 voluntatisipsiuu.
1999 3519 2227 3569 Similiter
2284 3541 2286 3544 ’

274 3597 442 3643 autern,
461 3603 565 3634 cum
587 3590 713 3636 Deus
741 3590 797 3636 sit
822 3590 1014 3636 Omnino
1040 3589 1352 3645 immutabilis,
1373 3590 1657 3650 impossibile
1683 3600 1751 3636 est
1775 3588 1905 3650 quo&
1925 3588 2095 3651 mquid·
2114 3588 2234 3635 velit

2316 3762 2332 3854 Immo*
2320 3594 2332 3740 musfa-„.ffl-
2329 3552 2332 3582 <m
