2332 3854
240 181 346 237 218
737 192 747 200 ·
907 198 1063 237 LrssER
1101 198 1157 236 11.
1198 198 1319 237 CAP.
1359 197 1527 237 Lxxu.

238 300 462 344 dividatur
487 300 711 344 divisione
738 300 945 359 subJecti,
977 300 1094 344 sicut
1116 309 1229 347 sunt
1255 300 1435 344 animae
1464 298 1731 344 animalium
1753 299 2074 360 perfectorum,
2090 314 2194 346 ‘non

238 369 322 411 erit
347 381 461 426 opus
488 367 794 422 distinctione,
815 381 956 425 quum
974 367 1038 411 eis
1055 381 1150 411 non
1168 376 1400 426 competat
1419 367 1508 412 nisi
1532 381 1623 411 una
1638 366 1859 423 totalitas3
1885 367 1966 412 sed
1991 367 2196 414 absolute

238 434 482 478 dicendum
511 445 578 479 est
595 449 698 478 eam
724 444 871 478 totam
894 447 991 478 esse
1008 434 1055 477 in
1073 432 1273 493 qualibet
1298 434 1502 494 corporis
1523 444 1675 493 parte3
1706 448 1791 478 nec
1819 444 1886 478 est
1901 435 1992 479 hoc
2015 433 2196 480 difficile

238 502 576 560 apprehendere
601 502 643 545 ei
669 502 746 560 qui
764 500 977 559 intelligit
1003 501 1204 545 animam
1222 515 1317 545 non
1342 502 1406 545 sic
1430 515 1528 546 esse
1549 500 1870 545 indivisibilem
1894 511 1943 546 ut
1963 507 2196 562 punctum,

236 583 384 628 neque
403 570 466 613 sic
493 570 818 628 incorporeum
839 582 1062 627 corporeo
1090 570 1322 628 conjungi,
1339 569 1455 614 sicut
1481 583 1677 628 corpora
1702 569 1758 613 ad
1784 569 1983 614 invicem
2008 569 2198 628 conjun-

239 647 421 694 guntur,
449 647 497 680 ut
523 651 658 695 supra
686 637 745 692 (c.
785 633 872 692 56.)
897 636 1155 694 expositum
1182 645 1262 680 est.

324 704 432 748 Non
459 714 525 747 est
558 713 710 747 autern
737 703 1068 747 inconveniens
1097 703 1314 758 animam,
1332 718 1478 781 quum·
1491 704 1548 748 sit
1564 703 1790 764 quaedam
1815 702 1966 748 forma
1989 677 2196 762 simplex,
2221 712 2231 718 ’

236 785 333 815 esse
358 781 509 815 actum
537 770 734 829 partium
760 779 856 813 tam
873 769 1168 825 diversarum,
1191 771 1297 830 quia
1329 771 1572 830 unicuique
1597 771 1773 815 formae
1801 780 1979 830 aptatur
2003 771 2195 816 materia

235 838 487 882 secundum
510 851 640 881 suam
675 838 1045 895 congruentiam3
1077 847 1248 896 quanto
1283 848 1436 883 autem
1470 839 1621 898 aliqua
1645 837 1795 883 forma
1821 847 1890 883 est
1919 837 2119 882 nobilior
2151 847 2194 882 et

235 905 501 963 simplicior,
528 914 655 948 tanto
684 914 751 948 est
770 904 956 962 maioris
979 905 1169 949 virtutis.
1188 905 1323 950 Unde
1352 906 1520 960 anima4
1546 920 1662 965 quae
1689 915 1756 950 est
1770 905 2057 950 nobilissima
2077 905 2196 950 inter

232 970 404 1015 formas
429 970 681 1025 inferiores,
716 970 799 1015 etsi
825 971 1018 1029 simplex
1043 973 1100 1016 sit
1125 972 1172 1016 in
1199 973 1463 1028 substantia,
1501 983 1569 1017 est
1600 983 1756 1017 tamen
1789 971 2027 1032 multiplex
2055 971 2104 1016 in
2119 986 2198 1031 po-

232 1039 373 1083 tentia
401 1048 444 1082 et
462 1037 712 1082 multarum
738 1038 1084 1097 operationum;
1110 1040 1229 1084 unde
1255 1039 1430 1098 indiget
1457 1040 1645 1084 diversis
1663 1040 1848 1099 organis
1875 1039 1931 1083 ad
1957 1053 2061 1084 suas
2092 1053 2196 1098 ope-

231 1105 431 1149 rationes
457 1105 774 1164 complendas,
808 1119 1004 1165 quorum
1030 1107 1235 1151 diversae
1262 1107 1443 1151 animae
1469 1107 1701 1166 potentiae
1731 1106 1904 1166 proprii
1936 1116 2062 1150 actus
2094 1119 2194 1151 esse

233 1173 457 1227 dicuntur,
495 1173 612 1217 sicut
646 1173 770 1217 visus
805 1172 941 1227 oculi,
988 1173 1166 1218 auditus
1200 1173 1392 1227 aurium,
1429 1183 1473 1218 et
1507 1173 1572 1217 sic
1609 1174 1665 1218 de
1700 1173 1822 1227 aliis3
1853 1182 2039 1232 propter
2073 1172 2197 1232 quod

233 1240 448 1284 animalia
474 1240 675 1298 perfecta
707 1240 878 1284 habent
911 1241 1161 1284 maximam
1199 1241 1508 1285 diversitatem
1543 1240 1590 1284 in
1623 1240 1822 1299 organis,
1862 1239 2045 1299 plantae
2085 1253 2196 1285 vero

233 1308 488 1351 minimam.

319 1375 417 1419 Hac
443 1375 583 1433 igitur
615 1376 875 1431 occasione,
903 1389 927 1418 a
955 1374 1224 1434 quibusdam
1250 1373 1539 1434 philosophis
1580 1374 1751 1419 dictum
1775 1384 1844 1420 est
1869 1375 2072 1419 animam
2097 1388 2196 1420 esse

227 1442 274 1486 in
302 1442 454 1501 aliqua
480 1452 606 1501 parte
634 1443 853 1501 corporis,
886 1442 1002 1486 sicut
1029 1443 1082 1486 ab
1108 1442 1209 1500 ipso
1250 1441 1498 1486 Aristotele
1537 1442 1630 1501 (De
1664 1456 1803 1486 causa
1828 1451 1982 1493 motus
2013 1440 2197 1487 animal.

229 1524 267 1553 c.
295 1508 359 1566 6.)
387 1509 549 1553 dicitur
583 1523 681 1554 esse
707 1510 753 1552 in
782 1509 934 1564 corde,
962 1511 1067 1569 quia
1095 1509 1246 1568 aliqua
1273 1509 1581 1568 potentiarum
1609 1510 1706 1568 ejus
1737 1508 1803 1554 illi
1838 1509 1952 1568 parti
1990 1509 2196 1569 corporis

229 1576 505 1631 attribuitur;
531 1576 599 1620 vis
628 1577 750 1621 enirn
778 1577 966 1631 motiva,
988 1576 1044 1621 de
1068 1591 1157 1636 qua
1179 1576 1450 1621 Aristoteles
1473 1577 1520 1620 in
1542 1575 1658 1632 libro
1685 1575 1767 1620 illo
1795 1576 1971 1635 agebat,
1995 1586 2063 1621 est
2081 1575 2200 1636 prin-

230 1643 434 1703 cipaliter
460 1644 507 1688 in
534 1645 686 1699 corde,
719 1658 799 1702 per
826 1644 948 1703 quod
976 1644 1130 1689 anima
1160 1644 1208 1689 in
1234 1653 1384 1689 toturn
1427 1658 1592 1703 corpus
1618 1654 1799 1689 motum
1825 1653 1870 1688 et
1901 1642 2012 1688 alias
2043 1643 2198 1703 hujus·

229 1711 358 1755 modi
391 1711 680 1771 operationes
708 1710 930 1756 diffundit.

939 1883 1194 1940 CAPUT
1235 1884 1497 1939 LXXIII.

511 2019 670 2066 QUOD
714 2019 1094 2059 INTELLECTUS
1136 2020 1430 2058 POSSIBILIS
1469 2019 1588 2060 NON
1626 2019 1728 2058 EST
1769 2019 1914 2060 UNUS

855 2095 911 2134 lN
953 2094 1198 2133 OMNIBUS
1240 2094 1563 2133 HOMINIBUS.

805 2197 863 2256 (I.
884 2204 1001 2258 part.
1029 2204 1179 2257 quaest.
1207 2197 1406 2242 LXXVI.
1430 2204 1510 2242 art.
1541 2197 1621 2255 2.).

315 2309 380 2353 Ex
405 2308 666 2368 praemissis
693 2318 846 2353 autem
889 2308 1120 2353 evidenter
1162 2308 1415 2353 ostenditur
1460 2322 1555 2353 non
1596 2321 1696 2353 esse
1726 2321 1870 2353 unum
1909 2306 2194 2353 intellectum

225 2375 490 2435 possibilem
519 2377 729 2419 omnium
754 2376 1000 2420 hominum
1033 2376 1110 2435 qui
1135 2386 1240 2420 sunt
1261 2386 1306 2420 et
1331 2376 1407 2435 qui
1430 2386 1559 2420 erunt
1585 2385 1629 2420 et
1655 2375 1731 2435 qui
1756 2374 1954 2431 fuerunt,
1980 2383 2030 2420 ut
2050 2374 2194 2421 Aver-

224 2448 328 2488 roes
361 2443 512 2500 (tertio
546 2444 618 2487 De
645 2443 813 2497 anima,
845 2453 875 2487 t.
904 2457 942 2486 c.
975 2443 1032 2501 ς.)
1061 2443 1203 2501 fingit.

318 2511 571 2556 Ostensum
605 2520 673 2554 est
705 2520 858 2554 autem
885 2511 946 2567 (c.
979 2511 1067 2568 57.)
1094 2509 1217 2569 quod
1244 2510 1493 2554 substantia
1517 2509 1776 2554 intellectus
1817 2509 1970 2554 unitur
2009 2509 2194 2568 corpori

225 2578 431 2622 humano
459 2587 508 2622 ut
538 2577 702 2621 forma.
729 2577 1018 2636 Impossibile
1046 2587 1114 2621 est
1140 2587 1294 2622 autem
1319 2591 1459 2621 unam
1485 2576 1685 2621 formam
1712 2590 1810 2621 esse
1831 2576 1918 2621 nisi
1939 2576 2073 2621 unius
2094 2590 2193 2621 ma-

225 2645 379 2700 teriae,
398 2646 503 2704 quia
514 2644 727 2703 proprius
755 2654 882 2688 actus
913 2644 961 2687 in
984 2644 1166 2703 propria
1188 2645 1391 2703 potentia
1413 2644 1484 2698 f1t;
1512 2654 1616 2688 sunt
1638 2644 1762 2688 enim
1789 2643 1844 2687 ad
1866 2643 2067 2688 invicem
2091 2657 2192 2702 pro—

226 2713 498 2771 portionata.
529 2712 638 2755 Non
672 2721 739 2756 est
763 2712 900 2770 igitur
925 2711 1182 2756 intellectus
1209 2726 1325 2755 unus
1354 2713 1563 2755 omnium
1594 2711 1851 2756 hominum.

315 2779 506 2823 Adhuc:
534 2779 781 2838 unicuique
809 2779 978 2823 motori
1011 2779 1229 2823 debentur
1260 2779 1443 2838 propria
1468 2779 1791 2833 instrumenta3
1819 2777 1907 2822 alia
1933 2777 2058 2822 enim
2088 2786 2195 2822 sunt

224 2847 525 2891 instrumenta
551 2846 758 2901 tibicinis,
800 2845 887 2890 alia
920 2846 1259 2890 architectonis.
1302 2845 1565 2890 Intellectus
1608 2855 1760 2889 autern
1803 2853 2095 2904 comparatur
2134 2843 2192 2888 ad

225 2928 390 2972 corpus
417 2924 466 2958 ut
490 2923 645 2958 motor
670 2914 824 2972 ipsius,
866 2910 982 2958 sicut
1022 2912 1293 2958 Aristoteles
1335 2912 1535 2957 declarat
1567 2923 1611 2957 et
1642 2912 1916 2957 determinat
1941 2912 2095 2970 (tertio
2121 2911 2193 2956 De

225 2982 392 3035 anima,
417 2991 448 3024 t.
477 2995 514 3024 c.
541 2980 652 3036 48.).
682 2981 809 3025 Sicut
834 2981 971 3039 igitur
993 2980 1274 3039 impossibile
1301 2990 1370 3025 est
1401 2980 1524 3039 quod
1551 2979 1835 3024 architecton
1860 2988 2012 3024 utatur
2034 2978 2196 3024 instru—

223 3049 387 3093 mentis
413 3048 623 3102 tibicinis,
642 3048 703 3092 ita
720 3046 1002 3107 impossibile
1021 3057 1089 3092 est
1105 3047 1228 3107 quod
1255 3046 1517 3092 ‚intellectus
1549 3047 1682 3091 unius
1714 3046 1916 3091 hominis
1941 3045 1999 3091 sit
2021 3043 2195 3090 intelle-

223 3125 322 3160 ctus
351 3115 535 3160 alterius
562 3115 778 3160 hominis.

313 3183 578 3227 Praeterea:
613 3182 883 3227 Aristoteles
911 3183 1081 3241 (primo
1113 3182 1184 3226 De
1213 3183 1380 3235 anima,
1413 3191 1443 3226 t.
1473 3196 1509 3226 c.
1541 3182 1630 3239 53.)
1656 3180 1947 3239 reprehendit
1982 3179 2193 3240 antiquos

222 3252 276 3295 de
308 3251 399 3295 hoc
427 3251 564 3310 quod,
593 3251 863 3294 disserentes
890 3250 946 3294 de
973 3249 1139 3302 anima,
1165 3248 1279 3293 nihil
1317 3249 1371 3293 de
1410 3250 1595 3307 proprio
1637 3246 1916 3307 susceptibili
1954 3247 2189 3299 dicebant-3

222 3318 350 3377 quasi
377 3328 494 3362 esset
527 3318 811 3376 contingens,
845 3317 1097 3361 secundum
1137 3315 1460 3375 pythagoricas
1486 3315 1676 3369 fabulas,
1703 3314 1951 3374 quamlibet
1990 3314 2192 3358 animam
2253 3358 2255 3363 ,

225 3385 457 3443 quodlibet
483 3399 648 3444 corpus
675 3385 875 3428 induere.
903 3383 1011 3429 Non
1038 3393 1105 3427 est
1130 3383 1267 3441 igitur
1293 3381 1508 3441 possibile
1534 3382 1657 3441 quod
1685 3381 1838 3426 anima
1878 3379 2004 3426 canis
2044 3380 2194 3439 ingre-⁷

225 3452 371 3495 diatur
397 3466 560 3509 corpus
586 3451 695 3511 lupi,
718 3450 792 3495 vel
815 3452 968 3495 anima
992 3450 1195 3495 hominis
1218 3449 1339 3494 aliud
1367 3464 1529 3509 corpus
1557 3464 1693 3509 quarn
1716 3449 1933 3494 hominis.
1959 3447 2051 3494 Sed
2071 3460 2192 3507 quae

226 3528 294 3563 est
318 3519 552 3576 proportio
580 3519 759 3563 animae
791 3518 994 3563 hominis
1021 3517 1077 3561 ad
1104 3531 1269 3576 corpus
1295 3516 1513 3571 hominis,
1541 3517 1704 3561 eadem
1740 3526 1807 3561 est
1832 3514 2082 3576 proportio
2101 3514 2193 3559 ani·

226 3598 330 3629 mae
356 3585 491 3644 hujus
523 3586 725 3630 hominis
759 3584 814 3629 ad
843 3598 1008 3644 corpus
1040 3585 1174 3644 hujus
1200 3582 1415 3629 hominis.
1443 3582 1551 3629 Non
1579 3593 1647 3629 est
1671 3583 1808 3643 igitur
1843 3579 2058 3643 possibile
2094 3579 2190 3627 ani-
