2332 3854
793 224 948 272 Lmen
985 231 1058 273 1v.
1099 231 1219 271 CAP.
1260 230 1372 271 xxt.
1954 212 2059 284 587

108 333 296 393 (Joann.
312 332 437 380 XIV.
462 332 580 392 23.):
606 333 677 379 Ad
692 346 784 378 eum
808 335 1034 389 veniemus,
1060 332 1236 379 scilicet
1260 331 1523 391 diligentem
1546 330 1714 383 Deum,
1741 339 1787 373 et
1808 331 2063 374 mansionem

110 401 223 461 apud
243 417 336 447 eum
358 401 591 460 faciamte&
619 410 665 445 et
693 400 880 458 (Joann.
914 401 992 445 III.
1020 401 1113 459 23.)
1136 400 1319 445 dicitur:
1344 399 1397 444 In
1421 399 1496 443 hoc
1520 399 1671 443 seimus
1692 397 1891 455 quoniam
1922 401 2061 440 manet

107 470 154 517 in
183 469 302 513 nobis
333 467 379 512 de
402 469 551 527 spiritu
582 481 701 525 quem
726 467 834 511 dedit
858 469 988 512 nobis.

143 559 153 563 ·>
195 533 392 580 Rursus:
419 532 710 579 manifestum
743 543 811 577 est
845 534 966 592 quod
1001 534 1127 578 Deus
1166 534 1363 577 maxime
1394 541 1520 576 amat
1559 530 1665 575 illos
1703 543 1817 589 quos
1843 529 1913 573 sui
1945 542 2066 572 ama·

107 609 233 646 tores
257 614 338 659 per
355 599 574 659 Spiritum
592 599 813 644 Sanctum
831 600 1085 654 constituit;
1111 592 1206 645 non
1224 602 1346 644 enim
1360 609 1538 643 tantum
1560 599 1735 642 bonum
1751 596 1843 644 nisi
1866 595 2064 640 amando

110 667 351 713 conferret.
384 667 518 712 Unde
548 667 787 725 (Proverb.
822 667 942 711 VIII.
982 668 1069 724 ¹7·)
1096 667 1259 711 dicitur
1291 679 1345 710 ex
1377 680 1571 725 persona
1603 664 1821 711 Domini:
1854 664 1942 722 Ego
1974 662 2066 707 dili-

106 740 241 793 gentes
269 749 335 780 me
355 733 509 792 ditigo;
537 748 620 778 non
645 735 764 792 quasi
787 747 862 777 nos
887 735 1010 792 prius
1036 733 1300 778 dilexerimus
1324 734 1479 787 Deum,
1510 732 1577 777 sed
1607 733 1807 790 quoniam
1838 732 1920 790 ipse
1938 731 2066 789 prior

108 800 253 846 dilexit
282 815 367 854 nos,
385 797 445 845 'ut
469 801 630 846 dicitur
666 802 720 858 (Ι.
742 800 904 858 Joann.
932 799 1009 843 IV.
1043 800 1144 856 10.).
1185 800 1340 845 Omne
1378 810 1531 844 autern
1566 810 1769 844 amatum
1802 799 1848 843 in
1882 807 2065 842 amante

106 877 193 914 est.
221 868 421 912 Necesse
446 878 514 912 est
538 868 674 926 igitur
700 867 822 926 quod
854 881 935 926 per
962 867 1182 926 Spiritum
1215 868 1436 911 Sanctum
1469 882 1563 912 non
1594 866 1745 911 solum
1773 867 1900 911 Deus
1930 866 1988 910 sit
2018 865 2064 908 in

106 934 254 988 nobis»,
275 934 360 979 sed
385 935 525 979 etiam
555 948 640 978 nos
666 934 712 978 in
738 934 855 978 Deo.
890 934 1025 978 Unde
1048 934 1211 978 dicitur
1237 935 1292 992 (Ι.
1314 934 1478 990 Joann
1504 933 1584 977 IV.
1618 931 1726 989 16.:)
1753 934 1843 990 Qui
1862 938 2005 977 manet
2018 933 2064 976 in

54 1006 60 1013 '
106 1002 296 1054 caritate,
313 1002 359 1045 in
375 1002 468 1046 Deo
485 1007 638 1053 manet,
661 1007 700 1045 et
716 1001 869 1045 Deus
853 1016 897 1044 m
917 1015 989 1052 eo;
1014 1011 1059 1045 et
1078 1001 1242 1044 iterum
1269 1001 1348 1059 (ib.
1371 1014 1419 1058 13
1427 1000 1481 1056 .:)
1499 1001 1551 1044 In
1574 1000 1648 1044 hoc
1673 999 1944 1058 intelligimus
1969 1013 2066 1057 quo·

106 1080 227 1128 mam
258 1069 303 1111 in
333 1082 379 1113 eo
410 1081 636 1121 manemus,
663 1073 702 1112 et
725 1069 807 1126 ipse
832 1068 877 1111 in
902 1069 1035 1143 nabis,
1069 1069 1268 1126 quoniam
1300 1066 1348 1111 de
1382 1067 1544 1125 Spiritu
1569 1081 1640 1111 suo
1662 1066 1775 1111 dedit
1795 1067 1925 1110 nobis.

192 1133 272 1178 Est
288 1143 440 1178 autem
457 1134 548 1178 hoc
565 1134 791 1178 amicitiae
808 1134 1043 1193 proprium
1062 1134 1184 1193 quod
1203 1133 1353 1177 amico
1374 1133 1535 1192 aliquis
1562 1147 1643 1177 sua
1665 1142 1839 1177 secreta
1866 1131 2059 1176 revelet·
2049 1166 2060 1186 ,

104 1213 247 1261 quum
276 1201 402 1249 enirn
436 1201 636 1244 amicitia
662 1202 913 1258 conjungat
949 1200 1135 1245 affectus
1170 1211 1214 1245 et
1246 1200 1443 1245 duorum
1468 1199 1607 1244 faciat
1638 1200 1767 1259 quasi
1799 1213 1880 1243 cor
1905 1213 2064 1254 unum,

103 1280 199 1315 non
224 1268 400 1317 videtur
421 1278 545 1312 extra
563 1282 644 1312 cor
669 1282 803 1312 suurn
821 1267 981 1327 aliquis
997 1268 1109 1312 illud
1127 1267 1368 1326 protulisse
1394 1267 1516 1326 quod
1545 1267 1695 1311 amico
1722 1266 1918 1320 revelat;
1939 1266 2059 1310 unde

103 1344 156 1379 et'
179 1335 408 1380 Dominus
441 1334 551 1379 dicit
574 1334 807 1394 discipuliS
839 1334 1026 1392 (Joann.
1053 1334 1155 1378 XV.
1197 1335 1309 1391 15.):
1336 1335 1436 1391 Jam
1467 1349 1551 1378 non
1581 1333 1720 1378 dicam
1744 1347 1819 1377 vos
1833 1347 1970 1381 servos
2000 1332 2066 1377 sed

105 1403 263 1462 amicos
286 1416 420 1454 meos;
448 1404 548 1460 quia
572 1403 717 1446 omnia
741 1415 845 1460 quae
867 1401 1013 1445 audivi
1034 1415 1061 1445 a
1082 1402 1208 1446 Patre
1238 1416 1343 1455 meo,
1377 1407 1476 1445 nota
1493 1401 1580 1459 feci
1604 1402 1736 1445 vobis.
1771 1399 1895 1451 Quia
1927 1399 2063 1457 igitur

104 1482 188 1527 per
213 1467 431 1527 Spiritum
469 1467 689 1512 Sanctum
724 1467 859 1512 amici
896 1468 985 1511 Dei
1017 1469 1350 1522 constituimur,
1384 1467 1708 1512 convenienter
1734 1480 1813 1525 per
1845 1465 2064 1524 Spiritum

105 1535 327 1583 Sanctum
353 1535 615 1579 hominibus
646 1535 855 1579 dicuntur
878 1533 1071 1578 revelari
1097 1535 1250 1578 divina
1276 1535 1516 1593 mysteria;
1541 1534 1660 1578 unde
1686 1533 1937 1592 Apostolus
1958 1532 2066 1578 dicit

107 1602 164 1661 (Ι.
188 1601 396 1647 Corinth.
423 1601 479 1644 II.
506 1601 593 1660 9.):
619 1602 835 1661 Scriptum
861 1608 928 1654 est,
956 1601 1065 1659 quod
1086 1601 1226 1646 oculus
1247 1615 1331 1645 non
1346 1601 1468 1655 vidit,
1485 1616 1558 1646 nec
1580 1602 1696 1644 auris
1722 1600 1900 1653 audivit,
1923 1614 1996 1644 nec
2017 1602 2064 1644 in

8 1656 10 1659 V
35 1674 39 1678 ’
107 1682 180 1715 cor
208 1668 386 1715 hominis
411 1668 608 1721 ascendit,
635 1682 739 1727 quae
748 1670 1027 1727 praeparavit
1047 1668 1164 1712 Deus
1185 1668 1447 1726 diligentibus
1471 1683 1535 1713 se:
1558 1668 1677 1712 nobis
1701 1673 1840 1712 autem
1862 1667 2067 1712 revelavit

7 1734 20 1750 ‘³
103 1736 218 1786 Deus
231 1742 311 1795 per
338 1735 543 1794 Spiritum
573 1736 787 1788 Sanctum,
815 1745 900 1778 etc.

191 1802 248 1847 Et
263 1802 369 1861 quia
389 1815 443 1846 ex
460 1801 531 1847 his
548 1816 664 1861 quae
681 1802 825 1847 homo
843 1801 972 1846 novit
987 1801 1212 1846 formatur
1237 1802 1333 1860 ejus
1354 1800 1554 1861 loquela,
1581 1801 1908 1846 convenienter
1923 1801 2062 1846 etiam

21 1892 28 1900 ν
105 1882 185 1929 per
203 1868 424 1928 Spiritum
441 1868 662 1913 Sanctum
687 1868 832 1912 homo
855 1868 1056 1927 loquitur
1071 1868 1224 1912 divina
1246 1869 1477 1928 mysteria,
1495 1868 1748 1913 secundum
1767 1867 1877 1912 illud
1895 1868 1950 1926 (Ι.
1975 1867 2065 1912 Co-

105 1936 239 1981 rinth.
254 1935 391 1982 XIV.
418 1934 505 1992 2.),:
532 1936 711 1994 Spiritus
726 1937 870 1994 estqui
895 1936 1314 1994 loquiturmysteria;
1343 1945 1388 1980 et
1413 1935 1596 1994 (Matth.
1613 1935 1672 1980 X.
1690 1936 1808 1992 20.):
1835 1936 1934 1980 Non
1955 1936 2065 1980 enim

102 2016 178 2047 vos
197 2004 287 2047 estis
307 2003 379 2060 qui
401 2002 636 2060 loquimini,
664 2002 730 2049 sed
753 2002 936 2061 Spiritus
957 2003 1096 2046 Patris
1116 2004 1243 2046 vestri
1267 2004 1339 2060 qui
1365 2003 1550 2061 loquitur
1575 2003 1620 2046 in
1645 2004 1792 2057 vobis;
1821 2010 1865 2046 et
1886 2002 1942 2046 de
1962 2016 2063 2061 pro-

26 2064 29 2067 ’
106 2068 255 2128 phetis
287 2068 450 2112 dicitur
481 2068 558 2127 (ΙΙ.
581 2068 700 2112 Petr.
717 2068 761 2119 ΙΙ.
794 2069 886 2125 21.)
913 2069 1050 2127 quod,
1076 2069 1238 2128 Spiritu
1262 2069 1414 2113 Sancto
1432 2070 1640 2127 inspirati,
1665 2069 1792 2114 locuti
1816 2075 1911 2113 sunt
1930 2070 2067 2114 sancti

26 2182 28 2185 ,
107 2136 195 2180 Dei
225 2136 432 2190 homines;
458 2135 579 2180 unde
611 2135 749 2179 etiam
792 2137 836 2180 in
874 2134 1086 2194 symbolo
1119 2135 1224 2180 fidei
1256 2136 1418 2180 dicitur
1451 2135 1506 2179 de
1540 2135 1710 2194 Spiritu
1744 2132 1941 2181 Sancto:
1976 2137 2067 2193 Qui

105 2201 266 2247 locutus
289 2207 344 2246 est
368 2209 449 2261 per
473 2202 712 2261 prophetas

25 2267 30 2284 ³
171 2267 303 2328 Non
327 2267 479 2313 solum
507 2278 658 2312 autem
677 2278 745 2314 est
766 2268 1002 2328 proprium
1031 2269 1258 2314 amicitiae
1275 2269 1397 2346 quod
1425 2269 1576 2313 amico
1604 2268 1766 2328 aliquis
1791 2268 1963 2314 revelet
1984 2283 2066 2314 sua

105 2330 282 2380 secreta
312 2345 496 2394 propter
521 2335 741 2380 unitatem
770 2334 972 2389 affectus,
997 2336 1075 2379 sed
1103 2335 1262 2380 eadem
1291 2336 1440 2380 unitas
1472 2336 1659 2395 requirit
1684 2335 1806 2395 quod
1840 2337 1979 2380 etiam
2013 2350 2066 2381 ea

11 2439 15 2441 Α
104 2414 222 2461 quae
247 2400 396 2450 habet
402 2396 555 2445 amico
581 2403 921 2456 communicet3
948 2401 1054 2460 quia
1072 2416 1213 2461 quum
1231 2401 1377 2446 homo
1396 2403 1597 2446 amicum
1614 2402 1780 2446 habeat
1805 2413 1854 2446 ut
1872 2402 2065 2447 alterum

28 2472 30 2474 ’
104 2475 171 2523 se,
200 2481 388 2512 necesse
420 2477 489 2513 est
512 2468 635 2526 quod
667 2469 709 2513 ei
735 2437 971 2513 subveniat
997 2468 1112 2513 sicut
1145 2479 1189 2512 et
1219 2469 1319 2523 sibi,
1346 2483 1427 2513 sua
1454 2469 1496 2513 ei
1534 2470 1911 2524 communicans;
1943 2469 2063 2514 unde

18 2542 25 2549 ⁴
104 2543 157 2580 et,
174 2534 409 2593 proprium
436 2534 670 2597 amicitiae
689 2549 788 2580 esse
814 2535 997 2594 ponitur
1027 2534 1147 2580 velle
1173 2545 1219 2579 et
1242 2534 1392 2580 facere
1419 2536 1591 2580 bonum
1621 2536 1788 2591 amico,
1813 2538 2065 2581 secundum

34 2623 38 2641 2
109 2599 222 2644 illud
249 2601 306 2658 (Ι.
327 2601 489 2659 Joann.
516 2600 593 2644 III.
632 2601 741 2659 17.):
772 2603 861 2658 Qui
887 2602 1078 2646 habuerit
1096 2603 1369 2646 substantiam
1395 2603 1516 2661 hujus
1541 2602 1702 2657 mundi,
1730 2609 1767 2647 et
1796 2603 1951 2648 viderit
1965 2604 2067 2662 fra·

24 2670 32 2702 -’
106 2673 345 2713 tremsuum
361 2668 635 2712 necessitatem
652 2668 877 2722 habentem,
902 2675 940 2712 et
959 2668 1156 2712 clauserit
1184 2670 1346 2713 viscera
1371 2683 1445 2713 sua
1484 2671 1535 2713 ab
1575 2684 1636 2722 eo,
1673 2669 1877 2727 quomodo
1911 2672 2066 2714 caritas

105 2734 191 2779 Dei
222 2740 360 2779 manet
390 2736 434 2778 in
459 2735 538 2779 eo?
569 2734 673 2778 Hoc
700 2744 852 2778 autem
889 2735 1088 2779 maxime
1114 2735 1159 2777 in
1192 2735 1296 2779 Deo
1322 2735 1459 2779 habet
1484 2735 1655 2793 locum,
1689 2737 1816 2793 cujus
1847 2735 1966 2780 velle
1993 2746 2062 2781 est

24 2806 42 2858 ſs
110 2799 268 2845 efficax
288 2800 342 2845 ad
370 2799 606 2854 effectum3
634 2810 678 2844 et
694 2801 799 2845 ideo
818 2801 1141 2845 convenienter
1167 2801 1324 2845 omnia
1345 2802 1467 2845 dona
1492 2802 1581 2845 Dei
1606 2816 1686 2860 per
1713 2802 1933 2860 Spiritum
1956 2803 2067 2847 San-

29 2877 48 2924 f
108 2876 232 2912 ctum
259 2867 390 2911 nobis
416 2867 577 2911 donari
610 2867 832 2921 dicuntur,
859 2867 1111 2912 secundum
1130 2867 1239 2912 illud
1266 2868 1321 2925 (Ι.
1349 2868 1558 2912 Corinth.
1586 2868 1686 2913 XII.
1710 2868 1798 2925 8.):
1825 2870 1918 2913 Alii
1939 2868 2066 2914 datur

99 2939 178 2992 per
211 2933 417 2993 Spiritum
447 2949 579 2979 sermo
603 2936 840 2993 sapientiae,
873 2935 950 2978 alii
975 2940 1110 2979 autem
1127 2949 1258 2979 sermo
1289 2937 1483 2980 scientiae
1514 2935 1734 2979 secundum
1756 2937 1940 2980 eumdem
1967 2937 2063 2995 Spi-

31 3005 44 3040 ἶ
107 3002 267 3055 ritum‚·
288 3011 334 3045 et
353 3011 524 3059 postea,
547 3000 701 3046 multis
718 3001 1006 3056 enumeratis,
1034 3002 1116 3045 ait:
1139 3002 1255 3046 Haec
1282 3003 1424 3046 omnia
1447 3009 1645 3061 operatur
1669 3017 1773 3047 unus
1803 3009 1925 3061 atque
1957 3003 2064 3048 idem

31 3070 47 3118 ἦ
110 3066 306 3126 Spiritus,
338 3067 524 3112 dividens
552 3068 724 3125 singulis
750 3074 879 3127 prout
908 3069 1014 3113 vult.

37 3175 58 3194 Ξ,
198 3132 490 3178 Manifestum
518 3143 585 3178 est
607 3145 758 3178 autem
785 3134 907 3193 quod
935 3135 1051 3178 sicut
1077 3134 1131 3178 ad
1158 3135 1247 3178 hoc
1273 3135 1394 3193 quod
1423 3149 1587 3194 corpus
1615 3134 1799 3195 aliquod
1828 3135 1882 3180 ad
1909 3136 2066 3182 locum

37 3199 47 3234 Ἰ
109 3200 228 3259 ignis
258 3201 506 3259 perveniat,
531 3211 714 3260 oportet
738 3202 861 3260 quod
893 3202 989 3259 igni
1015 3202 1302 3255 assimiletur,
1339 3202 1572 3246 levitatem
1606 3203 1858 3261 acquirens,
1893 3218 1946 3248 ex
1977 3218 2067 3263 qua

42 3275 43 3279 ’
109 3276 241 3313 motu
260 3267 380 3325 ignis
406 3267 591 3326 proprio
618 3278 870 3321 moveatur,
894 3269 972 3322 ita,
1001 3268 1055 3312 ad
1082 3268 1172 3312 hoc
1206 3268 1328 3326 quod
1367 3268 1512 3312 homo
1542 3269 1597 3312 ad
1629 3269 1809 3313 divinae
1840 3269 2067 3315 fruitionis

29 3327 49 3393 ἦ
109 3334 450 3388 beatitudinem,
477 3347 593 3393 quae
614 3335 718 3379 Deo
736 3335 916 3394 propria
943 3345 1023 3388 est,
1050 3335 1302 3379 secundum
1327 3349 1460 3379 suam
1486 3345 1696 3380 naturam
1723 3336 1972 3395 perveniat,
1993 3350 2068 3381 ne-

37 3395 53 3435 ³,
109 3414 235 3445 cesse
262 3400 502 3459 est-primo
530 3400 713 3459 quidem
746 3401 868 3460 quod
900 3415 980 3460 per
1011 3401 1264 3460 spirituales
1290 3400 1595 3459 perfectiones
1637 3402 1740 3448 Deo
1778 3403 2067 3458 assimiletur,

42 3487 59 3529 1ῃ
108 3475 154 3512 et
183 3466 347 3511 deinde
378 3468 629 3511 secundum
670 3481 747 3512 eas
783 3478 1007 3527 operetur,
1042 3478 1088 3512 et
1112 3468 1176 3511 sic
1203 3469 1388 3512 tandem
1423 3468 1704 3527 praedictam
1737 3469 2066 3515 beatitudinem

42 3554 43 3557 ¹
109 3542 426 3592 consequetur.
451 3534 589 3577 Dona
615 3544 769 3578 autem
791 3534 1041 3593 spiritualia
1061 3534 1193 3579 nobis
1220 3548 1299 3592 per
1326 3534 1545 3592 Spiritum
1569 3534 1790 3580 Sanctum
1818 3535 1995 3591 dantur,
2018 3546 2068 3583 ut

43 3607 59 3660 χ
109 3605 343 3649 ostensum
376 3609 465 3654 est;
491 3610 536 3645 et
560 3600 624 3646 sle
650 3614 730 3659 per
756 3600 973 3660 Spiritum
993 3601 1222 3646 Sanctum
1240 3602 1343 3646 Deo
1361 3601 1716 3660 configuramur,
1749 3611 1795 3647 et
1815 3616 1895 3661 per
1915 3602 2066 3663 ipsum
