2332 3854
0 3019 11 3197 ..ww-w.2=2·.‹w.-
0 2948 3 2952 -

755 205 909 244 LIBER
949 204 1027 243 111.
1068 204 1188 243 cap·
1230 201 1458 242 cxxxm.
1977 200 2079 256 493

134 309 478 363 consentiendo,
505 317 582 352 aut
611 321 691 367 per
717 307 1028 351 adulationem
1054 306 1281 362 leniendo,
1308 303 1382 349 vel
1407 303 1569 349 saltem
1596 302 1938 348 dissimulando.
1967 302 2084 346 Huic

134 387 288 422 autem
314 375 507 421 libertati
525 387 744 433 magnum
766 373 1093 432 praejudicium
1112 382 1432 431 generatur.ex
1459 370 1690 429 praedicto
1718 370 1859 414 modo
1881 369 2086 413 vivendi:

133 457 228 488 non
254 444 376 487 enim
409 451 557 502 potest
586 455 685 485 esse
717 440 826 499 quin
858 440 1002 484 homo
1035 450 1243 484 vereatur
1283 437 1516 483 offendere
1547 450 1653 481 eum
1695 438 1823 494 cujus
1853 435 2087 480 beneficiis

131 510 257 554 vivit.
283 510 544 555 Praedictus
567 508 704 566 igitur
743 506 909 550 modus
944 506 1125 550 vivendi
1163 506 1352 564 impedit
1393 504 1720 564 perfectionem
1748 503 1939 557 virtutis,
1971 516 2088 561 quae

133 586 201 621 est
225 576 327 623 finis
357 576 641 620 voluntariae
676 573 974 634 paupertatis:
1008 582 1053 616 et
1091 573 1154 616 ita
1189 586 1283 616 non
1325 572 1501 616 videtur
1533 581 1797 630 competere
1830 569 2087 614 voluntarie

131 644 415 703 pauperibus.

221 709 453 769 Amplius:
486 710 581 767 ejus
607 706 729 766 quod
756 720 810 750 ex
836 705 1018 750 alterius
1050 706 1285 749 voluntate
1317 704 1556 763 dependet,
1589 704 1853 750 facultatem
1885 717 1980 748 non
2011 703 2089 746 ha-

133 776 306 821 bemus.
340 776 430 820 Sed
457 789 511 819 ex
536 774 768 818 voluntate
795 773 941 817 dantis
974 773 1199 830 dependet
1224 773 1347 831 quod
1381 787 1434 816 ex
1467 773 1657 831 propriis
1691 773 1780 816 det.
1813 773 1921 816 Non
1953 771 2088 830 igitur

130 841 403 887 sufficienter
427 841 687 900 providetur
713 843 757 884 in
783 839 997 884 facultate
1014 840 1355 883 sustentationis
1380 840 1501 883 vitae
1520 839 1787 884 voluntariis
1812 838 2085 899 pauperibus

131 922 209 967 per
234 908 356 952 hunc
384 907 575 951 modum
601 907 795 951 vivendi.

221 975 484 1018 Praeterea:
513 987 702 1018 necesse
729 983 795 1016 est
817 973 938 1031 quod
962 986 1181 1031 pauperes
1209 973 1282 1031 qui
1311 986 1363 1016 ex
1390 972 1460 1016 his
1480 987 1594 1031 quae
1618 973 1716 1016 aliis
1735 973 1895 1017 dantur
1918 982 2088 1017 susten-

130 1041 217 1086 tari
231 1041 436 1093 debeant,
454 1040 744 1084 necessitates
771 1053 875 1082 suas
903 1039 1000 1083 aliis
1019 1050 1261 1098 exponant,
1281 1050 1324 1083 et
1341 1041 1596 1083 necessaria
1615 1050 1782 1098 petant.
1809 1039 2088 1096 Huiusmodi

132 1119 285 1153 autern
317 1108 562 1152 necessitas
599 1106 744 1150 reddit
776 1106 1139 1164 contemptibiles
1173 1104 1500 1159 mendicantes,
1535 1117 1579 1150 et
1620 1106 1758 1150 etiam
1791 1120 1974 1165 graves:
2008 1106 2090 1150 ho-

132 1175 277 1219 mines
304 1175 426 1219 enim
453 1174 710 1232 superiores
735 1187 783 1217 se
812 1174 1054 1217 aestimant
1080 1172 1168 1217 illis
1200 1174 1278 1233 qui
1309 1170 1399 1232 per'
1421 1187 1500 1217 eos
1526 1174 1768 1217 sustentari
1793 1187 1981 1217 necesse
2014 1173 2090 1216 ha-

132 1242 251 1295 bent,
278 1251 323 1286 et
353 1255 457 1285 cum
491 1239 752 1284 difficultate
785 1240 894 1283 dant
915 1239 1111 1298 plurimi.
1148 1239 1345 1298 Oportet
1372 1251 1521 1285 autem
1551 1254 1629 1284 eos
1658 1241 1733 1298 qui
1759 1240 2089 1299 perfectionem

130 1309 249 1353 vitae
281 1317 517 1352 assumunt
549 1308 595 1350 in
636 1307 887 1351 reverentia
919 1307 1091 1360 haberi,
1123 1316 1169 1350 et
1199 1306 1339 1365 diligi,
1373 1319 1422 1350 ut
1453 1307 1517 1351 sic
1553 1307 1765 1351 homines
1796 1321 1876 1352 eos
1911 1306 2089 1351 facilius

132 1375 362 1420 imitentur
388 1386 432 1419 et
457 1375 632 1419 virtutis
659 1384 828 1418 statum
851 1373 1160 1427 aemulentur;
1187 1376 1225 1418 si
1251 1384 1404 1417 autem
1427 1374 1705 1418 contrarium
1734 1374 1923 1427 accidat,
1951 1374 2091 1418 etiam

131 1444 273 1486 virtus
297 1442 395 1500 ipsa
422 1441 742 1485 contemnitur.
769 1441 848 1484 Est
872 1440 1008 1498 igitur
1029 1443 1219 1485 nocivus
1239 1441 1405 1484 modus
1431 1454 1484 1484 ex
1511 1441 1803 1485 mendicitate
1829 1440 2012 1485 vivendi
2041 1440 2090 1484 in

131 1508 202 1553 his
223 1509 302 1567 qui
332 1518 517 1567 propter
547 1507 874 1566 perfectionem
900 1507 1075 1550 virtutis
1102 1507 1408 1552 voluntariam
1435 1517 1749 1565 paupertatem
1776 1518 2028 1552 assumunt.

219 1576 479 1620 Praeterea:
507 1573 716 1633 perfectis
741 1574 847 1617 viris
865 1587 958 1616 non
985 1573 1136 1617 solum
1163 1584 1267 1617 sunt
1283 1573 1466 1619 vitanda
1490 1574 1626 1628 mala,
1643 1575 1720 1617 sed
1741 1575 1879 1618 etiarn
1899 1589 1951 1618 ea
1974 1588 2090 1633 quae

131 1641 241 1687 mali
257 1644 459 1700 speciem
476 1641 668 1685 habent:
701 1655 809 1684 narn
827 1639 1077 1697 Apostolus
1101 1640 1208 1684 dicit
1234 1641 1291 1698 (Ι.
1320 1639 1484 1684 Thess.
1503 1640 1557 1684 V.
1586 1641 1703 1697 22.):
1735 1642 1799 1685 Ab
1827 1642 1942 1684 omni
1958 1643 2103 1701 specie

130 1711 234 1754 mali
259 1711 452 1754 abstinete
476 1721 550 1752 vos
565 1723 581 1760 5
616 1718 662 1752 et
686 1706 995 1764 Philosophus
1022 1707 1145 1760 dicit,
1167 1707 1292 1765 quod
1319 1709 1547 1750 virtuosus
1573 1721 1666 1751 non
1689 1707 1842 1751 solum
1869 1708 2004 1752 debet
2028 1707 2092 1752 fu-

131 1789 239 1835 gere
262 1776 427 1834 turpia,
452 1776 531 1819 sed
558 1775 696 1819 etiam
723 1788 778 1828 ea
799 1788 916 1832 quae
942 1773 1089 1832 turpia
1115 1774 1337 1818 videntur.
1360 1773 1632 1818 Mendicitas
1654 1785 1806 1819 autern
1833 1775 1969 1819 habet
1995 1789 2092 1833 spe-

132 1844 251 1888 ciem
275 1842 400 1896 mali,
427 1856 532 1885 cum
553 1841 684 1885 multi
710 1850 892 1899 propter
910 1850 1149 1898 quaestum
1167 1840 1443 1885 mendicent.
1461 1841 1568 1884 Non
1587 1851 1654 1886 est
1670 1841 1806 1900 igitur
1824 1841 1899 1886 hic
1923 1841 2089 1886 modus

131 1909 323 1954 vivendi*
338 1908 548 1968 perfectis
573 1908 679 1952 viris
707 1907 1017 1952 assumendus.

218 1975 359 2020 Item:
393 1975 449 2019 ad
475 1975 566 2019 hoc
592 1975 722 2019 datur
749 1973 992 2018 consilium
1019 1974 1074 2018 de
1097 1984 1359 2032 paupertate
1377 1974 1649 2029 voluntaria,
1666 1985 1715 2019 ut
1737 1987 1866 2020 mens
1888 1976 2090 2021 hominis

132 2056 158 2087 a
181 2042 487 2087 sollicitudine
510 2049 796 2086 terrenorum
820 2051 1013 2094 remota,
1038 2040 1223 2085 liberius
1247 2042 1350 2085 Deo
1378 2053 1520 2086 vacet.
1549 2042 1635 2086 Hic
1663 2053 1816 2087 autem
1839 2042 2005 2088 modus
2036 2057 2089 2087 ex

131 2109 421 2154 mendicitate
445 2108 629 2153 vivendi
662 2108 800 2152 habet
825 2107 1075 2166 plurimam
1097 2108 1475 2153 sollicitudinem:
1503 2110 1689 2167 majoris
1717 2109 1840 2154 enim
1867 2110 2067 2155 sollicitu

131 2175 249 2221 dinis
272 2181 371 2220 esse
395 2175 572 2220 videtur
597 2187 813 2234 quaerere
842 2174 1004 2229 aliena,
1027 2183 1164 2233 quam
1182 2175 1374 2234 propriis
1401 2177 1478 2220 uti.
1505 2176 1614 2220 Non
1641 2190 1752 2235 ergo
1778 2177 1956 2222 videtur
1990 2192 2090 2223 esse

130 2242 407 2288 conveniens
431 2242 507 2285 hic
533 2241 697 2285 modus
722 2241 903 2285 vivendi
930 2250 1240 2300 paupertatem
1262 2242 1569 2289 voluntariam
1596 2244 1942 2289 assumentibus.

163 2311 170 2328 ²
220 2308 271 2353 si
299 2310 399 2368 quis
430 2317 584 2352 autem
616 2307 957 2352 mendicitatem
988 2307 1172 2352 laudare
1204 2308 1313 2352 velit
1345 2319 1527 2367 propter
1558 2310 1882 2365 humilitatem,
1913 2311 2091 2356 videtur

131 2376 322 2421 omnino
349 2375 714 2420 irrationabiliter
739 2374 877 2433 loqui.
907 2374 1137 2418 Laudatur
1160 2378 1282 2419 enim
1305 2375 1538 2420 humilitas
1565 2377 1818 2421 secundum
1839 2379 1962 2437 quod
1986 2393 2092 2423 con-

130 2443 349 2487 temnitur
370 2451 549 2486 terrena
571 2441 773 2496 altitudo,
800 2455 916 2500 quae
933 2443 1138 2486 consistit
1164 2443 1209 2487 in
1227 2442 1406 2498 divitiis,
1433 2443 1699 2497 honoribus,
1716 2443 1854 2498 fama,
1871 2455 1916 2489 et
1937 2446 2092 2504 hujus-

131 2509 281 2563 modi:
311 2520 407 2553 non
443 2514 602 2552 autem'
632 2508 884 2552 secundum
920 2508 1043 2566 quod
1081 2511 1391 2555 contemnitur
1427 2509 1616 2554 altitudo
1658 2511 1848 2565 virtutis,
1881 2523 2090 2570 respectu

133 2578 263 2634 cujus
287 2585 469 2635 oportet
491 2589 576 2619 nos
602 2575 924 2633 magnanimos
963 2587 1074 2620 esse.
1108 2575 1238 2620 Esset
1267 2576 1404 2634 igitur
1438 2577 1735 2635 vituperanda
1771 2578 2022 2633 humilitas,
2053 2580 2091 2624 si

133 2644 233 2702 quis
257 2653 442 2701 propter
471 2641 776 2686 humilitatem
804 2641 972 2699 aliquid
997 2641 1172 2686 *faceret
1205 2643 1328 2700 quod
1365 2643 1589 2688 altitudini
1625 2645 1801 2688 virtutis
1835 2646 2088 2704 derogaret.

133 2709 339 2767 Derogat
362 2718 516 2752 autern
542 2709 584 2752 ei
611 2707 894 2761 mendicitas,
919 2717 1017 2751 turn
1044 2708 1150 2766 quia
1181 2709 1425 2753 virtuosius
1457 2719 1524 2754 est
1556 2710 1662 2754 dare
1695 2725 1835 2769 quam
1868 2716 2090 2772 accipere,

133 2783 231 2820 tum
258 2774 364 2833 quia
387 2775 525 2819 habet
550 2775 750 2833 speciem
776 2776 917 2831 turpis
948 2773 1076 2827 lucri,
1103 2784 1151 2818 ut
1182 2775 1354 2819 dictum
1386 2786 1467 2820 est.
1500 2776 1607 2821 Non
1640 2788 1708 2822 est
1737 2778 1875 2836 igitur
1905 2790 2090 2838 propter

133 2841 438 2886 humilitatem
464 2840 733 2886 mendicitas
761 2840 1001 2886 laudanda.

220 2908 419 2953 Fuerunt
445 2910 583 2953 etiam
610 2907 762 2967 aliqui,
789 2907 866 2966 qui
891 2907 1219 2966 perfectionem
1247 2911 1365 2954 vitae
1391 2910 1664 2956 sectantibus
1682 2911 1892 2958 dicebant
1913 2913 2088 2959 nullam

132 2975 486 3020 sollicitudinem
514 2984 612 3019 esse
643 2975 918 3027 habendam,
942 2989 1092 3033 neque
1125 2975 1446 3034 mendicando,
1472 2991 1618 3036 neque
1646 2977 1914 3033 laborando,
1940 2995 2088 3040 neque

134 3041 216 3086 sibi
241 3041 408 3100 aliquid
441 3041 741 3094 reservand03
772 3041 850 3085 sed
885 3052 1098 3099 oportere
1125 3055 1204 3086 eos
1239 3057 1263 3085 a
1290 3043 1391 3087 solo
1423 3043 1527 3088 Deo
1560 3047 1938 3090 sustentationem
1970 3047 2089 3092 vitae

134 3111 414 3167 exspectare3
444 3117 628 3166 propter
654 3107 744 3152 hoc
767 3108 889 3166 quod
916 3108 1078 3153 dicitur
1100 3108 1281 3165 (Matth.
1301 3110 1377 3153 VI.
1406 3111 1518 3167 25.):
1549 3111 1688 3156 Nolite
1713 3112 1878 3157 solliciti
1894 3128 1971 3158 esse
1995 3116 2088 3158 ani-

133 3176 407 3220 n'iaevestraa
420 3174 519 3233 quid
539 3174 809 3228 manducetis,
838 3181 911 3220 aut
936 3175 1035 3233 quid
1062 3177 1224 3229 bibatis,
1251 3182 1325 3220 aut
1344 3179 1516 3236 corpori
1539 3184 1673 3222 vestro
1695 3178 1795 3237 quid
1821 3179 2062 3225 induamini
2071 3196 2088 3234 ,-

135 3250 180 3285 et
209 3240 372 3285 iterum
400 3241 479 3298 (ib.
506 3241 618 3298 34.):
650 3241 791 3286 Nolite
813 3243 858 3285 in
884 3243 1112 3286 crastinum
1145 3245 1337 3300 cogitare.

222 3306 323 3351 Hoc
350 3316 503 3351 autem
529 3308 705 3352 videtur
731 3309 921 3352 omnino
950 3308 1270 3353 irrationabile.
1305 3308 1505 3354 Stultum
1532 3310 1655 3355 enim
1682 3322 1748 3356 est
1779 3311 1897 3356 velle
1929 3312 2085 3368 finem,

134 3384 179 3418 et
202 3374 558 3432 praetermittere
585 3388 638 3419 ea
669 3383 786 3432 quae
819 3382 922 3419 su‘nt
953 3375 1159 3419 ordinata
1193 3375 1248 3419 ad
1275 3374 1428 3421 finem.
1456 3377 1529 3420 Ad
1566 3377 1705 3422 finem
1741 3387 1894 3424 autern
1932 3392 2086 3424 come-

133 3441 292 3485 stionis
318 3440 551 3485 ordinatur
576 3440 836 3486 sollicitudo
876 3441 1094 3497 humana,
1130 3456 1208 3501 per
1233 3456 1371 3501 quam
1405 3443 1489 3488 sibi
1523 3444 1697 3489 victum
1738 3457 1964 3504 procurat.
1994 3447 2088 3501 Qui

133 3506 269 3566 igitur
284 3507 453 3567 absque
475 3507 760 3553 comestione
776 3507 929 3559 vivere
949 3507 1044 3553 non'
1070 3519 1274 3568 possunt,
1293 3509 1492 3569 aliquam
1509 3509 1866 3558 sollicitudinem
1888 3513 1945 3558 de
1965 3513 2087 3560 victu

135 3573 396 3633 quaerendo
422 3573 587 3619 debent
611 3574 796 3619 habere.
