2332 3854
801 191 954 233 mmm
992 192 1069 232 111.
1113 192 1235 234 CAP.
1278 192 1386 231 ew.
1960 191 2067 247 447

116 296 475 358 praeparandam
517 294 778 346 inferiorern
820 296 1060 342 materiam
1102 295 1159 341 ad
1200 293 1539 356 suscipiendam
1575 293 1857 342 influentiam
1894 295 2070 345 virtutis

0 405 10 427 ιν
118 364 341 414 coelestis.

198 429 301 477 Hoc
333 438 485 475 autem
512 442 719 489 expresse
752 429 1073 488 apparentibus
1099 428 1377 475 adversatur.
1411 424 1533 475 Cum
1559 426 1683 473 enim
1714 440 1810 472 non
1841 426 1899 473 sit
1929 428 2071 487 possi-

115 496 205 551 bile
236 510 291 542 ex
322 496 544 556 aliquibus
577 495 809 555 corporeis
840 495 1071 555 principiis
1102 494 1385 541 intellectum
1419 494 1609 548 causari,
1642 503 1690 538 ut
1721 507 1856 553 supra
1887 494 1950 553 (c.
1976 494 2069 551 84.)

114 563 354 623 probatum
386 573 467 616 est,
499 562 777 622 impossibile
811 571 878 606 est
908 563 1030 621 quod
1073 561 1258 607 effectus
1290 562 1367 622 qui
1408 570 1511 606 sunt
1542 560 1714 620 proprii
1744 558 2068 607 intellectualis

114 640 302 682 naturae
332 644 387 675 ex
417 629 580 675 virtute
613 629 824 675 coelestis
872 629 1076 688 corporis
1110 638 1363 674 causentur.
1395 629 1447 673 In
1479 627 1745 687 hujusmodi
1777 637 1930 673 autem
1964 642 2070 686 ope·

114 698 362 743 rationibus
388 711 630 756 magorum
658 706 873 757 apparent
906 696 1131 755 quaedam
1158 711 1274 756 quae
1296 706 1399 740 sunt
1426 696 1607 754 propria
1630 694 1864 742 rationalis
1880 705 2069 740 naturae

115 778 267 823 opera.
300 762 567 808 Redduntur
598 763 720 807 enim
753 776 971 821 responsa
1004 762 1060 807 de
1091 761 1219 808 furtis
1255 761 1455 815 sublatis,
1487 772 1532 806 et
1564 762 1617 806 de
1650 761 1749 806 aliis
1781 761 2069 821 hujusmodi;

114 830 238 890 quod
267 844 360 874 non
393 840 548 889 posset
579 829 676 874 fieri
705 828 796 873 nisi
838 842 917 887 per
955 828 1250 873 intellectum.
1283 828 1392 872 Non
1431 838 1498 872 est
1541 828 1678 887 igitur
1709 843 1869 873 verum
1906 842 2070 873 omnes

113 895 378 956 hujusmodi
410 895 595 940 effectus
629 909 681 939 ex
713 894 812 939 sola
843 895 1007 939 virtute
1035 894 1305 939 coelestium
1338 908 1584 954 corporum
1612 895 1801 939 causari.

201 961 595 1027 Praetereazlipsa
620 962 805 1020 loquela
827 961 1035 1021 proprius
1059 971 1184 1005 actus
1211 971 1280 1005 est
1305 960 1539 1005 rationalis
1567 970 1814 1008 creaturae.
1836 962 2071 1022 Apparent

63 1021 68 1027 ⁵
114 1038 266 1084 autem
298 1029 436 1089 aliqui
468 1028 782 1088 colloquentes
813 1028 1077 1072 hominibus
1109 1028 1155 1071 in
1173 1028 1414 1087 praedictis
1437 1028 1792 1088 operationtbus,
1819 1039 1864 1073 et
1887 1029 2071 1075 ratioci-

111 1105 273 1152 nantes
304 1095 360 1140 de
391 1095 592 1140 diversis.
618 1095 726 1139 Non
759 1105 826 1140 est
858 1095 992 1154 igitur
1023 1094 1238 1155 possibile
1271 1095 1393 1156 quod
1425 1094 1691 1155 hujusmodi
1712 1095 1824 1141 fiant
1848 1095 1948 1141 sola
1986 1097 2070 1142 vir-

111 1163 219 1219 tude
244 1161 510 1222 coelestium
542 1176 803 1222 corporum.

202 1229 253 1275 Si
282 1229 383 1290 quis
414 1239 567 1275 autem
599 1229 733 1285 dicat,
765 1229 887 1288 quod
919 1229 1185 1288 hujusmodi
1225 1229 1516 1289 apparentiae
1546 1243 1641 1274 non
1673 1238 1779 1274 sunt
1817 1229 2068 1274 secundum

110 1310 295 1353 sensum
316 1297 601 1350 exteriorem,
617 1295 696 1340 sed
714 1294 966 1354 secundum
983 1295 1363 1354 imaginationem
1380 1305 1573 1351 tantum,
1602 1294 1692 1341 hoc
1715 1296 1899 1356 quidem
1920 1297 2069 1356 primo

109 1377 205 1417 non
223 1362 405 1409 videtur
430 1362 735 1408 manifestum.
762 1361 869 1407 Non
887 1362 1012 1407 enim
1038 1362 1174 1407 alicui
1200 1372 1418 1422 apparent
1441 1361 1618 1407 formae
1634 1362 1911 1422 imaginatae
1939 1363 2068 1423 quasi

108 1443 183 1482 res
207 1443 356 1484 verae,
381 1430 468 1474 nisi
493 1429 571 1474 fiat
597 1427 809 1474 alienatio
838 1428 891 1473 ab
916 1428 1210 1474 exterioribus
1241 1429 1492 1488 speciebus,
1525 1429 1630 1488 quia
1660 1443 1757 1474 non
1784 1439 1938 1489 potest
1970 1445 2069 1482 esse

108 1495 232 1556 quod
258 1496 625 1542 similitudinibus
645 1496 902 1542 intendatur
919 1506 1154 1556 tamquam
1172 1495 1303 1540 rebus
1319 1496 1408 1540 nisi
1424 1495 1565 1555 ligato
1583 1494 1778 1540 naturali
1795 1497 2068 1556 judicatorio

109 1577 258 1608 sensu.
281 1561 556 1623 Hujusmodi
579 1573 732 1608 autem
750 1562 1097 1622 collocutiones,
1125 1572 1169 1607 et
1195 1562 1499 1622 apparitiones
1532 1562 1644 1607 fiunt
1671 1562 1726 1612 ad
1753 1563 1966 1608 homines
1991 1563 2070 1623 qui

109 1640 294 1679 utuntur
310 1629 449 1675 libere
465 1630 669 1674 sensibus
693 1629 1001 1674 exterioribus.
1023 1627 1131 1686 Non
1158 1638 1226 1673 est
1249 1629 1387 1687 igitur
1412 1628 1629 1688 possibile
1655 1629 1777 1690 quod
1803 1622 2070 1689 hujusmodi

106 1697 216 1749 visa,
246 1695 323 1742 vel
342 1697 495 1753 audita
523 1696 613 1740 sint
637 1695 888 1740 secundum
913 1695 1291 1754 imaginationem
1317 1706 1509 1757 tantum.

197 1762 398 1808 Deinde:
426 1777 481 1807 ex
507 1761 776 1821 quibusdam
803 1761 962 1806 formis
987 1762 1247 1821 imaginatis
1274 1776 1367 1806 non
1394 1771 1546 1821 potest
1577 1761 1715 1806 alicui
1741 1763 1980 1822 provenire
2006 1763 2069 1807 in-

108 1828 378 1887 tellectualis
393 1829 597 1888 cognitio
620 1828 736 1873 ultra
755 1827 1018 1873 facultatem
1040 1827 1295 1883 naturalean
1318 1829 1392 1873 vel
1414 1829 1683 1888 acquisitam
1699 1830 1768 1873 sui
1784 1829 2067 1884 intellectus;

108 1896 231 1956 quod
257 1897 396 1950 etiam
420 1896 467 1943 in
493 1895 682 1942 somniis
698 1905 837 1955 patet,
853 1895 899 1939 in
922 1895 1082 1955 quibus
1100 1895 1184 1940 etsi
1200 1897 1256 1940 sit
1274 1895 1425 1954 aliqua
1450 1895 1771 1956 praefiguratio
1796 1896 2067 1952 futurorum,

108 1976 203 2008 non
230 1971 385 2010 tamen
411 1962 685 2022 quicumque
711 1962 871 2007 videns
902 1961 1083 2006 somnia
1113 1975 1272 2006 eorum
1301 1962 1552 2021 significata
1573 1962 1798 2023 intelligit.
1815 1963 1903 2009 Per
1919 1963 2069 2023 hujus-

109 2028 237 2076 modi
261 2039 413 2077 autem
429 2030 540 2083 visa,
556 2028 631 2073 vel
656 2028 822 2090 audita,
846 2043 961 2088 quae
988 2037 1205 2087 apparent
1220 2028 1267 2071 in
1284 2029 1494 2087 operibus
1519 2043 1775 2087 magorum,
1798 2029 2067 2090 plerumque

109 2095 289 2142 advenit
303 2093 440 2142 alicui
453 2094 769 2140 intellectualis
798 2095 1000 2153 cognitio
1019 2095 1276 2155 aliquorum
1295 2110 1410 2155 quae
1436 2098 1505 2140 sui
1531 2095 1786 2141 intellectus
1803 2096 2067 2142 facultatem
2105 2137 2107 2139 ,

108 2162 345 2216 excedunt,
376 2162 492 2207 sicut
522 2161 740 2206 revelatio
768 2161 1057 2206 occultorum
1088 2161 1424 2216 thesaurorum,
1450 2162 1758 2208 manifestatio
1783 2162 2065 2219 futurorum;

107 2238 159 2286 eta
176 2229 446 2289 quandoque
472 2229 610 2274 etiam
634 2228 689 2273 de
715 2228 937 2288 aliquibus
968 2227 1257 2272 documentis
1288 2229 1504 2274 scientiae
1538 2228 1728 2288 alicujus
1754 2244 1861 2274 vera
1887 2245 2069 2290 respon-

107 2295 280 2340 dentur.
309 2295 506 2355 Oportet
529 2309 639 2354 ergo
672 2295 794 2355 quod
826 2295 898 2339 vel
934 2294 1001 2339 illi
1039 2305 1320 2355 apparentes,
1347 2305 1392 2340 et
1418 2294 1732 2355 colloquentes
1765 2311 1859 2341 non
1885 2297 2069 2342 videant

105 2361 357 2420 secundum
388 2361 767 2422 imaginationem
793 2371 985 2415 tantum,
1015 2361 1090 2406 vel
1123 2361 1284 2406 saltem
1312 2362 1434 2422 quod
1460 2362 1550 2406 hoc
1584 2362 1662 2407 fiat
1686 2363 1850 2408 virtute
1877 2363 2067 2422 alicujus
2099 2374 2105 2379 ·

104 2427 360 2483 intellectus
371 2429 630 2488 superioris,
647 2428 769 2489 quod
786 2428 930 2473 homo
947 2442 1027 2488 per
1038 2428 1299 2486 hujusmodi
1318 2429 1672 2488 imaginationes
1688 2429 1735 2473 in
1754 2430 2065 2489 cognitionem

107 2493 268 2542 talium
293 2495 556 2549 adducatur,
585 2505 629 2540 et
652 2509 747 2540 non
773 2495 852 2539 fiat
874 2495 965 2539 hoc
992 2494 1156 2539 virtute
1181 2494 1333 2538 solum
1360 2494 1629 2539 coelestium
1657 2509 1918 2555 corporum.

194 2561 381 2607 Adhuc:
410 2562 531 2621 quod
547 2562 710 2608 virtute
724 2561 991 2607 coelestium
1020 2575 1265 2620 corporum
1291 2561 1354 2616 fit,
1381 2571 1449 2606 est
1474 2561 1661 2606 effectus
1687 2562 1929 2608 naturalis:
1956 2577 2066 2608 nam

107 2626 283 2672 formae
314 2627 542 2673 naturales
569 2639 672 2672 sunt
696 2643 813 2688 quae
838 2628 884 2671 in
910 2626 1198 2671 inferioribus
1231 2638 1473 2672 causantur
1509 2642 1563 2671 ex
1596 2629 1759 2673 virtute
1797 2629 2066 2674 coelestium

109 2707 366 2752 corporum.
396 2694 535 2747 Quod
558 2694 692 2754 igitur
714 2693 827 2738 nulli
851 2694 919 2738 rei
943 2703 1092 2754 potest
1119 2708 1215 2738 esse
1242 2693 1461 2747 naturale,
1488 2709 1581 2738 non
1606 2704 1758 2753 potest
1782 2694 1878 2740 fieri
1902 2697 2066 2741 virtute

110 2759 378 2804 coelestium
405 2774 664 2820 corporum.
695 2760 938 2812 Quaedam
979 2770 1131 2804 autem
1167 2759 1275 2803 talia
1301 2759 1400 2804 fieri
1426 2759 1633 2804 dicuntur
1666 2775 1745 2820 per
1779 2763 2066 2822 operationes

107 2826 373 2886 praedictas,
397 2827 514 2877 sicut
538 2827 661 2886 quod
687 2826 742 2870 ad
765 2826 1067 2885 praesentiam
1086 2826 1288 2885 alicujus,
1307 2841 1621 2886 quaecumque
1645 2842 1743 2872 sera
1766 2828 1808 2872 ei
1828 2829 2064 2887 pandatur,

108 2892 231 2951 quod
258 2891 418 2952 aliquis
449 2892 684 2937 invisibilis
716 2893 940 2946 reddatur,
978 2902 1022 2936 et
1058 2892 1201 2936 multa
1231 2892 1495 2951 hujusmodi
1527 2908 1642 2953 quae
1674 2905 1925 2941 narrantur.
1957 2896 2064 2941 Non

109 2969 176 3005 est
200 2959 336 3022 igitur
358 2959 571 3019 possibile
602 2959 693 3004 hoc
729 2959 826 3003 fieri
859 2959 1022 3003 virtute
1049 2959 1318 3003 coelestium
1346 2973 1606 3020 corporum.

197 3025 431 3085 Amplius:
465 3026 736 3085 cuicumque
761 3025 974 3070 virtutute
1004 3025 1275 3071 coelestium
1303 3040 1547 3086 corporum
1575 3027 1806 3072 confertur
1837 3029 1959 3088 quod
1985 3044 2064 3089 po-

107 3094 269 3138 sterius
294 3103 374 3146 est,
401 3091 628 3137 confertur
645 3092 782 3136 etiam
810 3093 851 3137 ei
877 3092 999 3152 quod
1017 3095 1139 3152 p'rius
1162 3103 1241 3138 est.
1266 3094 1443 3138 Moveri
1460 3104 1613 3140 autem
1632 3109 1685 3139 ex
1701 3108 1749 3140 se
1768 3097 2061 3156 consequitur

109 3160 164 3205 ad
189 3159 357 3204 habere
389 3159 615 3214 animam;
648 3158 955 3205 animatorum
988 3160 1111 3204 enim
1142 3160 1380 3219 proprium
1411 3171 1478 3206 est
1509 3161 1631 3221 quod
1658 3173 1876 3207 moveant
1900 3163 2061 3223 seipsa.

95 3225 393 3285 'Impossibile
421 3236 487 3270 est
511 3225 647 3284 igitur
672 3225 767 3269 fieri
793 3226 955 3270 virtute
989 3226 1257 3270 coelestium
1285 3241 1530 3286 corporum
1559 3228 1680 3286 quod
1709 3228 1892 3287 aliquod
1919 3230 2063 3274 inani-

107 3304 283 3337 matum
310 3306 388 3352 per
414 3307 460 3336 se
488 3303 737 3337 moveatur.
765 3292 880 3337 Fieri
913 3303 1062 3338 autem
1102 3294 1192 3337 hoc
1227 3308 1304 3353 per
1339 3295 1541 3353 magicas
1578 3306 1694 3339 artes
1732 3296 1906 3351 dicitur,
1940 3298 2061 3356 quod

109 3359 258 3419 aliqua
285 3369 430 3404 statua
457 3373 535 3418 per
566 3373 614 3404 se
652 3369 903 3414 moveatur,
931 3370 1007 3404 aut
1032 3374 1195 3404 vocem
1235 3361 1422 3405 emittat.
1451 3361 1556 3405 Non
1601 3372 1668 3406 est
1704 3376 1812 3421 ergo
1847 3364 2062 3422 possibile

107 3426 229 3486 quod
256 3425 442 3471 effectus
468 3425 751 3485 magicarum
778 3426 942 3470 artium
964 3426 1042 3471 fiat
1067 3427 1229 3471 virtute
1258 3427 1458 3472 coelesti.

197 3492 247 3537 Si
272 3504 425 3537 autem
450 3491 636 3546 dicatur,
669 3492 790 3552 quod
816 3502 962 3537 statua
988 3493 1065 3538 illa
1097 3494 1281 3537 sortitur
1307 3493 1490 3553 aliquod
1517 3495 1788 3556 principium
1823 3498 1941 3541 vitae
1973 3498 2061 3541 vir-

108 3568 201 3604 tute
223 3558 491 3604 coelestium
508 3572 773 3619 corporum,
799 3559 891 3604 hoc
910 3569 976 3606 est
992 3560 1287 3620 impossibile.
1314 3561 1594 3620 Principium
1614 3564 1736 3607 enim
1762 3565 1880 3608 vitae
1897 3563 1942 3608 in
1967 3578 2063 3610 om·
