2332 3854
283 212 386 266 116
1010 219 1164 260 LIBER
1203 221 1238 258 1.
1281 222 1400 260 CAP.
1442 223 1493 262 c·

275 340 511 376 ostensum
538 335 617 370 est.
640 325 743 384 Ipse
771 333 924 368 autem
941 324 1141 383 seipsum
1173 323 1397 383 intelligit,
1425 327 1501 385 qui
1523 336 1592 372 est
1617 341 1851 374 summum
1873 331 2226 392 intelligibilium

274 397 486 458 perfecte,
514 394 681 452 absque
705 392 833 437 omni
859 390 1120 436 difficultate
1148 402 1191 435 et
1218 391 1565 441 delectabiliter:
1592 405 1660 440 est
1682 411 1792 456 ergo
1817 398 1988 443 beatus,

363 463 551 508 Adhuc:
579 475 657 519 per
677 459 1003 503 beatitudinem
1027 458 1300 502 desiderium
1324 473 1462 505 omne
1484 462 1721 521 quietatur,
1744 465 1848 524 quia
1871 479 1924 510 ea
1946 466 2114 523 habita,
2131 475 2245 515 non·

275 540 420 577 restat
458 528 579 573 aliud
606 526 972 579 desiderandum,
1010 540 1116 569 curn
1153 526 1210 570 sit
1240 525 1427 572 ultimus
1462 528 1585 574 finis:
1613 541 1794 590 oportet
1827 532 1964 592 igitur
1989 547 2095 579 eum
2128 549 2227 582 esse

270 601 454 644 beatum
483 598 558 655 qui
586 593 809 654 perfectus
837 603 917 646 est,
945 602 1166 651 quantum
1200 594 1256 637 ad
1283 595 1439 639 omnia
1466 610 1582 655 quae
1615 598 1872 644 desiderare
1898 610 2062 659 potest.
2089 602 2224 650 Unde

272 668 458 710 Boetius
486 663 606 715 dicit,
634 660 756 719 quod
778 660 1011 703 beatitudo
1035 669 1102 703 est
1121 670 1262 705 status
1281 662 1490 706 omnium
1505 664 1734 708 bonorum
1753 669 2112 726 congregatione
2131 684 2228 729 per.

271 733 428 777 fectus.
458 731 547 775 Sed
574 728 676 773 talis
695 737 761 771 est
789 727 940 769 divina
967 726 1200 785 perfectio,
1227 743 1342 787 quae
1375 743 1564 774 ornnem
1593 731 1924 791 perfectionem
1956 735 2002 778 in
2029 736 2227 795 quadam

271 799 560 858 simplicitate
584 792 944 854 comprehendit,
968 803 1017 837 ut
1048 807 1182 853 supra
1205 795 1266 852 (c.
1292 795 1362 839 28.
1390 806 1435 840 et
1465 798 1554 855 54.)
1582 808 1819 843 ostensum
1845 810 1935 856 est3
1961 801 2059 861 ipse
2089 791 2226 863 igitur

270 877 337 911 est
368 879 473 909 vere
505 865 675 907 beatus.

358 934 497 976 Item:
526 928 742 987 quamdiu
762 926 898 970 alicui
919 926 1045 971 deest
1070 926 1239 986 aliquid
1258 943 1349 988 quo
1372 929 1588 989 indigeat,
1606 932 1814 977 nondum
1834 934 1992 979 beatus
2015 945 2095 990 est,
2119 938 2224 996 quia

270 1002 366 1059 eJus
393 997 667 1042 desiderium
693 994 900 1038 nondum
927 1004 994 1038 est
1021 995 1285 1054 quietaturn.
1316 996 1610 1058 Quicumque
1631 1000 1768 1058 igitur
1789 1001 1875 1046 sibi
1891 1001 2119 1048 sufficiens
2141 1013 2222 1060 est,

267 1066 394 1110 nullo
422 1065 644 1122 indigens,
662 1061 737 1105 ille
763 1062 920 1105 beatus
940 1071 1019 1105 est.
1049 1062 1297 1107 Ostensum
1319 1074 1473 1108 autem
1490 1075 1557 1109 est
1582 1080 1716 1126 supra
1742 1069 1803 1126 (c.
1821 1068 1930 1126 81.)‚
1953 1070 2076 1129 quod
2096 1070 2223 1119 Deus

266 1148 360 1177 non
379 1132 550 1189 indiget
578 1129 690 1182 aliis,
719 1143 824 1172 cum
852 1142 878 1171 a
903 1128 1031 1172 nullo
1055 1130 1267 1173 exteriori
1289 1145 1370 1174 sua
1387 1131 1606 1189 perfectio
1625 1134 1892 1193 dependeat,
1913 1151 1999 1182 nec
2023 1135 2111 1181 alia
2127 1137 2225 1183 vult

266 1210 449 1259 propter
475 1212 537 1251 se,
565 1199 680 1241 sicut
706 1206 889 1254 propter
920 1195 1075 1250 finem,
1103 1196 1232 1255 quasi
1259 1197 1322 1240 eis
1348 1198 1565 1255 indigeat,
1598 1201 1677 1245 sed
1710 1201 1863 1246 solum
1894 1203 2000 1262 quia
2030 1204 2122 1249 hoc
2155 1215 2223 1251 est

267 1266 543 1311 conveniens
575 1278 683 1309 suae
713 1263 931 1317 bonitati3
965 1273 1031 1307 est
1057 1264 1194 1322 igitur
1224 1265 1319 1323 ipse
1345 1265 1516 1310 beatus.

353 1335 617 1378 Praeterea:
637 1341 870 1375 ostensum
895 1340 962 1375 est
984 1345 1118 1389 supra
1147 1332 1205 1388 (c.
1230 1332 1323 1390 84.)
1346 1333 1467 1391 quod
1484 1333 1611 1378 Deus
1628 1349 1722 1379 non
1743 1346 1894 1395 potest
1907 1338 2026 1384 velle
2039 1335 2223 1401 aliquod

263 1399 559 1461 impossibile.
587 1397 874 1458 Impossibile
897 1407 965 1441 est
983 1408 1134 1442 autem
1163 1398 1204 1442 ei
1232 1398 1400 1458 aliquid
1419 1400 1630 1458 advenire
1658 1404 1781 1461 quod
1805 1405 2013 1450 nondum
2036 1406 2219 1464 habeat,

266 1484 372 1513 cum
399 1469 496 1524 ipse
522 1466 651 1510 nullo
679 1466 821 1510 modo
855 1465 912 1509 sit
942 1465 989 1509 in
1020 1466 1239 1523 potentia,
1271 1476 1320 1510 ut
1352 1477 1588 1512 ostensum
1622 1479 1688 1514 est
1720 1471 1781 1530 (c.
1819 1471 1924 1530 16.).
1956 1473 2099 1533 Igitur
2127 1489 2239 1521 non.

264 1546 414 1595 potest
439 1534 556 1579 velle
582 1549 631 1578 se
658 1534 825 1577 habere
853 1532 974 1591 quod
1000 1547 1094 1576 non
1120 1533 1282 1588 habet;
1316 1535 1531 1594 quidquid
1559 1537 1696 1595 igitur
1726 1538 1824 1583 vult
1847 1539 2010 1596 habet3
2034 1555 2121 1587 nec
2147 1542 2224 1587 ali-

264 1604 370 1662 quid
398 1602 508 1646 mali
532 1601 643 1655 vult,
670 1610 718 1644 ut
744 1615 878 1659 supra
913 1601 972 1658 (c.
1000 1599 1094 1659 95.)
1128 1612 1364 1645 ostensum
1391 1613 1470 1646 est.
1498 1604 1577 1648 Est
1602 1603 1740 1663 igitur
1764 1605 1939 1662 beatus,
1965 1609 2218 1654 secundum

264 1671 386 1730 quod
414 1685 439 1714 a
467 1669 736 1729 quibusdam
761 1669 920 1712 beatus
948 1682 1045 1712 esse
1071 1668 1346 1726 perhibetur,
1374 1670 1450 1728 qui
1475 1670 1613 1715 habet
1637 1672 1861 1731 'quidquid
1893 1674 2003 1731 vult,
2031 1685 2076 1721 et
2105 1675 2222 1722 nihil

262 1738 374 1782 mali
398 1737 507 1781 vult.

351 1805 461 1864 Ejus
479 1806 602 1848 enirn
617 1802 946 1847 beatitudinem
971 1816 1125 1846 sacrae
1145 1802 1403 1861 Scripturae
1421 1814 1728 1863 protestantur
1753 1807 1807 1866 (Ι.
1847 1806 1970 1854 Tim.
1993 1809 2072 1854 VI.
2108 1811 2235 1870 Ι5.);ξ

265 1873 401 1930 Quem
418 1871 593 1916 ostendet
617 1872 699 1915 suis
726 1871 976 1929 temporibus
1003 1871 1142 1914 beatus
1167 1876 1205 1914 et
1226 1876 1379 1929 potens.

1043 2048 1299 2104 CAPUT
1343 2048 1436 2104 CI.

745 2186 903 2232 QUOD
946 2185 1088 2223 DEUS
1130 2186 1214 2223 SIT
1257 2185 1361 2223 SUA
1393 2185 1731 2227 BEATITUDO.

814 2289 871 2347 (Ι.
881 2295 997 2348 part.
1021 2295 1174 2348 quaest.
1192 2289 1332 2336 LXII.
1350 2295 1430 2334 art.
1449 2304 1489 2334 2.
1513 2289 1567 2335 ad
1584 2291 1658 2348 1.).

347 2401 413 2445 Ex
438 2401 511 2445 his
538 2410 691 2445 autem
719 2409 904 2460 apparet
930 2400 1052 2459 quod
1078 2401 1204 2444 Deus
1231 2400 1288 2444 sit
1313 2413 1395 2443 sua
1425 2399 1673 2445 beatitudo.
1702 2401 1943 2446 Beatitudo
1970 2403 2094 2448 enim
2116 2404 2214 2463 ejus

258 2479 325 2513 est
355 2467 675 2513 intellectualis
708 2468 913 2527 operatio
948 2467 1100 2526 ipsius,
1137 2477 1187 2511 ut
1228 2477 1463 2511 ostensum
1499 2477 1567 2512 est
1594 2468 1654 2525 (c.
1703 2469 1835 2526 100.).
1875 2469 2024 2530 Supra
2063 2480 2218 2517 autem

258 2536 549 2580 ostendimus
568 2537 628 2593 (c.
655 2536 749 2593 45.)
774 2535 896 2594 quod
921 2535 1072 2593 ipsum
1097 2534 1187 2578 Dei
1207 2533 1463 2593 intelligere
1485 2535 1541 2579 sit
1563 2549 1644 2580 sua
1666 2536 1941 2593 substantia3
1961 2537 2058 2597 ipse
2079 2538 2217 2598 igitur

257 2613 324 2648 est
349 2617 430 2647 sua
451 2603 698 2647 beatitudo.

344 2671 485 2715 Item:
511 2670 758 2724 beatitudo,
783 2685 886 2714 cum
915 2670 973 2714 sit
999 2669 1186 2714 ultimus
1212 2669 1327 2723 finiS,
1355 2679 1422 2714 est
1452 2669 1496 2713 id
1524 2671 1646 2729 quod
1673 2671 1861 2730 quilibet
1884 2681 2017 2718 natus
2044 2683 2113 2719 est
2136 2674 2216 2719 ha-

254 2737 375 2792 bere,
401 2737 475 2782 vel
500 2738 673 2781 habens
699 2737 1006 2797 principaliter
1031 2736 1141 2781 vult.
1172 2737 1424 2782 Ostensum
1459 2748 1525 2781 est
1552 2748 1704 2783 autem
1731 2753 1866 2798 supra
1891 2741 1954 2798 (c.
1978 2739 2072 2799 74.)
2089 2741 2213 2801 quod

254 2805 380 2849 Deus
407 2805 716 2864 principaliter
732 2805 829 2849 vult
846 2819 976 2849 suam
994 2805 1239 2849 essentiam
1255 2819 1266 2858 ;
1294 2819 1375 2849 sua
1391 2805 1527 2863 igitur
1545 2806 1739 2850 essentia
1758 2817 1825 2851 est
1841 2807 1938 2865 ejus
1962 2807 2210 2854 beatitudo.

343 2873 533 2917 Adhuc:
558 2873 866 2932 unusquisque
899 2875 944 2917 in
975 2873 1305 2917 beatitudinem
1338 2886 1469 2916 suam
1502 2873 1681 2918 ordinat
1713 2874 1931 2934 quidquid
1962 2875 2059 2920 vult
2071 2891 2083 2930 ;
2115 2876 2214 2936 ipsa

255 2942 376 2984 enim
404 2950 470 2984 est
496 2954 611 2999 quae
639 2949 823 3000 propter
850 2936 971 2984 aliud
998 2955 1092 2984 non
1116 2940 1409 2994 desideratur,
1438 2951 1481 2985 et
1508 2940 1563 2984 ad
1590 2955 1729 3000 quam
1761 2943 2030 2987 terminatur
2060 2952 2214 2989 motus

253 3007 476 3063 desiderii,
503 3022 645 3051 unum
673 3017 857 3066 propter
890 3007 1010 3051 aliud
1038 3007 1348 3061 desiderantis,
1376 3021 1433 3051 ne
1460 3008 1517 3052 sit
1538 3008 1752 3053 infinitus.
1780 3009 1903 3053 Cum
1927 3009 2066 3069 igitur
2086 3010 2213 3055 Deus

254 3075 409 3119 omnia
433 3075 521 3119 alia
542 3075 652 3119 velit
673 3085 856 3134 propter
877 3089 1009 3119 suam
1032 3075 1299 3127 bonitatem,
1327 3089 1443 3133 quae
1463 3085 1531 3120 est
1552 3090 1634 3120 sua
1652 3076 1863 3131 essentia,
1889 3087 2070 3137 oportet
2090 3077 2213 3138 quod

250 3142 347 3201 ipse
373 3143 488 3187 sicut
516 3152 583 3187 est
607 3157 688 3187 sua
716 3143 909 3187 essentia
933 3153 976 3187 et
1007 3157 1087 3186 sua
1114 3142 1307 3196 bonitas,
1330 3141 1392 3186 ita
1418 3143 1475 3186 sit
1500 3156 1581 3186 sua
1607 3143 1854 3187 beatitudo.

340 3209 600 3254 Praeterea:
638 3210 728 3254 duo
761 3224 942 3254 summa
973 3210 1094 3253 bona
1127 3223 1225 3254 esse
1258 3218 1325 3253 est
1356 3209 1659 3268 impossibile:
1693 3210 1731 3254 si
1768 3210 1890 3255 enim
1925 3209 2095 3271 aliquid
2130 3211 2213 3256 uni

252 3275 442 3331 deesset,
471 3277 592 3335 quod
620 3276 813 3322 alterum
844 3277 1046 3330 haberet,
1074 3286 1284 3320 neutrum
1312 3290 1546 3321 summum
1573 3286 1616 3321 et
1642 3276 1894 3336 perfectum
1916 3286 2048 3323 esset.
2079 3277 2208 3324 Deus

250 3353 403 3388 autem
431 3355 637 3389 ostensus
666 3355 732 3389 est
758 3359 891 3404 supra
919 3358 1152 3389 summum
1177 3343 1352 3387 bonum
1380 3357 1501 3398 esse;
1534 3344 1767 3389 beatitudo
1801 3346 1940 3390 etiam
1971 3358 2206 3402 summum

249 3411 423 3455 bonum
451 3413 701 3457 ostenditur
723 3426 822 3457 esse
849 3427 902 3456 ex
919 3412 1009 3456 hoc
1030 3412 1151 3471 quod
1170 3421 1238 3455 est
1253 3410 1439 3456 ultimus
1458 3411 1582 3467 finis;
1610 3425 1720 3472 ergo
1742 3412 1992 3469 beatitudo,
2014 3422 2060 3458 et
2081 3412 2206 3458 Deus

251 3487 352 3523 sunt
378 3478 514 3523 idem.
542 3479 621 3524 Est
641 3480 781 3539 igitur
807 3480 934 3524 Deus
967 3493 1048 3524 sua
1074 3478 1323 3523 beatitudo.
