2332 3854
816 257 970 298 LIBER
1009 257 1065 298 11.
1107 257 1229 297 cAP.
1269 256 1415 297 LXIX.
1981 257 2091 313 215

135 359 316 407 firmare
341 361 510 417 nititur,
534 373 628 406 non
654 360 847 420 probant
872 360 1170 407 substantiam
1195 356 1552 405 intellectualem
1580 358 1762 417 corpori
1786 372 1881 403 non
1906 357 2027 403 uniri
2048 369 2098 404 ut

127 426 349 473 formam.

224 495 374 540 Verba
400 495 521 539 enim
548 494 820 549 Aristotelis,
842 508 958 553 quae
985 494 1095 539 dicit
1121 493 1275 553 (tertio
1292 494 1363 538 De
1382 493 1548 547 anima,
1571 502 1602 536 t.
1621 506 1659 536 c.
1679 492 1770 550 21.)
1790 492 1847 537 de
1862 492 2098 538 intellectu

21 606 26 620 2
134 561 351 621 possibili,
372 562 493 622 quod
521 572 586 607 est
611 561 900 621 impassibilis
925 571 969 606 et
990 562 1223 606 immixtus
1249 571 1294 606 et
1319 569 1565 621 separatus,
1583 574 1677 604 non
1696 569 1868 618 cogunt
1891 559 2098 605 confiteri

18 645 23 654 ⁴
49 622 54 626 ⁴
132 629 254 688 quod
279 629 526 674 substantia
551 628 827 673 intellectiva
854 642 948 672 non
974 628 1031 672 sit
1057 629 1183 672 unita
1210 623 1394 688 corpori
1419 636 1468 672 ut
1492 626 1642 671 forma
1664 626 1776 671 dans
1799 640 1912 671 esse.
1938 627 2098 671 Verifi-

133 704 259 740 catur
275 696 412 752 enim,
436 698 572 741 etiam
591 696 629 740 si
651 695 826 741 dicatur
843 695 965 754 quod
987 695 1265 740 intellectiva
1289 694 1506 754 potentia,
1525 708 1663 753 quam
1676 693 1946 738 Aristoteles
1962 702 2100 738 vocat

131 764 383 822 potentiam
409 763 755 823 perspectivam,
781 777 875 806 non
902 762 959 806 sit
986 761 1176 820 alicujus
1199 762 1359 821 organi
1384 771 1510 806 actus
1536 761 1666 820 quasi
1687 774 1768 820 per
1789 761 1939 820 ipsum
1966 774 2097 805 suam

133 843 347 875 exercens
384 830 723 889 operationem3
761 839 805 874 et
840 830 931 873 hoc
970 828 1106 873 etiam
1134 843 1215 873 sua
1242 829 1570 873 demonstratio
1608 827 1809 872 declarat
1822 843 1833 883 ;
1862 842 1915 873 ex
1943 841 2099 887 opera-

129 896 256 941 tione
282 899 404 941 enim
429 897 740 952 intellectuali,
766 911 855 956 qua
885 897 1039 941 anima
1065 888 1291 955 intelligit,
1319 896 1515 941 ostendit
1536 896 1687 955 ipsum
1708 896 1971 941 immixtum
1998 909 2097 941 esse

131 962 206 1008 vel
230 974 512 1024 separatum;
539 965 743 1024 operatio
772 973 925 1008 autem
952 963 1143 1023 pertinet
1171 963 1227 1007 ad
1253 964 1505 1022 potentiam
1532 972 1580 1007 ut
1607 962 1662 1006 ad
1688 963 1976 1022 principium.

18 1083 26 1100 Β
221 1030 355 1076 Unde
386 1041 507 1091 patet
533 1031 655 1090 quod
686 1046 771 1076 nec
804 1031 1132 1092 demonstratio
1164 1029 1423 1074 Aristotelis
1455 1030 1544 1073 hoc
1573 1029 1819 1085 concludit,
1842 1029 1965 1089 quod
1998 1030 2099 1074 sub-

53 1125 60 1133 ·
129 1099 294 1142 stantia
318 1097 594 1143 intellectiva
619 1113 713 1143 non
739 1098 920 1142 uniatur
953 1097 1135 1157 corpori
1169 1098 1284 1141 sicut
1315 1096 1478 1141 forma.
1507 1097 1557 1141 Si
1584 1096 1706 1141 enim
1739 1110 1966 1156 ponamus
1999 1097 2099 1142 sub·

129 1164 342 1209 stantiam
361 1166 556 1220 animae,
569 1165 821 1209 secundum
836 1179 949 1219 esse,
969 1165 1152 1224 corpori
1169 1165 1234 1209 sic
1252 1164 1442 1218 unitam,
1455 1163 1739 1208 intellectum
1758 1174 1910 1209 autern
1928 1163 2097 1209 nullius

130 1231 292 1291 organi
317 1242 471 1276 actum
497 1247 611 1287 esse,
641 1247 735 1277 non
771 1233 974 1291 sequitur
1004 1233 1130 1291 quod
1167 1231 1423 1276 intellectus
1458 1230 1626 1275 habeat
1657 1230 1859 1290 aliquam
1885 1241 2097 1276 naturam

129 1297 479 1344 determinatam
512 1299 589 1357 (de
620 1300 792 1344 naturis
829 1300 934 1344 dico
971 1297 1293 1356 sensibilium),
1326 1313 1468 1358 quum
1499 1312 1593 1342 non
1626 1307 1822 1358 ponatur
1853 1299 2098 1343 harmonia

40 1409 51 1419 „
129 1365 202 1410 vel
227 1366 343 1411 ratio
370 1367 561 1426 alicujus
584 1368 759 1427 organi,
778 1369 894 1411 sicut
913 1367 967 1411 de
986 1381 1120 1412 sensu
1144 1366 1254 1411 dicit
1274 1365 1547 1411 Aristoteles
1566 1368 1612 1410 in
1634 1367 1836 1411 secundo
1854 1367 1926 1411 De
1943 1366 2098 1411 anima

127 1433 181 1491 (t.
207 1447 245 1478 c.
273 1435 380 1492 23.),
408 1434 530 1494 quod
557 1445 625 1479 est
650 1435 876 1494 quaedam
909 1435 1025 1478 ratio
1053 1434 1238 1493 organi;
1271 1447 1365 1477 non
1397 1433 1521 1478 enim
1547 1433 1686 1478 habet
1710 1432 1967 1479 intellectus
1994 1447 2098 1493 ope-

20 1512 48 1547 ’,
126 1497 353 1545 rationem
380 1515 678 1546 communem
706 1515 812 1546 cum
839 1515 1046 1561 corpore.

115 1623 118 1626 Α
218 1566 359 1620 Quod
382 1578 549 1623 autem,
576 1583 656 1627 per
680 1568 771 1612 hoc
798 1569 922 1627 quod
948 1566 1218 1613 Aristoteles
1244 1567 1366 1622 dicit,
1393 1566 1676 1611 intellectum
1710 1581 1807 1612 esse
1833 1567 2095 1613 immixtum

1 1642 63 1697 ’,ᾗ
126 1633 201 1679 vel
223 1645 499 1694 separatum,
534 1649 629 1679 non
664 1635 869 1679 intendat
901 1635 1141 1679 excludere
1177 1634 1329 1693 ipsum
1367 1648 1466 1696 esse
1503 1643 1680 1694 partem
1712 1635 1808 1678 sive
1844 1635 2098 1694 potentiam

129 1701 310 1746 animae
335 1716 452 1762 quae
474 1712 543 1747 est
566 1701 716 1746 forma
741 1703 881 1746 totius
905 1702 1124 1760 corporis,
1147 1711 1270 1761 patet
1291 1715 1372 1760 per
1392 1696 1483 1745 hoc
1508 1701 1631 1760 quod
1652 1701 1762 1745 dicit
1783 1702 1828 1745 in
1850 1701 1940 1746 fine
1962 1701 2099 1761 primi

11 1767 52 1822 ,
126 1768 199 1813 De
226 1769 379 1813 anima
403 1770 456 1827 (t.
484 1783 522 1813 c.
550 1770 658 1830 92),
687 1779 846 1813 contra
871 1768 975 1813 illos
1010 1769 1086 1828 qui
1113 1769 1324 1813 dicebant
1357 1767 1558 1812 animam
1591 1768 1638 1812 in
1671 1768 1859 1813 diversis
1892 1768 2094 1827 partibus

129 1836 333 1896 corporis
358 1837 557 1881 diversas
584 1837 654 1881 sui
678 1846 828 1896 partes
853 1836 1048 1882 habere:
1085 1852 1108 1877 (ε
1133 1836 1182 1879 Si
1207 1845 1304 1879 tota
1331 1835 1484 1879 anima
1511 1849 1651 1880 omne
1679 1849 1845 1895 corpus
1873 1835 2092 1889 continet,

129 1903 344 1948 convenit
373 1914 418 1948 et
448 1903 646 1963 partium
672 1917 1046 1962 unamquamque
1079 1902 1249 1962 aliquid
1283 1902 1489 1960 corporis
1523 1902 1772 1948 continere.
1807 1903 1909 1946 Hoc
1943 1912 2097 1946 autem

127 1969 307 2015 videtur
329 1969 638 2030 impossibile3
663 1969 849 2030 qualem
871 1970 992 2015 enim
1021 1980 1198 2029 partem
1221 1978 1297 2014 aut
1314 1983 1405 2028 quo
1429 1969 1570 2014 modo
1596 1969 1852 2014 intellectus
1876 1969 2094 2024 continet,

129 2049 267 2096 grave
293 2046 362 2082 est
385 2037 557 2096 fingere
577 2054 620 2080 n.
1471 2038 1478 2045 '

218 2104 351 2149 Patet
374 2105 513 2149 etiam
535 2104 672 2164 quod,
705 2118 759 2148 ex
785 2117 877 2163 quo
894 2103 1151 2149 intellectus
1167 2102 1336 2148 nullius
1353 2102 1492 2162 partis
1512 2104 1716 2163 corporis
1744 2113 1868 2149 actus
1901 2113 1982 2160 est,
1999 2118 2095 2149 non

129 2170 331 2230 sequitur
354 2171 666 2231 receptionem
701 2172 796 2230 eius
831 2185 943 2226 esse,
976 2171 1289 2231 receptionem
1322 2171 1539 2215 materiae
1565 2171 1766 2229 primae;
1800 2186 1854 2216 ex
1881 2185 1973 2231 quo
1997 2172 2092 2230 ejus

6 2231 29 2285 ¹'fij
54 2298 57 2299 ⁷
127 2237 329 2297 receptio
362 2247 407 2282 et
437 2239 644 2298 operatio
672 2248 739 2283 est
765 2238 957 2282 omnino
986 2238 1155 2298 absque
1188 2238 1419 2296 corporali
1445 2252 1635 2298 organo.

214 2305 314 2350 Nec
347 2305 486 2350 etiam
506 2305 683 2350 infinita
703 2305 844 2350 virtus
870 2304 1127 2350 intellectus
1153 2304 1341 2359 tollitur,
1369 2319 1510 2364 quum
1536 2319 1631 2349 non
1658 2315 1854 2364 ponatur
1875 2307 2015 2351 virtus
2040 2306 2088 2351 in

5 2383 10 2408 1
94 2403 98 2406 -
126 2371 454 2432 magnitudine,
479 2372 559 2418 sed
584 2372 631 2417 in
663 2373 914 2418 substantia
939 2371 1238 2418 intellectuali
1269 2371 1470 2428 fundata,
1493 2382 1543 2418 ut
1568 2372 1742 2418 dictum
1769 2384 1850 2419 est.

871 2542 1126 2600 CAPUT
1169 2545 1345 2600 LXX.

148 2719 149 2722 ,
534 2676 709 2731 QUOD,
750 2680 1052 2720 SECUNDUM
1090 2681 1265 2720 DICTA
1298 2680 1678 2731 ARISTOTELIS,

193 2750 455 2797 OPORTET
494 2754 704 2793 PONERE
742 2754 1139 2794 INTELLECTUM
1178 2755 1328 2795 UN1R1
1369 2755 1610 2794 CORPORI
1649 2754 1725 2793 UT
1766 2755 2014 2794 FORMAM.

691 2840 744 2913 (IL
767 2862 886 2916 part.
919 2863 1070 2916 quaest.
1105 2856 1305 2902 LXXVI.
1333 2862 1415 2901 art.
1448 2856 1524 2915 1.).

214 2963 271 3009 Et
294 2965 400 3024 quia
432 2966 660 3011 Averroes
698 2967 898 3012 maxime
923 2968 1079 3012 nititur
1106 2982 1237 3012 suam
1260 2967 1529 3027 opinionem
1557 2967 1830 3012 confirmare
1851 2982 1932 3026 per
1952 2968 2090 3014 verba

127 3038 173 3075 et
195 3031 634 3077 demonstrationem
671 3033 946 3089 Aristotelis,
983 3034 1318 3079 ostendendum
1354 3043 1493 3079 restat
1528 3034 1651 3093 quod
1678 3035 1989 3080 necessarium
2023 3046 2091 3082 est
2163 3084 2167 3088 ,

127 3096 291 3153 dicere,
309 3100 560 3144 secundum
579 3101 847 3160 opinionem
866 3101 1141 3156 Aristotelis,
1159 3101 1442 3147 intellectum
1459 3102 1712 3147 secundum
1736 3116 1866 3147 suam
1889 3102 2090 3148 substan-

28 3216 50 3231 „
126 3162 238 3209 tiam
264 3165 399 3210 alicui
425 3167 608 3226 corpori
632 3167 749 3212 uniri
776 3178 825 3212 ut
849 3168 1061 3213 formam.

213 3231 385 3278 Probat
417 3234 540 3277 enim
580 3235 850 3281 Aristoteles
883 3236 951 3296 (in
989 3237 1184 3296 septimo
1221 3236 1403 3295 Physic.
1430 3246 1459 3280 t.
1490 3250 1526 3279 c.
1558 3250 1596 3294 3.
1626 3245 1671 3281 et
1703 3235 1819 3280 infra
1851 3245 1895 3280 et
1921 3245 2087 3282 octavo

23 3310 82 3331 κ
124 3306 158 3343 t.
183 3310 223 3342 c.
252 3313 319 3357 33.
347 3309 392 3344 et
411 3299 564 3357 infra),
596 3302 719 3361 quod
750 3304 796 3347 in
829 3303 1084 3348 motoribus
1120 3314 1165 3348 et
1190 3304 1328 3347 motis
1366 3302 1650 3362 impossibile
1674 3312 1742 3347 est
1766 3302 2014 3360 procedere
2039 3304 2088 3347 in

125 3362 378 3420 infinitum3
403 3367 523 3411 unde
548 3368 781 3413 concludit
802 3370 924 3429 quod
942 3384 1130 3415 necesse
1158 3381 1225 3414 est
1251 3370 1464 3414 devenire
1492 3370 1547 3413 ad
1572 3369 1757 3429 aliquod
1775 3370 1974 3429 primum
1989 3384 2088 3415 mo·

124 3439 238 3485 tum,
263 3432 387 3491 quod
411 3432 487 3478 vel
511 3444 753 3479 moveatur
769 3436 823 3479 ab
849 3437 1093 3491 immobili,
1110 3437 1184 3481 vel
1207 3447 1393 3481 moveat
1418 3436 1640 3494 seipsum3
1664 3445 1709 3480 et
1735 3436 1790 3480 de
1810 3436 1882 3480 his
1910 3437 2087 3482 duobus

128 3497 292 3556 accipit
320 3499 589 3555 secundum,
614 3501 789 3546 scilicet
812 3503 936 3562 quod
963 3504 1162 3563 primum
1188 3502 1360 3548 mobile
1378 3512 1564 3547 moveat
1589 3503 1805 3563 seipsum,
1823 3517 1876 3547 ea
1894 3503 2086 3559 ratione,

30 3575 80 3627 *agar
126 3563 234 3622 qnia
257 3565 380 3624 quod
397 3575 465 3610 est
481 3580 562 3627 per
578 3580 642 3622 se,
668 3570 849 3628 semper
873 3580 941 3615 est
957 3570 1079 3629 prius
1098 3584 1153 3615 eo
1181 3569 1303 3629 quod
1322 3579 1390 3614 est
1414 3584 1494 3630 per
1520 3569 1655 3615 aliud.
1683 3569 1862 3615 Deinde
1889 3570 2087 3616 ostendit

127 3626 315 3687 (octavo
338 3630 479 3692 Phys.
502 3641 535 3679 t.
562 3647 602 3679 c.
632 3633 743 3692 40.)‚
770 3635 893 3695 quod
923 3650 1117 3682 movens
1151 3637 1354 3696 seipsum
1390 3637 1446 3682 de
1488 3637 1758 3683 necessitate
1794 3637 2008 3683 dividitur
2037 3637 2084 3683 in
