2332 3854
272 194 380 248 270
719 217 728 224 ·
963 196 1118 234 LIBER
1158 196 1213 233 11.
1256 197 1375 234 CAP.
1418 197 1528 236 XCI.

270 297 408 355 quod,
431 298 550 342 sicut
575 312 741 358 corpus
767 298 1017 358 perfectum
1044 313 1124 356 per
1151 298 1354 343 animam
1377 298 1703 346 intellectivam
1726 312 1794 346 est
1809 317 2072 362 supremum
2087 305 2135 351 in
2155 320 2232 366 ge-

269 377 378 407 nere
406 378 666 424 corporum,
693 365 754 409 ita
779 367 931 409 anima
951 364 1228 409 intellectiva
1245 379 1362 424 quae
1383 366 1535 410 unitur
1553 368 1733 427 corpori
1749 370 1805 413 sit
1822 369 1978 414 infima
1995 371 2043 414 in
2063 385 2230 429 genere

269 431 625 475 substantiarum
652 431 1042 476 intellectualium.
1072 431 1189 476 Sunt
1219 432 1355 490 igitur
1387 432 1565 492 aliquae
1597 435 1871 489 substantiae
1901 436 2232 485 intellectuales

269 511 362 542 non
392 501 543 542 unitae
571 498 851 557 corporibus,
879 498 1135 555 superiores
1162 499 1413 543 secundum
1438 510 1626 545 naturae
1653 502 1858 546 ordinem
1886 503 2053 548 anima.

359 565 498 610 Item:
526 565 564 609 si
590 574 657 608 est
683 564 851 623 aliquid
877 564 1199 623 imperfectum
1230 566 1277 609 in
1311 566 1464 626 aliquo
1497 582 1679 626 genere,
1711 569 1937 614 invenitur
1970 580 2074 616 ante
2103 570 2231 628 illud,

269 632 522 676 secundum
550 641 736 674 naturae
766 631 989 685 ordinem,
1018 630 1186 690 aliquid
1203 632 1248 675 in
1268 646 1434 691 genere
1451 633 1531 678 illo
1549 634 1824 693 perfectum;
1841 635 2091 695 perfectum
2107 639 2232 686 enim

269 690 432 743 natura
458 698 580 757 prius
607 707 674 741 est
700 697 982 756 imperfecto.
1010 697 1206 744 Formae
1233 709 1384 744 autem
1413 715 1529 759 quae
1556 711 1660 745 sunt
1685 702 1731 745 in
1751 703 1958 749 materiis
1980 713 2085 749 sunt
2102 714 2232 750 actus

268 765 537 824 imperfecti,
573 765 678 823 quia
713 778 807 808 non
845 765 1017 809 habent
1053 780 1152 810 esse
1190 766 1485 825 completum.
1524 767 1640 812 Sunt
1674 768 1812 827 igitur
1844 768 2021 829 aliquae
2053 770 2230 817 formae

268 846 384 891 quae
412 840 514 875 sunt
542 840 668 875 actus
696 830 914 890 completi
935 846 1014 890 per
1030 846 1079 876 se
1097 832 1404 888 subsistentes,
1423 844 1467 878 et
1483 835 1684 893 speciem
1702 835 1982 895 completam
1998 836 2230 883 habentes.

273 899 440 943 Omnis
468 908 621 941 autem
653 897 802 942 forma
834 912 914 957 per
946 912 994 942 se
1026 899 1273 944 subsistens
1305 901 1475 959 absque
1509 904 1697 946 materia
1730 912 1798 947 est
1827 903 2075 948 substantia
2104 904 2233 950 intel-

269 965 498 1018 lectualis;
535 965 802 1009 immunitas
836 976 989 1009 autem
1022 967 1238 1011 materiae
1273 967 1448 1012 confert
1480 983 1578 1012 esse
1610 969 1906 1028 intelligibile,
1938 980 1988 1015 ut
2018 986 2072 1016 ex
2103 986 2231 1032 prae-

271 1032 420 1076 missis
446 1032 508 1088 (ε.
541 1031 629 1089 51.)
656 1041 791 1091 patet.
821 1032 937 1076 Sunt
963 1046 1072 1091 ergo
1101 1033 1278 1092 aliquae
1305 1035 1581 1080 substantiae
1605 1035 1936 1082 intellectuales
1966 1039 2231 1097 corporibus

268 1113 362 1143 non
390 1099 565 1153 unitae3
594 1113 732 1143 omne
761 1109 913 1143 autem
942 1114 1107 1158 corpus
1134 1101 1373 1145 materiam
1399 1102 1549 1148 habet.

358 1165 596 1224 Amplius:
626 1160 875 1210 substantia
901 1176 1052 1225 potest
1077 1181 1175 1211 esse
1203 1168 1300 1212 sine
1328 1171 1592 1227 quantitate,
1619 1169 1726 1214 licet
1752 1171 1980 1229 quantitas
2005 1172 2103 1217 sine
2134 1173 2231 1217 sub·

269 1234 433 1278 stantia
461 1247 559 1277 esse
585 1247 679 1294 non
705 1233 867 1291 possit3
896 1234 1144 1278 substantia
1167 1235 1288 1278 enim
1310 1235 1505 1279 aliorum
1523 1251 1742 1294 generum
1759 1238 1907 1295 prima
1923 1248 1991 1283 est
2009 1248 2231 1298 tempore,

268 1301 445 1344 ratione
472 1310 515 1343 et
543 1300 819 1358 cognitione.
850 1300 940 1344 Sed
966 1300 1091 1344 nulla
1118 1302 1367 1345 substantia
1395 1317 1617 1361 corporea
1641 1314 1707 1347 est
1728 1304 1826 1349 sine
1847 1305 2109 1363 quantitate.
2126 1306 2234 1350 Pos-

268 1378 374 1412 sunt
390 1367 526 1425 igitur
545 1368 769 1425 quaedam
789 1382 887 1411 esse
904 1368 950 1410 in
968 1381 1134 1426 genere
1152 1368 1430 1412 substantiae
1449 1370 1640 1414 omnino
1655 1371 1822 1429 absque
1836 1385 2040 1430 corpore.
2055 1372 2233 1418 Omnes

271 1445 423 1478 autem
450 1444 637 1478 naturae
664 1434 901 1493 possibiles
927 1435 973 1478 in
999 1449 1151 1478 rerum
1179 1435 1338 1479 ordine
1359 1436 1671 1491 inveniuntur;
1700 1436 1829 1481 aliter
1854 1438 1977 1482 enim
2003 1449 2124 1484 esset
2140 1440 2233 1483 uni-

268 1516 451 1545 versum.
483 1500 827 1559 imperfectum3
853 1502 900 1544 in
927 1502 1213 1560 sempiternis
1246 1503 1383 1546 etiam
1417 1517 1509 1547 non
1544 1503 1691 1547 differt
1724 1517 1822 1548 esse
1856 1515 1901 1549 et
1935 1519 2084 1564 posse.
2117 1506 2235 1551 Sunt

267 1569 404 1626 igitur
431 1568 608 1627 aliquae
635 1569 910 1612 substantiae
944 1569 1114 1627 absque
1148 1569 1415 1628 corporibus
1450 1571 1744 1615 subsistentes
1777 1581 1881 1630 post
1910 1572 2106 1631 primam
2136 1573 2235 1618 sub-

268 1636 497 1688 stantiam,
521 1650 637 1694 quae
663 1636 790 1680 Deus
818 1646 898 1689 est,
926 1650 1042 1694 quae
1068 1650 1163 1679 non
1191 1646 1259 1680 est
1283 1636 1330 1679 in
1357 1651 1538 1695 genere,
1566 1637 1775 1696 utsupra
1809 1639 1870 1697 (c.
1898 1638 1961 1696 2.)
1996 1649 2233 1685 ostensum

269 1713 350 1756 est,
379 1713 423 1746 et
448 1717 582 1761 supra
610 1703 810 1746 animam
838 1717 954 1761 quae
981 1712 1048 1746 est
1075 1703 1257 1761 corpori
1283 1703 1419 1747 unita.

357 1770 546 1814 Adhuc:
574 1770 612 1813 si
638 1784 692 1813 ex
718 1769 938 1828 aliquibus
968 1769 1143 1813 duobus
1171 1770 1399 1814 invenitur
1425 1770 1608 1829 aliquod
1633 1772 1943 1831 compositum
1966 1783 2012 1818 et
2036 1773 2230 1819 alterum·

269 1851 430 1881 eorum
455 1837 681 1880 invenitur
704 1851 783 1895 per
810 1851 857 1881 se
885 1837 1007 1895 quod
1035 1847 1103 1880 est
1125 1837 1273 1881 minus
1292 1837 1558 1895 perfectum,
1576 1848 1620 1882 et
1637 1838 1844 1894 alterum,
1863 1841 1984 1899 quod
2001 1851 2070 1886 est
2084 1841 2232 1900 magis

269 1904 535 1963 perfectum,
563 1914 607 1947 et
631 1905 781 1948 minus
805 1903 980 1962 reliquo
997 1904 1219 1962 indigens,
1238 1918 1317 1962 per
1333 1919 1382 1948 se
1399 1906 1638 1951 invenitur.
1656 1907 1887 1951 Invenitur
1903 1917 2056 1952 autern
2081 1908 2233 1967 aliqua

268 1971 517 2015 substantia
551 1972 807 2029 composita
842 1985 895 2014 ex
926 1971 1177 2015 substantia
1207 1970 1503 2015 intellectuali
1536 1981 1579 2016 et
1612 1986 1819 2031 corpore,
1854 1984 1905 2018 ut
1934 1987 1988 2018 ex
2019 1974 2236 2033 praemis·

269 2040 328 2082 sis
353 2039 413 2093 (c.
442 2036 534 2093 68.)
561 2048 708 2095 patet;
732 2051 896 2095 corpus
923 2046 1076 2081 autem
1101 2038 1326 2081 invenitur
1352 2052 1432 2096 per
1457 2053 1519 2093 se,
1545 2039 1662 2083 sicut
1687 2049 1810 2098 patet
1832 2040 1880 2084 in
1905 2041 2116 2085 omnibus
2138 2055 2235 2086 cor·

269 2105 454 2164 poribus
479 2104 755 2148 inanimatis.
782 2103 931 2148 Multo
957 2104 1093 2163 igitur
1117 2103 1279 2148 fortius
1304 2105 1595 2156 inveniuntur
1612 2107 1887 2153 substantiae
1903 2107 2234 2154 intellectuales

269 2172 535 2230 corporibus
561 2185 655 2215 non
682 2171 848 2215 unitae.
1886 2224 1895 2231 1

356 2239 495 2283 Item:
524 2239 822 2283 substantiam
849 2238 914 2282 rei
939 2248 1121 2297 oportet
1148 2253 1246 2283 esse
1272 2238 1667 2298 proportionatam
1693 2254 1802 2285 suae
1835 2243 2105 2300 operationi,
2126 2242 2233 2301 quia

269 2306 475 2365 operatio
502 2316 570 2350 est
597 2315 723 2349 actus
751 2315 795 2350 et
818 2305 993 2349 bonum
1019 2306 1298 2350 substantiae
1332 2306 1574 2364 operantis.
1610 2307 1701 2351 Sed
1735 2306 1988 2366 intelligere
2023 2318 2093 2353 est
2124 2322 2233 2367 pro·

269 2373 365 2432 pria
399 2372 605 2430 operatio
642 2372 921 2416 substantiae
958 2371 1291 2427 intellectualis.
1329 2373 1527 2430 Oportet
1559 2373 1697 2431 igitur
1730 2374 2031 2419 substantiam
2063 2375 2235 2420 intelle·

269 2439 466 2484 ctualem
495 2439 637 2483 talem
666 2453 764 2483 esse
791 2453 907 2497 quae
935 2449 1170 2498 competat
1194 2439 1453 2498 praedictae
1486 2440 1755 2498 operationi.
1781 2440 2039 2500 Intelligere
2054 2452 2232 2497 autem,

269 2521 411 2565 quum
443 2506 500 2550 sit
527 2506 732 2564 operatio
765 2519 844 2564 per
876 2520 1101 2564 organum
1137 2520 1410 2564 corporeum
1442 2520 1537 2550 non
1570 2507 1780 2563 exercita,
1810 2522 1906 2552 non
1937 2508 2108 2567 indiget
2138 2523 2234 2554 cor-

269 2587 398 2632 pore,
430 2573 516 2616 nisi
543 2573 589 2616 in
616 2582 836 2631 quantum
862 2571 1166 2630 intelligibilia
1199 2583 1438 2617 sumuntur
1472 2587 1497 2616 a
1529 2573 1828 2618 sensibilibus.
1861 2574 1948 2620 Hic
1980 2586 2134 2621 autern
2166 2586 2234 2621 est

268 2639 562 2698 imperfectus
590 2640 755 2683 modus
776 2639 1083 2697 intelligendi3
1114 2639 1338 2698 perfectus
1365 2640 1489 2684 enim
1511 2641 1676 2685 modus
1700 2635 1986 2701 intelligendi
2009 2653 2078 2688 est
2101 2653 2151 2687 ut
2169 2643 2236 2687 in·

270 2706 533 2764 telligantur
559 2720 612 2750 ea
639 2721 754 2765 quae
782 2717 886 2750 sunt
911 2706 1165 2750 secundum
1197 2716 1406 2750 naturam
1433 2721 1563 2751 suam
1589 2707 1914 2766 intelligibilia3
1937 2709 2060 2768 quod
2080 2719 2232 2755 autem

269 2788 363 2817 non
389 2772 701 2831 intelligantur
726 2773 813 2817 nisi
840 2787 894 2817 ea
921 2787 1037 2831 quae
1062 2787 1157 2817 non
1184 2783 1288 2817 sunt
1314 2774 1567 2818 secundum
1593 2788 1641 2818 se
1666 2774 1982 2833 intelligibilia,
2005 2775 2086 2821 sed
2120 2775 2234 2821 fiunt

269 2840 570 2898 intelligibilia
603 2854 682 2899 per
717 2839 1017 2894 intellectum,
1053 2850 1120 2884 est
1155 2839 1448 2899 imperfectus
1489 2841 1653 2885 modus
1688 2840 1983 2901 intelligendi.
2018 2843 2069 2887 Si
2097 2843 2233 2902 igitur

269 2918 376 2952 ante
399 2922 537 2951 omne
563 2906 884 2966 imperfectum
908 2915 1087 2966 oportet
1105 2921 1204 2951 esse
1227 2906 1477 2965 perfectum
1507 2907 1674 2966 aliquid
1691 2908 1737 2952 in
1755 2922 1921 2967 genere
1940 2908 2036 2964 illo,
2053 2920 2235 2970 oportet

269 2975 407 3034 quod,
435 2984 539 3018 ante
566 2976 742 3017 animas
768 2974 1008 3027 humanas,
1036 2987 1151 3031 quae
1183 2973 1441 3031 intelligunt
1474 2975 1740 3033 accipiendo
1774 2989 1799 3019 a
1830 2976 2233 3034 phantasmatibus,

269 3042 359 3087 sint
391 3041 569 3098 aliquae
602 3039 931 3084 intellectuales
965 3040 1241 3084 substantiae
1272 3040 1578 3099 intelligentes
1611 3056 1664 3085 ea
1697 3056 1813 3100 quae
1848 3053 1951 3088 sunt
1981 3045 2233 3089 secundum

270 3121 319 3152 se
358 3106 675 3165 intelligibilia,
716 3120 810 3150 non
853 3107 1128 3165 accipientes
1169 3107 1483 3165 cognitionem
1526 3123 1551 3151 a
1592 3109 1894 3166 sensibilibus,
1937 3124 1990 3156 ac
2030 3124 2111 3170 per
2140 3111 2231 3157 hoc

269 3174 460 3218 omnino
489 3188 514 3217 a
542 3174 808 3232 corporibus
835 3174 1087 3217 secundum
1120 3188 1250 3218 suam
1277 3184 1486 3218 naturam
1513 3186 1759 3234 separatae.

359 3241 624 3286 Praeterea:
649 3239 920 3284 Aristoteles
952 3241 998 3283 in
1026 3241 1208 3284 decimo
1243 3241 1390 3298 primo
1423 3241 1679 3301 Metaphys.
1706 3244 1759 3301 (t.
1795 3257 1836 3288 c.
1870 3243 1966 3303 43.)
1997 3258 2233 3304 argumen-

267 3317 386 3351 tatur
419 3308 504 3352 sic:
532 3308 714 3352 Motum
741 3307 1009 3351 continuum
1037 3307 1310 3364 regularem,
1338 3318 1382 3352 et
1408 3319 1629 3366 quantum
1653 3309 1700 3353 in
1726 3323 1775 3354 se
1800 3319 1868 3355 est
1898 3310 2232 3358 indeficientem

270 3385 451 3433 oportet
477 3389 575 3419 esse
600 3389 624 3418 a
652 3385 831 3418 motore
859 3375 935 3433 qui
961 3388 1055 3418 non
1089 3384 1299 3419 movetur
1330 3389 1478 3433 neque
1512 3390 1591 3434 per
1622 3391 1686 3430 se,
1717 3390 1864 3436 neque
1895 3392 1976 3438 per
2006 3377 2231 3435 accidens,

270 3452 319 3485 ut
344 3456 479 3500 supra
506 3441 626 3498 (Lib.
654 3442 687 3485 I.
716 3456 754 3485 c.
789 3442 876 3500 13.)
909 3450 975 3486 est
1011 3441 1278 3500 probatum;
1314 3441 1463 3499 plures
1501 3443 1640 3487 etiam
1676 3453 1830 3489 motus
1861 3440 2043 3505 oportet
2075 3458 2174 3490 esse
2204 3459 2232 3491 a

271 3508 472 3567 pluribus
499 3509 766 3553 motoribus.
794 3509 948 3553 Motus
976 3518 1130 3553 autem
1157 3507 1276 3552 coeli
1301 3518 1369 3553 est
1395 3510 1651 3564 continuus,
1677 3511 1896 3570 regularis
1919 3519 2230 3572 et,.quantum

271 3575 317 3620 in
344 3589 406 3629 se,
435 3577 570 3620 etiam
597 3575 861 3621 indeficiens
887 3586 979 3631 est;
1006 3586 1050 3622 et
1075 3586 1252 3636 praeter
1268 3576 1465 3636 primum
1485 3588 1663 3623 motum
1682 3588 1786 3624 sunt
1800 3577 2061 3627 multitales
2077 3589 2229 3627 motus
