2332 3854
769 217 922 255 mmm
961 216 1033 254 ιν.
1075 215 1195 255 cap,
1236 214 1422 253 xxxiv.
1977 201 2077 253 611

127 331 336 369 mortuus
369 329 415 365 et
438 317 654 377 sepultus,
680 328 725 364 et
748 318 1036 377 hujusmodi3
1062 331 1179 378 quae
1201 316 1361 363 omnia
1386 326 1593 363 asserunt
1620 315 1676 361 de
1702 316 1805 362 Deo
1830 317 1903 362 vel
1930 317 1987 362 de
2001 316 2091 362 Dei

130 386 284 434 Yerbo
306 386 398 431 dici
426 399 522 430 non
543 385 720 430 debere.

221 454 326 507 Sed,
348 454 454 512 quia
475 461 579 497 sunt
603 452 829 511 quaedam
854 452 1042 496 nomina
1068 466 1199 511 quae,
1226 451 1310 496 etsi
1335 451 1439 495 Deo
1465 449 1777 510 principaliter
1803 451 2091 504 conveniant,

131 520 530 567 communicantur
554 528 710 563 tamen
735 519 996 562 hominibus
1018 533 1097 577 per
1124 518 1323 577 aliquem
1354 518 1561 571 modum,
1598 518 1717 562 sicut
1748 516 1972 571 Christus,
1999 516 2093 560 Do-

129 587 296 643 minus,
324 586 518 630 Sanctus
559 593 604 629 et
638 583 776 628 etiam
809 584 947 628 Filius
983 584 1086 638 Dei,
1127 584 1183 628 de
1224 584 1488 641 hujusmodi
1527 583 1804 637 nominibus,
1837 583 2091 628 secundum

129 660 228 708 eos,
252 652 368 698 nihil
391 651 603 711 prohibet
627 651 857 710 praedicta
889 650 1152 708 praedicari.
1187 650 1527 695 Convenienter
1568 650 1692 694 enim
1732 650 1908 707 dicitur,
1935 663 2093 694 secun-

131 720 242 765 dum
267 732 363 773 eos,
389 718 511 777 quod
539 717 763 771 Christus,
789 717 1018 761 Dominus
1045 716 1234 774 gloriae,
1259 716 1332 760 vel
1361 717 1554 760 Sanctus
1586 726 1865 770 sanctorum,
1895 715 1971 760 vel
2001 715 2094 760 Dei

132 785 287 839 Filius,
312 786 369 831 sit
393 794 526 829 natus
551 784 607 828 de
631 783 835 843 Virgine,
876 797 1050 842 passuS,
1087 793 1292 826 mortuus
1325 792 1368 827 et
1409 783 1633 841 sepultus;
1670 783 1790 827 unde
1832 793 1876 827 et
1901 782 2093 827 Beatam

131 851 386 911 Virginem,
410 864 504 895 non
530 860 722 895 matrem
755 850 842 893 Dei
864 848 939 892 vel
963 848 1099 892 Verbi
1118 849 1221 902 Dei,
1243 849 1322 893 sed
1349 859 1543 894 matrem
1563 849 1737 894 Christi
1760 847 2093 893 nominandam

133 932 233 965 ase
253 918 422 963 dicunt.

222 984 328 1038 Sed,
368 984 406 1028 si
446 983 546 1042 quis
571 982 811 1041 diligenter
848 981 1128 1035 consideret,
1161 982 1390 1040 praedicta
1422 983 1589 1041 positio
1622 983 1861 1026 veritatem
1892 981 2095 1026 incarna-

131 1051 268 1097 tionis
290 1050 502 1095 excludit.
528 1050 635 1094 Non
661 1050 800 1103 enim,
827 1048 1080 1093 secundum
1105 1048 1349 1107 praedicta,
1369 1048 1572 1093 Verbum
1598 1049 1687 1093 Dei
1713 1048 1798 1093 fuit
1821 1048 2003 1093 homini
2027 1048 2094 1092 illi

133 1118 326 1174 unitum,
346 1117 435 1162 nisi
460 1116 712 1161 secundum
745 1115 1122 1159 inhabitationem
1145 1129 1223 1172 per
1246 1115 1453 1173 gratiam,
1473 1130 1528 1160 ex
1550 1130 1639 1174 qua
1667 1115 1960 1175 consequitur
1985 1116 2094 1159 unio

131 1183 435 1231 voluntatum.
461 1182 736 1227 Inhabitatio
765 1192 918 1226 autem
949 1180 1090 1225 Verbi
1130 1181 1220 1225 Dei
1255 1182 1300 1224 in
1327 1182 1517 1226 homine
1551 1196 1645 1226 non
1673 1191 1741 1226 est
1776 1181 1981 1226 Verbum
2006 1181 2094 1225 Dei

131 1250 444 1304 incamatum3
469 1249 690 1293 habitavit
715 1249 838 1292 enim
865 1247 1069 1292 Verbum
1094 1248 1197 1301 Dei,
1215 1257 1260 1292 et
1285 1246 1412 1292 Deus
1440 1249 1536 1306 ipse
1563 1249 1608 1292 in
1638 1249 1852 1292 omnibus
1879 1248 2047 1292 sanctis
2066 1262 2092 1292 a

133 1318 456 1364 constitutione
490 1317 662 1370 mundi,
700 1317 952 1361 secundum
987 1315 1099 1359 illud
1140 1315 1355 1373 Apostoli
1395 1315 1473 1374 (II.
1508 1315 1720 1359 Corinth.
1746 1315 1825 1359 VI.
1857 1313 1976 1371 16.):
2018 1315 2096 1359 Vos

133 1386 224 1433 estis
247 1385 446 1444 templum
476 1385 563 1428 Dei
596 1385 709 1437 vivi,
738 1385 846 1428 sicut
869 1382 969 1427 dicit
994 1383 1203 1426 Dominus
1213 1397 1229 1434 ‚·
1263 1384 1463 1440 quoniam
1499 1383 1742 1427 inhabitabo
1769 1384 1814 1425 in
1838 1382 1924 1426 illis
1933 1395 2096 1440 ;·quae

132 1461 288 1497 tamen
312 1450 581 1502 inhabitatio
617 1450 870 1495 incarnatio
903 1449 992 1493 dici
1024 1463 1119 1493 non
1145 1459 1317 1508 potest;
1359 1448 1560 1508 alioquin
1593 1448 1852 1508 frequenter
1885 1448 1938 1492 ab
1964 1448 2096 1493 initio

137 1518 297 1563 mundi
318 1518 446 1561 Deus
471 1517 730 1562 incarnatus
755 1516 924 1561 fuisset.
1666 1513 1669 1515 ’

224 1584 322 1629 Nec
348 1583 486 1628 etiam
529 1583 587 1628 ad
618 1582 941 1628 incarnationis
981 1582 1208 1626 rationem
1235 1581 1399 1626 sufficit
1434 1584 1470 1626 si
1501 1581 1714 1626 ‘Verbum
1754 1582 1845 1626 Dei
1870 1591 1948 1627 aut
1971 1582 2098 1627 Deus

84 1701 87 1712 ,-
124 1650 330 1711 pleniori
355 1650 499 1708 gratia
525 1650 743 1694 habitavit
766 1650 814 1693 in
838 1648 919 1694 illo
945 1649 1149 1702 homine,
1185 1649 1291 1707 quia
1323 1649 1470 1708 magis
1512 1658 1558 1693 et
1598 1649 1748 1692 minus
1775 1650 1977 1707 speciem
2002 1663 2098 1693 non

25 1742 29 1750 ·
102 1724 105 1725 ’
134 1715 441 1763 diversificant
472 1716 667 1760 unionis.
707 1715 866 1768 Quum
909 1715 1045 1774 igitur
1078 1715 1337 1759 Christiana
1373 1715 1535 1774 religio
1571 1715 1618 1758 in
1659 1715 1747 1759 fide
1772 1715 2099 1760 incarnationis

133 1782 359 1836 fundetur,
385 1782 614 1827 evidenter
636 1792 823 1842 apparet
846 1782 968 1879 quod
995 1782 1232 1841 praedicta
1245 1782 1411 1840 positio
1432 1781 1782 1826 fundamentum
1807 1782 2097 1828 Christianae

136 1849 377 1909 religionis
385 1848 519 1895 tollit.

226 1916 487 1961 Praeterea:
514 1931 569 1961 ex
593 1916 694 1975 ipso
721 1915 863 1960 modo
896 1915 1115 1974 loquendi
1146 1915 1497 1974 Scripturarum,
1529 1914 1710 1962 falsitas
1732 1915 1990 1974 praedictae
2012 1929 2099 1975 po-

136 1982 312 2028 sitionis
339 1992 537 2042 apparet,
563 1983 902 2027 Inhabitionem
928 1982 1050 2026 enim
1072 1982 1213 2026 Verbi
1238 1982 1365 2026 Dei
1354 1997 1400 2025 m
1426 1983 1594 2026 sanctis
1615 1982 1880 2026 hominibus
1913 1996 2099 2027 consue-

34 2074 35 2078 =
100 2081 102 2083 -
135 2050 200 2094 vit
218 2062 350 2094 sacra
375 2049 607 2107 Scriptura
631 2049 706 2093 hic
728 2049 878 2093 modis
905 2048 1185 2107 significare:
1213 2050 1396 2094 Locutus
1420 2056 1476 2094 est
1493 2050 1705 2093 Dominus
1721 2049 1775 2092 ad
1792 2050 1975 2108 Moysen,
2000 2049 2098 2094 vel:

137 2117 261 2162 Dicit
284 2116 495 2160 Dominus
519 2115 574 2160 ad
606 2116 808 2174 Moysen:
840 2116 1022 2160 Factum
1055 2122 1111 2160 est
1139 2117 1316 2160 verbum
1352 2116 1535 2159 Domini
1569 2115 1623 2159 ad
1654 2117 1896 2172 Jeremfflm,
1935 2123 2013 2160 aut
2044 2116 2099 2160 ad

139 2182 338 2242 aliquem
377 2181 574 2226 aliorum
610 2182 964 2241 prophetarum:
991 2183 1174 2226 Factum
1199 2187 1256 2226 est
1285 2183 1462 2226 verbum
1487 2183 1669 2226 Domini
1700 2184 1745 2226 in
1776 2197 1908 2226 manu
1940 2183 2102 2242 Aggaei
2169 2203 2171 2205 ·

129 2249 372 2311 prophetae.
404 2249 653 2308 Nunquam
694 2259 847 2292 autem
881 2247 1049 2307 legitur
1080 2249 1203 2306 quod
1239 2247 1442 2291 Verbum
1485 2249 1678 2292 Domini
1719 2248 1895 2293 factum
1937 2249 1995 2294 sit
2023 2249 2099 2294 vel

134 2316 335 2376 Moyses,
373 2315 447 2359 vel
470 2315 707 2373 Jeremias,
732 2314 807 2358 vel
853 2314 1013 2374 aliquis
1055 2314 1266 2359 aliorum.
1307 2315 1408 2359 Hoc
1447 2325 1601 2359 autem
1634 2315 1776 2359 modo
1810 2315 2100 2375 singulariter

136 2382 370 2428 unionem.
386 2382 477 2426 Dei
501 2382 639 2427 Verbi
671 2381 727 2426 ad
755 2395 942 2426 carnem
970 2381 1142 2425 Christi
1163 2381 1372 2440 designat
1396 2382 1704 2440 Evangelista,
1731 2382 1888 2428 dicens
1914 2383 2100 2442 (Joann.

134 2449 172 2494 1.
202 2450 315 2507 14.):
350 2449 410 2494 Et
446 2449 626 2494 Verbum
657 2462 755 2492 caro
779 2448 948 2506 sactum
973 2454 1043 2502 est,
1077 2457 1125 2492 ut
1150 2463 1287 2507 supra
1313 2450 1570 2506 expositum
1608 2459 1688 2493 est.
1713 2449 2007 2495 Manifestum
2034 2461 2100 2495 est

135 2514 276 2574 igitur
293 2514 415 2574 quod
454 2528 550 2559 non
574 2513 729 2559 solum
759 2528 840 2572 per
864 2514 1056 2558 modum
1088 2515 1430 2559 inhabitationis
1464 2515 1669 2559 Verbum
1705 2516 1795 2560 Dei
1826 2517 1873 2560 in
1908 2517 2100 2561 homine
2148 2524 2151 2526 “

139 2580 325 2627 Christo
349 2579 447 2635 fuit,
473 2580 726 2625 secundum
750 2581 1016 2625 traditiones
1041 2581 1314 2640 Scripturae.

227 2647 372 2691 Item:
405 2660 544 2691 omne
578 2646 701 2706 quod
733 2645 905 2691 factum
947 2657 1014 2691 est
1046 2647 1228 2706 aliquid,
1257 2657 1323 2691 est
1362 2647 1474 2690 illud
1507 2648 1630 2706 quod
1663 2647 1838 2692 factum
1874 2658 1956 2703 est,
1983 2649 2103 2694 sicut
2179 2636 2181 2638 ¹

139 2713 264 2773 quod
286 2712 459 2758 factum
486 2723 553 2757 est
576 2713 737 2766 homo,
764 2723 833 2757 est
857 2713 1017 2768 homo,
1034 2723 1078 2757 et
1103 2713 1225 2771 quod
1249 2712 1420 2757 factum
1446 2724 1514 2758 est
1540 2714 1710 2768 album,
1734 2724 1802 2758 est
1820 2714 1989 2759 album.
2009 2715 2100 2759 Sed

139 2779 343 2825 Verbum
368 2779 459 2824 Dei
487 2778 659 2824 factum
697 2789 765 2823 est
794 2779 956 2832 homo,
989 2789 1037 2823 ut
1073 2793 1128 2823 ex
1172 2780 1432 2838 praemissis
1465 2774 1676 2825 habetur.
1717 2781 1860 2839 Igitur
1895 2780 2101 2826 Verbum

139 2846 230 2892 Dei
260 2856 330 2892 est
365 2846 525 2891 homo.
557 2845 846 2905 Impossibile
889 2857 958 2890 est
984 2855 1137 2890 autem
1163 2857 1212 2890 ut
1237 2846 1433 2890 duorum
1465 2846 1769 2891 differentium
1785 2861 1996 2905 persona,
2024 2858 2103 2893 aut

137 2913 390 2973 hypostasi,
411 2913 487 2957 vel
510 2913 747 2972 supposito
793 2926 936 2956 unum
963 2912 1018 2957 de
1063 2912 1207 2957 altero
1240 2913 1554 2971 praedicetur3
1582 2927 1724 2972 quum
1753 2916 1876 2958 enim
1908 2915 2102 2961 diciturz

140 2979 298 3025 Homo
315 2989 384 3025 est
399 2978 584 3033 animal,
600 2979 799 3038 idipsum
812 2978 935 3038 quod
955 2978 1123 3023 animal
1142 2989 1210 3023 est
1226 2979 1369 3023 homo
1387 2988 1479 3033 est;
1502 2988 1547 3023 et
1563 2994 1704 3038 quum
1731 2980 1917 3026 dicitur:
1942 2981 2101 3026 Homo

142 3056 213 3093 est
225 3045 369 3102 albus,
385 3047 480 3106 ipse
496 3046 643 3090 homo
662 3045 788 3090 albus
807 3059 905 3090 esse
922 3046 1140 3103 signatur,
1165 3045 1271 3089 licet
1292 3045 1454 3089 albedo
1472 3046 1528 3089 sit
1546 3056 1671 3090 extra
1693 3048 1920 3092 rationem
1942 3048 2101 3093 huma-

141 3113 320 3168 nitatis;
346 3123 390 3158 et
414 3113 519 3157 ideo
546 3112 674 3157 nullo
708 3113 850 3156 modo
883 3112 972 3155 dici
998 3122 1147 3171 potest
1172 3112 1294 3170 quod
1328 3111 1540 3156 Socrates
1573 3113 1629 3157 sit
1658 3112 1790 3158 Plato
1815 3113 1890 3158 vel
1916 3113 2101 3174 aliquod

144 3178 267 3225 aliud
295 3178 597 3238 singularium
622 3179 841 3238 ejusdem,
877 3178 952 3223 vel
986 3178 1169 3223 alterius
1202 3179 1384 3236 speciei.
1419 3179 1469 3223 Si
1499 3179 1637 3237 igitur
1656 3179 1859 3224 Verbum
1887 3195 1993 3226 caro
2026 3181 2097 3226 fa-

144 3255 269 3291 ctum
301 3256 382 3300 est,
406 3246 453 3290 id
475 3255 543 3290 est
562 3246 723 3300 homo,
747 3255 798 3290 ut
828 3245 1121 3304 Evangelista
1152 3255 1352 3300 testatur,
1385 3245 1665 3304 impossibile
1701 3257 1768 3290 est
1807 3248 1930 3306 quod
1960 3247 2105 3293 Verbi

143 3311 232 3356 Dei
264 3320 308 3356 et
337 3311 461 3356 illius
491 3312 694 3356 hominis
721 3311 809 3356 sint
834 3312 949 3356 duae
976 3326 1214 3371 personae,
1240 3311 1315 3356 vel
1339 3312 1454 3356 duae
1479 3312 1763 3371 hypostases,
1788 3313 1862 3358 vel
1884 3314 1974 3358 duo
2000 3328 2102 3374 sup·

145 3380 308 3437 posita.

234 3443 430 3490 Adhuc:
462 3444 735 3503 pronomina
767 3445 1122 3490 demonstrativa
1149 3445 1204 3489 ad
1237 3459 1479 3503 personam
1505 3445 1757 3490 referuntur
1786 3420 1860 3492 vel
1890 3447 2105 3526 hyposta-

145 3510 334 3557 simmei
349 3511 658 3570 suppositum3
678 3526 819 3557 nemo
845 3513 969 3557 enim
991 3513 1186 3557 diceret:
1210 3512 1330 3571 Ergo
1349 3525 1497 3566 curr0,
1515 3512 1605 3557 alio
1630 3523 1851 3568 currente,
1877 3514 1963 3560 nisi
1984 3514 2103 3560 fort„

146 3578 397 3638 figurative,
423 3588 581 3638 utpote
606 3578 728 3638 quod
756 3579 868 3624 alius
890 3578 995 3624 loco
1023 3579 1118 3638 ejus
1145 3588 1354 3624 curreret.
1380 3579 1470 3624 Sed
1491 3578 1567 3624 ille
1593 3579 1738 3625 homo
1765 3582 1840 3640 qui
1866 3580 2012 3626 dictus
2034 3592 2103 3628 est
