2332 3854
0 278 161 623 ἰ

0 626 32 1002 ἓ

0 1003 43 1276 ξ

719 244 875 283 LIBER
915 244 992 284 111.
1034 244 1156 283 CAP.
1199 210 1427 282 xxx'vm.
1946 244 2045 299 333

764 448 1018 542 CAPUT
1060 484 1383 541 xxxvm.

147 628 306 676 QUOD
340 629 621 668 FELICITAS
662 627 896 666 HUMANA
934 629 1051 667 NON
1088 629 1379 690 CONSISTIT
1413 629 1468 668 IN
1510 628 1862 668 COGNITIONE
1903 628 1995 667 DEI

453 711 602 757 QUAE
642 710 1004 749 COMMUNITER
1044 711 1300 750 HABETUR
1339 711 1374 748 A
1414 710 1690 750 PLURIBUS.

741 825 745 829 ’
784 827 959 887 (Opusc.
993 827 1077 872 ΙΙΙ.
1110 835 1200 887 cap.
1228 828 1358 884 104).

182 948 507 1007 Inquirendum
539 957 691 991 autem
723 946 990 1006 relinquitur
1022 948 1068 990 in
1102 946 1225 1006 quali
1257 947 1344 990 Dei
1378 947 1641 1004 cognitione
1676 945 1836 989 ultima
1858 945 2050 990 felicitas

0 1036 19 1053 ι.
94 1014 370 1060 substantiae
402 1014 719 1058 intellectualis
765 1014 983 1057 consistit.
1035 1013 1113 1056 Est
1144 1014 1216 1056 eni
1221 1027 1266 1056 m
1300 1014 1523 1070 quaedam
1559 1014 1817 1056 communis
1855 1022 1899 1056 et
1948 1026 2053 1056 con·

92 1081 192 1126 fusa
225 1081 310 1125 Dei
343 1082 562 1136 cognitio,
595 1095 710 1139 quae
744 1080 873 1139 quasi
906 1080 1118 1123 omnibus
1151 1080 1413 1123 hominibus
1447 1080 1596 1131 adest3
1633 1079 1726 1122 sive
1759 1079 1849 1122 hoc
1884 1079 1940 1122 sit
1972 1093 2051 1137 per

93 1146 183 1193 hoc
209 1148 330 1207 quod
362 1146 514 1191 Deum
534 1162 631 1191 esse
655 1148 710 1191 sit
736 1162 814 1206 per
841 1161 887 1190 se
914 1157 1092 1200 notum,
1118 1147 1233 1190 sicut
1260 1146 1347 1189 alia
1379 1146 1782 1189 demonstrationis
1815 1145 2052 1204 principia,

91 1211 210 1259 sicut
240 1214 507 1273 quibusdam
534 1215 723 1266 videtur,
746 1224 794 1257 ut
826 1214 869 1256 in
905 1214 1051 1271 primo
1086 1214 1143 1270 (c.
1171 1212 1258 1269 10.)
1292 1222 1358 1255 est
1390 1213 1585 1264 dictum;
1619 1214 1729 1266 sive,
1757 1213 1878 1270 quod
1906 1212 2052 1271 magis

91 1286 251 1326 Verum
289 1282 478 1335 videtur,
515 1282 619 1340 quia
650 1281 841 1325 naturali
875 1282 1051 1324 ratione
1083 1280 1233 1324 statim
1262 1280 1406 1323 homo
1439 1280 1485 1322 in
1513 1278 1758 1337 aliqualem
1785 1279 1872 1323 Dei
1901 1279 2054 1338 cogni-

0 1340 27 1386 ἶ
91 1344 265 1393 tionem
298 1344 532 1408 pervenire
565 1359 742 1407 potest3
775 1348 978 1391 videntes
1011 1348 1133 1391 enim
1171 1347 1383 1390 homines
1426 1360 1497 1390 res
1529 1346 1757 1390 naturales
1800 1346 2051 1390 secundum

92 1414 298 1459 ordinem
333 1425 504 1458 certum
550 1429 760 1467 currere;
794 1429 934 1473 quum
968 1414 1194 1457 ordinatio
1229 1414 1396 1471 absque
1441 1413 1699 1456 ordinatore
1732 1426 1825 1456 non
1858 1414 1927 1465 sit,
1960 1426 2054 1470 per·

14 1520 23 1541 ,·
91 1482 263 1546 cipiunt
302 1493 351 1526 ut
393 1483 438 1526 in
471 1483 671 1540 pluribus
705 1482 904 1541 aliquem
928 1496 1024 1526 esse
1044 1482 1352 1524 ordinatorem
1380 1494 1530 1523 rerum
1555 1493 1666 1538 quas
1689 1479 1910 1522 videmus.
1918 1478 2050 1531 Quis

91 1552 259 1602 autem,
275 1547 349 1593 vel
366 1548 525 1607 qualis,
542 1549 614 1592 vel
631 1549 667 1593 si
690 1563 805 1591 unus
826 1559 1001 1592 tantum
1022 1558 1089 1591 est
1111 1548 1347 1591 ordinator
1363 1557 1565 1599 naturae,
1592 1547 1798 1590 nondum
1818 1546 1970 1589 statim
1995 1559 2052 1589 ex

88 1614 177 1661 hac
195 1614 432 1660 communi
450 1616 814 1659 consideratione
833 1615 1047 1667 habetur;
1081 1614 1197 1657 sicut
1222 1628 1363 1671 quum
1390 1613 1597 1656 videmus
1614 1613 1854 1656 hominem
1873 1613 2050 1656 moveri

91 1690 141 1728 et¹
156 1681 243 1727 alia
275 1695 414 1741 opera
433 1696 581 1740 agere,
608 1682 880 1740 percipimus
902 1682 946 1724 in
975 1694 1032 1724 eo
1055 1681 1299 1739 quamdam
1330 1693 1515 1723 causam
1542 1680 1705 1722 harum
1734 1679 2050 1737 operationum

92 1744 208 1810 quae
240 1747 339 1793 aliis
373 1749 506 1792 rebus
536 1763 629 1792 non
662 1748 792 1800 inest,
827 1759 870 1792 et
901 1748 1019 1791 hanc
1050 1761 1233 1791 causam
1266 1747 1467 1790 animam
1501 1746 1808 1798 nominamus,
1846 1746 2050 1789 nondum

25 1817 39 1847 s‘
89 1821 243 1860 tamen
266 1815 460 1860 scientes
487 1815 592 1874 quid
625 1815 682 1858 sit
715 1815 880 1867 anima,
914 1815 951 1858 si
979 1824 1047 1858 est
1078 1827 1259 1872 corpus,
1290 1812 1364 1856 vel
1397 1813 1587 1871 qualiter
1604 1813 1892 1871 operationes
1925 1825 2053 1871 prae-

16 1880 26 1907 *
89 1881 231 1926 dictas
273 1880 451 1926 efficiat.
493 1881 600 1926 Non
644 1891 712 1926 est
744 1892 896 1926 autem
929 1880 1144 1940 possibile
1177 1880 1296 1924 hanc
1331 1880 1645 1938 cognitionem
1687 1880 1742 1923 ad
1786 1878 2051 1924 felicitatem

90 1947 311 1994 sufficere.

19 2019 25 2023 .
92 2022 93 2025 ,

177 2014 459 2060 Felicitatem
493 2014 617 2059 enim
650 2016 965 2074 operationem
996 2028 1096 2058 esse
1129 2021 1309 2073 oportet
1342 2014 1510 2072 absque
1533 2012 1724 2057 defectu.
1745 2014 1871 2057 Haec
1896 2022 2050 2058 autem

91 2081 294 2142 cognitio
310 2091 378 2126 est
394 2080 643 2126 multorum
663 2096 867 2126 errorum
891 2081 1216 2125 admixtionem
1236 2081 1484 2140 suscipiens
1504 2096 1514 2134 ;
1538 2081 1723 2139 quidam
1751 2080 1874 2124 enim
1898 2095 2049 2125 rerum

12 2150 18 2175 '>
89 2149 421 2194 mundanarum
450 2162 543 2192 non
571 2148 708 2192 alium
744 2149 1053 2203 ordinatorem
1083 2162 1181 2192 esse
1208 2148 1494 2191 crediderunt
1519 2162 1656 2206 quam
1685 2161 1877 2206 corpora
1906 2148 2050 2192 coele-

21 2229 26 2233 Α
88 2216 188 2270 stia,
219 2215 338 2259 unde
371 2229 565 2275 corpora
598 2215 815 2259 coelestia
848 2216 958 2260 deos
986 2229 1084 2260 esse
1106 2215 1337 2268 dixerunt;
1373 2214 1558 2273 quidam
1590 2228 1700 2258 vero
1733 2214 1919 2258 ulterius
1951 2216 2050 2274 ipsa

3 2278 40 2342 *j
87 2281 315 2327 elementa
347 2296 463 2341 quae
496 2296 550 2326 ex
583 2283 647 2326 eis
680 2293 968 2341 generantur,
1001 2283 1128 2341 quasi
1163 2282 1455 2325 aestimantes
1498 2291 1650 2325 motus
1684 2290 1728 2325 et
1757 2282 2048 2340 operationes

87 2348 315 2404 naturales
346 2362 457 2408 quas
489 2349 658 2393 habent
689 2362 782 2392 non
817 2350 870 2392 ab
905 2348 995 2393 alio
1038 2349 1299 2392 ordinatore
1347 2350 1412 2392 eis
1444 2348 1606 2401 inesse,
1640 2348 1716 2392 sed
1761 2348 1814 2391 ab
1861 2349 1925 2392 eis
1959 2348 2047 2392 alia

84 2411 312 2474 ordinat&
338 2415 522 2475 quidam
557 2429 682 2468 vero,
715 2415 944 2460 humanos
978 2412 1103 2459 actus
1126 2429 1219 2458 non
1239 2414 1427 2472 alicujus
1451 2415 1729 2458 ordinationi
1745 2415 1929 2459 subesse
1954 2429 2050 2459 cre-

87 2480 245 2529 dentes
264 2481 351 2526 nisi
372 2483 616 2535 humanae,
638 2483 849 2526 homines
867 2483 942 2541 qui
961 2482 1075 2526 alios
1093 2482 1304 2526 ordinant
1321 2481 1431 2525 deos
1450 2495 1548 2526 esse
1565 2482 1784 2525 dixerunt.
1803 2482 1894 2526 Ista
1912 2482 2050 2541 igitur

2 2558 38 2605 ζ’
87 2546 176 2595 Dei
201 2548 403 2608 cognitio
428 2563 522 2593 non
548 2548 713 2593 sufficit
739 2550 794 2593 ad
825 2548 1104 2594 felicitatem.

175 2615 411 2676 Amplius:
444 2614 635 2660 felicitas
668 2626 735 2660 est
767 2615 868 2660 finis
901 2616 1212 2659 humanorum
1246 2625 1444 2659 actuum.
1480 2615 1552 2659 Ad
1580 2615 1860 2674 praedictam
1893 2625 2048 2660 autem

87 2683 399 2742 cognitionem
429 2697 524 2728 non
550 2683 815 2727 ordinantur
839 2683 1029 2726 humani
1048 2693 1172 2726 actus
1191 2682 1308 2726 sicut
1325 2683 1379 2725 ad
1398 2682 1561 2735 finem3
1579 2683 1724 2726 immo
1744 2683 1873 2740 quasi
1895 2683 2048 2726 statim

5 2748 34 2798 -ᾆ,
86 2752 116 2794 lt
135 2750 356 2810 principio
383 2749 595 2794 omnibus
613 2750 751 2793 adest.
769 2750 875 2793 Non
894 2749 1029 2807 igitur
1046 2749 1091 2792 in
1108 2748 1196 2792 hac
1216 2749 1303 2792 Dei
1321 2749 1586 2806 cognitione
1610 2748 1804 2792 felicitas
1828 2749 2046 2794 consistit.

146 2815 315 2860 ‘Itemt
347 2815 497 2859 nullus
530 2830 610 2873 per
642 2816 731 2859 hoc
764 2815 1072 2874 vituperabilis
1106 2825 1291 2874 apparet
1333 2816 1439 2873 quia
1479 2814 1695 2859 felicitate
1729 2825 1905 2870 careat3
1939 2817 2044 2875 quin

87 2881 233 2926 immo
266 2887 470 2926 carentes
502 2896 555 2926 ea
588 2892 632 2926 et
663 2883 708 2925 in
739 2882 886 2940 ipsam
918 2881 1154 2925 tendentes
1195 2881 1450 2925 laudantur.
1492 2881 1557 2925 Ex
1601 2882 1691 2925 hoc
1739 2892 1891 2926 autem
1925 2883 2046 2942 quod

15 2967 32 3007 ῥ-
86 2947 316 3008 praedicta
345 2949 434 2992 Dei
465 2948 727 3008 cognitione
761 2948 922 3008 aliquis
945 2959 1106 3001 ,caret,
1149 2948 1348 2992 maxime
1387 2948 1696 3007 vituperabilis
1730 2959 1944 3007 apparet3
1976 2950 2048 2994 de-

38 3052 43 3058 .,
87 3015 292 3074 signatur
324 3014 446 3060 enim
478 3029 557 3074 per
586 3015 677 3058 hoc
710 3015 911 3059 maxime
942 3014 1145 3058 hominis
1167 3014 1406 3069 stoliditas,
1431 3015 1551 3073 quod
1569 3025 1662 3058 tam
1690 3014 1932 3059 manifesta
1957 3016 2044 3060 Dei

69 3081 216 3141 signa
246 3096 340 3126 non
373 3082 576 3141 percipit,
609 3082 726 3126 sicut
756 3081 944 3126 stolidus
976 3091 1258 3139 reputaretur
1290 3081 1381 3140 qui,
1413 3081 1654 3125 hominem
1687 3082 1844 3125 videns
1877 3082 2044 3127 habere

20 3166 45 3199 j
87 3150 303 3203 animam,
327 3163 431 3193 eum
457 3162 551 3193 non
579 3148 987 3208 comprehenderet
1004 3164 1015 3202 ;
1033 3150 1152 3192 unde
1175 3158 1220 3192 et
1244 3149 1290 3192 in
1308 3148 1427 3193 Psal.
1454 3149 1576 3192 XIII.
1605 3158 1650 3192 et
1667 3149 1762 3192 LII.
1797 3162 1832 3193 1.
1859 3149 2044 3193 dicitur:

86 3212 215 3261 Dixit
251 3216 445 3275 insipiens
477 3217 523 3259 in
558 3214 678 3260 corde
715 3230 817 3260 suo:
845 3216 942 3261 Non
963 3222 1020 3260 est
1044 3216 1172 3260 Deus.
1199 3215 1306 3260 Non
1333 3225 1401 3260 est
1421 3215 1559 3274 igitur
1582 3215 1695 3259 haec
1724 3215 1813 3260 Dei
1841 3217 2044 3275 cognitio

35 3283 45 3327 ἶ
69 3294 203 3341 quae
236 3283 291 3326 ad
324 3281 588 3327 felicitatem
621 3281 827 3328 sufficiat.
1654 3300 1661 3307 ·

175 3348 408 3408 Amplius.
443 3349 647 3406 cognitio
681 3364 796 3409 quae
827 3349 1021 3394 habetur
1055 3349 1110 3394 de
1136 3364 1183 3394 re
1216 3322 1393 3393 tantum
1424 3349 1471 3392 in
1498 3350 1751 3402 communi,
1773 3364 1868 3394 non
1891 3364 2046 3394 secun·

40 3430 62 3485 {-
85 3412 196 3459 dum
228 3414 395 3475 aliquid
429 3415 512 3460 sibi
544 3417 793 3476 proprium,
826 3430 894 3460 est
918 3416 1330 3476 imperfectissima,
1353 3416 1469 3460 sicut
1486 3416 1691 3492 cognitio
1715 3430 1831 3475 qnae
1854 3417 2044 3462 habetur

24 3476 54 3505 ³
79 3479 143 3528 de
166 3482 356 3527 homine
383 3497 436 3527 ex
462 3483 552 3528 hoc
579 3484 701 3543 quod
735 3493 975 3538 movetur;
1002 3494 1069 3528 est
1103 3485 1224 3527 enim
1266 3482 1531 3560 huiusmodi
1558 3483 1762 3541 cognitio
1793 3498 1873 3543 per
1905 3498 2041 3545 quam

43 3542 159 3594 res
188 3550 480 3626 cognoscitur
511 3549 557 3594 in
589 3550 790 3610 potentia
822 3559 1023 3606 tantum3
1056 3551 1237 3609 propria
1271 3550 1393 3594 enirn
1421 3550 1466 3593 in
1495 3550 1816 3594 communibus
1840 3552 2042 3609 potentia

88 3608 387 3663 continentur.
420 3615 629 3662 Felicitas
655 3627 808 3662 autem
842 3627 910 3663 est
934 3618 1140 3678 operatio
1167 3616 1380 3677 perfecta,
1407 3627 1452 3707 et
1478 3631 1710 3663 summum
1737 3618 1941 3664 hominis
1966 3618 2043 3664 bo-
