2332 3854
230 258 339 314 294
919 258 1075 297 LIBER
1113 257 1190 295 111.
1233 256 1354 302 CAP.
1393 257 1468 295 VI.

226 361 384 404 vivunt
409 359 660 404 secundum
686 373 886 413 sensum,
914 373 969 403 eo
1003 359 1125 418 quod
1158 358 1388 403 sensibilia
1426 372 1521 402 non
1553 369 1658 404 sunt
1693 359 1825 404 nobis
1852 359 2105 416 manifesta,
2136 370 2182 406 et

227 427 376 485 magis
403 427 647 472 efficaciter
674 427 907 470 moventia
933 426 979 469 in
1005 425 1366 483 particularibus,
1388 425 1435 469 in
1454 425 1615 484 quibus
1632 436 1699 470 est
1724 427 1952 485 operatio;
1971 427 2027 472 ad
2052 424 2183 487 plura

228 504 381 538 autem
406 494 566 538 talium
592 494 821 538 bonorum
847 492 1048 551 sequitur
1078 491 1271 550 privatio
1296 492 1407 536 boni
1432 491 1682 536 secundum
1708 493 1946 537 rationem.

314 561 381 605 Ex
406 576 497 620 quo
524 570 647 619 patet
673 559 810 618 quod,
838 559 943 602 licet
970 558 1144 602 malurn
1185 569 1362 618 praeter
1392 559 1701 603 intentionem
1734 560 1804 613 sit,
1838 570 1906 604 est
1929 570 2084 605 tamen
2108 574 2187 617 vo-

227 627 491 681 luntarium,
519 636 566 670 ut
588 627 787 670 secunda
808 627 923 668 ratio
947 625 1174 683 proponit,
1202 625 1310 670 licet
1334 639 1429 669 non
1455 639 1534 684 per
1559 640 1622 679 se,
1648 625 1729 669 sed
1762 639 1842 684 per
1867 626 2092 672 accidens.
2117 615 2187 685 Ῑιι·

226 695 369 738 tentio
398 695 520 738 enirn
555 703 622 737 est
653 692 802 736 ultimi
838 691 939 735 finis
967 706 1104 750 quem
1137 691 1236 751 quis
1268 702 1458 769 propter·
1478 707 1526 736 se
1552 692 1668 747 vult;
1700 691 1912 737 voluntas
1939 703 2095 738 autem
2118 702 2188 747 ost

228 763 366 805 etiam
393 762 487 818 ejus
515 759 634 818 quod
662 759 761 834 quis
787 758 883 802 vult
907 768 1093 817 propter
1119 758 1256 812 aliud,
1283 759 1462 803 etiamsi
1487 758 1754 818 simpliciter
1769 774 1864 804 non
1888 758 2048 816 vellet;
2071 751 2188 806 sicut

227 828 304 886 qui
330 827 509 885 projicit
542 839 715 869 merces
741 825 788 867 in
821 839 945 868 mare
980 839 1117 869 causa
1157 824 1328 879 salutis,
1359 839 1454 869 non
1491 825 1685 870 intendit
1716 826 2048 884 projectionem
2073 841 2188 872 mer

227 894 362 949 cium,
405 893 483 936 sed
523 891 738 945 salutem3
779 891 1111 950 projectionem
1144 901 1297 936 autem
1338 891 1448 946 vult,
1489 906 1584 936 non
1616 891 1894 950 simpliciter,
1938 893 2017 939 sed
2050 907 2188 938 causa

225 959 395 1003 salutis.
423 958 659 1011 Similiter,
690 967 875 1017 propter
902 957 1086 1016 aliquod
1112 958 1286 1002 bonum
1326 957 1536 1002 sensibile
1571 959 1945 1018 consequendum
1975 958 2073 1005 vult
2097 959 2188 1004 ali-

225 1026 324 1084 quis
351 1025 500 1068 facere
526 1025 832 1068 inordinatam
860 1025 1105 1079 actionem,
1131 1039 1225 1068 non
1251 1024 1490 1068 intendens
1516 1025 1917 1080 inordinationem,
1942 1039 2090 1086 neque
2111 1040 2188 1071 vo-

223 1092 321 1136 lens
348 1105 451 1135 eam
477 1091 757 1149 simpliciter,
781 1090 859 1135 sed
876 1101 1061 1149 propter
1081 1091 1198 1145 hoc;
1222 1101 1266 1135 et
1284 1091 1390 1135 ideo
1417 1091 1506 1135 hoc
1526 1093 1667 1136 modo
1684 1091 1858 1137 malitia
1879 1101 1924 1137 et
1947 1102 2188 1152 peccatum

225 1159 435 1203 dicuntur
457 1172 555 1202 esse
580 1157 840 1202 voluntaria
865 1158 983 1202 sicut
1007 1158 1231 1216 projectio
1259 1158 1483 1202 mercium
1510 1159 1555 1202 in
1583 1159 1711 1202 mari.

314 1225 492 1269 Eodem
520 1234 674 1269 autem
712 1224 854 1269 modo
895 1234 1019 1282 patet
1065 1223 1233 1268 solutio
1277 1224 1333 1268 ad
1373 1225 1553 1268 tertiam
1595 1224 1919 1283 objectionem.
1939 1225 2189 1286 Nunquam

226 1293 349 1337 enim
371 1293 600 1337 invenitur
626 1293 817 1337 mutatio
846 1291 1151 1351 corruptionis
1177 1292 1274 1336 sine
1297 1292 1549 1336 mutatione
1569 1292 1890 1350 generationis,
1917 1303 1961 1338 et
1977 1308 2056 1352 per
2081 1308 2190 1339 con-

224 1374 420 1418 sequens
445 1374 530 1403 nec
557 1358 658 1404 finis
687 1358 989 1417 corruptionis
1032 1360 1128 1403 sine
1161 1352 1250 1403 fine
1278 1358 1600 1416 generationis.
1651 1359 1827 1403 Natura
1859 1374 1970 1419 ergo
2001 1375 2097 1406 non
2127 1361 2192 1407 in·

222 1427 368 1471 tendit
393 1425 532 1470 finem
559 1426 863 1485 corruptionis
891 1439 1099 1470 seorsum
1132 1439 1158 1469 a
1189 1424 1278 1469 fine
1305 1425 1627 1484 generationis,
1660 1425 1739 1469 sed
1772 1426 1909 1470 simul
1933 1436 2190 1487 utrumque.

224 1493 333 1537 Non
361 1493 484 1537 enim
511 1502 579 1537 est
605 1492 660 1536 de
685 1492 938 1536 intentione
981 1501 1170 1535 naturae
1213 1490 1421 1536 absol-uta
1453 1491 1575 1550 quod
1601 1506 1695 1536 non
1721 1492 1779 1536 sit
1804 1506 1936 1552 aqua,
1962 1493 2043 1539 sed
2068 1493 2192 1554 quod

226 1561 283 1605 sit
310 1564 400 1613 aer,
423 1573 514 1618 quo
539 1560 785 1604 exsistente
807 1573 902 1603 non
928 1569 995 1603 est
1029 1572 1172 1617 aqua;
1198 1558 1288 1602 hoc
1313 1572 1423 1617 ergo
1452 1558 1575 1617 quod
1599 1568 1666 1603 est
1692 1573 1790 1604 esse
1817 1563 1969 1604 aerem
2003 1556 2194 1605 intendit
2230 1571 2235 1575 “

225 1636 388 1671 natura
413 1626 666 1670 secundum
692 1640 765 1680 se3
792 1626 882 1670 hoc
906 1640 1016 1670 vero
1037 1625 1159 1684 quod
1186 1635 1253 1669 est
1277 1639 1371 1669 non
1390 1639 1488 1669 esse
1517 1639 1680 1684 aquam
1708 1640 1803 1670 non
1827 1626 2019 1672 intendit
2041 1626 2130 1672 nisi
2145 1626 2193 1672 in

227 1703 450 1753 quantum
472 1702 538 1738 est
566 1694 866 1752 conjunctum
893 1693 934 1736 ei
961 1692 1083 1751 quod
1118 1703 1186 1736 est
1226 1706 1324 1736 esse
1362 1696 1529 1736 aerem.
1565 1692 1641 1736 Sic
1682 1692 1819 1751 igitur
1858 1693 2133 1752 privationes
2165 1708 2192 1739 a

227 1771 390 1805 natura
421 1774 515 1804 non
548 1770 653 1804 sunt
692 1759 943 1804 secundum
984 1773 1032 1804 se
1065 1759 1290 1813 intentae,
1332 1759 1412 1803 sed
1457 1759 1708 1803 secundum
1746 1759 1980 1815 accidens;
2014 1759 2192 1807 formae
2225 1810 2229 1812 Α

227 1841 354 1881 vero,
381 1826 632 1871 secundum
659 1841 723 1871 se.

316 1895 448 1938 Patet
474 1908 584 1952 ergo
612 1908 665 1937 ex
691 1892 952 1953 praemissis
979 1892 1102 1951 quod
1128 1891 1240 1936 illud
1274 1892 1396 1951 quod
1424 1902 1491 1936 est
1516 1892 1782 1950 simpliciter
1805 1893 1980 1938 malum
1998 1894 2188 1940 omnino

227 1972 296 2007 est
320 1971 498 2022 praeter
523 1961 825 2005 intentionem
855 1960 902 2004 in
929 1960 1140 2019 operibus
1167 1970 1369 2015 naturae,
1405 1960 1523 2003 sicut
1548 1969 1700 2018 partus
1731 1961 2040 2016 monstruosi;
2067 1961 2191 2022 quod

225 2043 335 2073 vero
362 2043 457 2072 non
480 2038 546 2073 est
569 2027 848 2087 simpliciter,
875 2027 952 2072 sed
981 2026 1119 2071 alicui
1144 2026 1334 2081 malum,
1355 2041 1450 2071 non
1469 2038 1536 2072 est
1560 2027 1784 2072 intentum
1812 2043 1837 2073 a
1862 2037 2024 2074 natura
2038 2043 2193 2076 secun-

230 2096 340 2140 dum
366 2109 430 2150 se,
456 2095 533 2140 sed
561 2094 814 2140 secundum
837 2094 1062 2139 accidens.

985 2275 1240 2369 CAPUT
1280 2314 1408 2368 vn.

594 2454 754 2501 QUOD
796 2454 991 2492 MALUM
1029 2454 1146 2494 NON
1185 2455 1285 2492 EST
1327 2455 1537 2500 ALIQUA
1577 2453 1819 2494 NATURA.

794 2563 852 2622 (I.
878 2569 989 2625 part.
1016 2570 1167 2622 quaest.
1201 2564 1277 2608 XL
1290 2564 1406 2609 VIII.
1440 2571 1522 2609 art.
1548 2565 1626 2622 4.).

318 2681 383 2725 Ex
408 2681 479 2726 his
507 2690 658 2725 autem
678 2691 863 2740 apparet
895 2682 1017 2740 quod
1043 2681 1169 2726 nulla
1196 2682 1389 2726 essentia
1413 2692 1480 2726 est
1502 2682 1754 2726 secundum
1779 2695 1827 2726 se
1855 2679 1991 2726 mala.

318 2748 494 2793 Malum
517 2749 654 2803 enim,
683 2758 732 2792 ut
757 2748 930 2792 dictum
958 2759 1025 2793 est
1051 2751 1111 2809 (c.
1138 2751 1326 2809 praec.),
1343 2749 1456 2793 nihil
1484 2759 1551 2794 est
1568 2749 1688 2793 aliud
1715 2762 1853 2808 quam
1874 2747 2067 2807 privatio
2094 2748 2192 2807 ejus
2236 2741 2240 2747 ’

230 2817 352 2875 quod
380 2816 479 2876 quis
504 2827 636 2860 natus
664 2825 744 2871 est,
773 2826 817 2860 et
843 2816 977 2861 debet
1001 2817 1196 2872 habere3
1230 2818 1293 2861 sic
1329 2818 1451 2861 enim
1479 2817 1596 2876 apud
1625 2830 1785 2861 omnes
1819 2824 1887 2860 est
1911 2830 2018 2860 usus
2049 2815 2184 2875 huius

227 2884 445 2937 nominis,
478 2883 651 2927 malum.
679 2883 880 2927 Privatio
909 2894 1063 2928 autern
1089 2898 1183 2928 non
1211 2894 1279 2928 est
1312 2883 1462 2942 aliqua
1489 2883 1697 2937 essentia,
1725 2881 1803 2928 sed
1836 2892 1904 2927 est
1927 2882 2114 2941 negatio
2138 2882 2185 2926 in

229 2950 490 2995 substantia.
518 2950 695 2994 Malum
722 2950 856 3009 igitur
882 2965 975 2995 non
1003 2961 1070 2995 est
1097 2951 1246 3010 aliqua
1276 2951 1471 2995 essentia
1497 2951 1543 2993 in
1570 2950 1717 2994 rebus.

315 3017 503 3061 Adhuc:
532 3018 889 3076 unumquodque
916 3017 1168 3062 secundum
1206 3032 1336 3062 suam
1369 3017 1613 3062 essentiam
1653 3017 1791 3061 habet
1823 3029 1934 3061 esse.
1967 3016 2018 3060 In
2054 3029 2191 3076 quan·

224 3077 323 3128 tum
350 3094 504 3128 autem
521 3083 659 3128 habet
685 3098 795 3139 esse,
821 3084 959 3128 habet
986 3084 1171 3143 aliquod
1196 3085 1370 3129 bonum
1386 3100 1395 3138 ;
1414 3099 1523 3128 nam
1541 3085 1578 3128 si
1603 3085 1778 3128 bonum
1795 3092 1863 3128 est
1884 3083 2007 3142 quod
2030 3083 2187 3128 omnia

227 3161 456 3210 appetunt,
490 3160 670 3210 oportet
695 3151 845 3209 ipsum
873 3165 970 3195 esse
997 3152 1172 3195 bonum
1199 3151 1364 3205 dicere,
1393 3165 1532 3211 quum
1557 3151 1713 3195 omnia
1736 3164 1834 3195 esse
1857 3159 2083 3210 appetant.
2114 3149 2194 3196 Se-

229 3219 430 3262 cundum
462 3218 553 3262 hoc
580 3217 716 3276 igitur
742 3218 1099 3277 unumquodque
1136 3219 1311 3262 bonum
1339 3229 1407 3262 est
1433 3219 1554 3277 quod
1573 3218 1817 3263 essentiam
1832 3217 1983 3262 habet.
2011 3216 2190 3262 Bonum

230 3295 383 3328 autem
417 3295 460 3329 et
487 3284 660 3329 malum
687 3295 992 3344 opponuntur.
1026 3284 1155 3328 Nihil
1186 3285 1322 3342 igitur
1363 3294 1431 3329 est
1464 3285 1638 3329 malum
1680 3282 1931 3330 secundum
1963 3283 2086 3344 quod
2126 3297 2192 3355 es-

229 3352 423 3395 sentiam
449 3352 600 3396 habet.
627 3351 765 3396 Nulla
792 3352 928 3411 igitur
955 3351 1147 3396 essentia
1175 3351 1296 3395 mala
1325 3362 1405 3396 est.

317 3418 552 3478 Amplius.
581 3420 731 3463 omnis
754 3433 823 3463 res
849 3418 922 3463 vel
950 3428 1016 3463 est
1043 3432 1196 3477 agens,
1224 3418 1297 3462 vel
1320 3428 1387 3463 est
1407 3418 1541 3463 facta.
1568 3418 1743 3463 Malum
1761 3427 1914 3464 autem
1930 3431 2023 3463 non
2041 3426 2192 3478 potest

226 3498 324 3529 esse
352 3499 506 3543 agens,
534 3487 638 3545 quia
666 3486 882 3545 quidquid
916 3486 1009 3545 agit
1034 3486 1079 3529 in
1107 3496 1327 3544 quantum
1361 3496 1427 3530 est
1460 3496 1562 3531 actu
1606 3486 1823 3531 exsistens
1849 3494 1895 3531 et
1923 3483 2190 3546 perfectum,

226 3561 270 3595 et
295 3551 503 3596 similiter
524 3567 617 3596 non
644 3563 795 3612 potest
817 3566 914 3597 esse
942 3552 1129 3606 factum,
1156 3566 1263 3596 nam
1292 3552 1529 3611 cujuslibet
1556 3553 1862 3612 generationis
1882 3550 2101 3597 terminus
2123 3561 2191 3597 est

229 3617 376 3661 forma
404 3629 447 3662 et
472 3619 661 3663 bonum.
688 3619 824 3663 Nulla
853 3620 988 3679 igitur
1014 3633 1099 3674 res,
1127 3619 1377 3664 secundum
1405 3633 1535 3664 suam
1563 3619 1821 3673 essentiam,
1853 3628 1922 3664 est
1939 3616 2082 3663 mala.
