2332 3854
851 237 1005 278 mann
1043 235 1392 278 tv.cAP.1v.
1991 234 2093 291 545

148 350 311 411 debete
336 347 544 409 intelligi,
567 347 673 407 quia
698 347 871 393 scilicet
898 357 1002 392 ante
1035 346 1194 391 mundi
1232 346 1603 391 constitutionem
1636 343 1907 402 dispositum
1938 342 2020 387 fuit
2052 352 2100 389 ut

149 430 204 464 ex
229 415 374 463 Maria
399 414 588 475 Virgine
612 413 703 458 Dei
717 413 857 462 Filius
883 424 1158 467 nasceretur,
1183 427 1274 457 non
1295 412 1418 471 quod
1444 413 1539 469 ejus
1555 410 1674 455 filius
1689 410 1822 455 fuerit
1845 420 1947 453 ante
1974 424 2100 454 mun

148 484 283 536 dum3
283 497 390 541 per
416 496 470 526 ea
493 493 651 532 tamen
680 494 795 539 quae
828 490 1075 538 sequuntur
1107 489 1230 538 patet
1262 478 1398 538 quod,
1431 492 1524 523 non
1552 476 1699 521 solum
1728 476 1773 520 in
1801 476 2102 535 praedestina·

147 549 287 604 tione,
313 548 390 592 sed
417 548 555 591 etiam
587 545 782 598 realiter,
803 544 936 589 fuerit
961 555 1063 589 ante
1090 546 1296 591 Mariam.
1320 546 1439 590 Nam
1464 554 1566 603 post
1591 543 1839 603 praemissa
1864 543 2001 586 verba
2024 542 2102 587 Sa-

147 613 347 663 lomonis
365 614 666 672 subjungitur:
696 612 876 669 Quando
898 612 1148 670 appendebat
1156 611 1436 670 fundamenta
1457 618 1606 663 terrae,
1632 625 1725 654 cum
1747 624 1791 654 eo
1818 624 1933 654 eram
1951 615 2102 654 cuncta

147 689 413 740 comportatum
437 681 474 724 si
491 691 643 723 autem
662 679 707 722 in
724 678 823 722 sola
842 678 1252 736 praedestinatione
1272 677 1438 730 fuisset,
1458 677 1572 721 nihil
1590 690 1723 735 agere
1740 675 1973 735 potuisset.
1997 675 2099 721 Hoc
2170 717 2176 722 ,

150 747 288 795 etiam
307 761 372 793 ‚ex
397 745 543 790 verbis
563 745 750 803 Joannis
782 743 1086 802 evangelistae
1120 745 1332 797 habetur3
1363 758 1486 795 nam,
1519 757 1659 801 quum
1693 741 2022 800 praemisisset:
2049 740 2104 787 In

140 814 356 873 principio
371 818 462 857 erat
496 813 691 864 Verbum,
708 824 799 870 quo
821 811 1009 854 nomine
1032 811 1169 854 Filius
1193 811 1278 857 Dei
1303 810 1580 868 intelligitur,
1607 819 1655 853 ut
1680 819 1915 853 ostensum
1942 818 2021 863 est,
2045 821 2101 853 ne

150 879 250 937 quis
281 879 371 923 hoc
404 878 654 922 secundum
689 877 1147 935 praedestinationem
1182 877 1386 935 accipere
1419 887 1586 935 posset,
1621 875 1793 920 subdit:
1831 875 1997 920 Omnia⁴
2023 882 2105 935 per

149 947 285 1006 ipsum
296 945 419 1005 jacta
442 950 563 989 sunt:
596 950 635 988 et
658 945 744 988 sine
775 945 859 1003 ipso
881 944 1047 1002 jactum
1079 950 1133 988 est
1165 944 1269 987 nihil
1277 959 1294 996 ;
1330 943 1453 1002 quod
1485 956 1646 987 verum
1677 956 1775 986 esse
1807 956 1901 987 non
1934 950 2101 999 poaeet,

147 1011 241 1059 nisi>
259 1010 442 1064 realiter
466 1021 570 1057 ante
597 1011 816 1056 mundum
841 1010 1092 1054 exstitisset.

235 1077 376 1134 Item:
403 1078 459 1122 de
484 1076 599 1121 Filio
631 1077 721 1120 Dei
745 1076 907 1120 dicitur
935 1077 1123 1153 (joann.
1149 1077 1227 1121 111.
1260 1077 1346 1135 13.)
1365 1093 1375 1121 :
1397 1077 1529 1122 Nemo
1556 1075 1736 1121 ascendit
1761 1076 1807 1120 in
1831 1075 2004 1128 coelum,
2023 1075 2103 1119 nisi

149 1144 223 1204 qui
240 1143 441 1194 descendit
465 1143 513 1187 de
537 1143 662 1197 coelo,
686 1144 820 1187 Filius
837 1144 1031 1196 hominis,
1052 1143 1123 1201 qui
1139 1150 1194 1187 est
1211 1145 1255 1186 in
1277 1144 1414 1200 coelo;
1435 1153 1479 1187 et
1499 1143 1665 1187 iterum
1681 1142 1867 1199 (Joann.
1886 1141 1963 1186 VI.
1986 1141 2099 1200 38.).

150 1210 355 1257 Descendi
378 1210 425 1255 de
446 1210 569 1263 coelo,
598 1225 681 1254 non
706 1216 754 1254 ut
766 1210 932 1269 faciam
959 1210 1212 1254 voluntatem
1235 1224 1389 1263 meam
1413 1209 1478 1254 sed
1498 1209 1753 1253 voluntatem
1785 1210 1871 1266 ejus
1897 1209 1968 1267 qui
1993 1208 2105 1252 misit

150 1293 226 1323 me.
252 1277 458 1337 Apparet
480 1291 590 1336 ergo
619 1291 725 1321 eum
751 1276 887 1320 fuisse
915 1286 1159 1335 antequam
1186 1276 1241 1320 de
1269 1276 1401 1319 coelo
1424 1276 1730 1321 descenderet.

236 1343 499 1388 Praeterea:
539 1343 790 1388 secundum
829 1343 1107 1400 praedictam
1148 1343 1439 1401 positionem,
1464 1343 1608 1386 homo
1636 1356 1714 1401 per
1737 1342 1856 1385 vitae
1890 1340 2105 1387 meritum

148 1410 375 1470 profecit'
364 1425 411 1455 m
436 1410 603 1454 Deum.
631 1410 882 1469 Apostolus
916 1419 1066 1454 autern
1100 1424 1126 1453 e
1158 1423 1380 1456 converso
1414 1409 1611 1453 ostendit
1645 1409 1767 1468 quod
1803 1422 1942 1467 quum
1976 1408 2104 1452 Deus

150 1488 283 1532 esset,
307 1476 452 1523 factus
479 1488 545 1522 est
570 1476 739 1521 homo:
766 1476 875 1521 dicit
900 1477 1023 1520 enim
1050 1475 1265 1534 (Philipp.
1293 1476 1348 1519 11.
1371 1475 1459 1532 6.:)
1489 1476 1633 1532 Quum
1657 1477 1702 1518 in
1721 1475 1863 1531 forma
1887 1475 1973 1519 Dei
1991 1480 2102 1527 esset,

148 1558 232 1587 non
262 1545 461 1620 rapinam
487 1545 718 1588 arbitratus
749 1549 804 1587 est
834 1558 910 1587 esse
935 1558 972 1586 se
995 1541 1204 1600 aequalem
1231 1543 1338 1596 De0,
1364 1541 1431 1585 sed
1461 1544 1718 1600 semetipsum
1738 1542 1991 1597 exinanivit
2006 1541 2104 1600 fors·

147 1625 263 1654 mam
291 1612 403 1654 servi
427 1611 644 1669 accipiens,
663 1611 706 1652 in
723 1609 1034 1653 similitudinem
1061 1609 1275 1651 hominum
1291 1609 1435 1666 factus
1461 1615 1496 1652 et
1522 1608 1663 1652 habitu
1687 1610 1875 1652 inventus
1896 1614 1943 1652 ut
1969 1608 2101 1651 homo.

148 1676 391 1735 Repugnat
414 1676 549 1735 igitur
571 1675 800 1734 praedicta
826 1675 1009 1733 positio
1020 1674 1300 1733 apostolicae
1327 1675 1590 1718 sententiae.

238 1743 432 1787 Adhuc.
469 1742 586 1786 inter
628 1753 802 1786 ceteros
835 1742 911 1800 qui
942 1741 1030 1784 Dei
1072 1741 1264 1798 gratiam
1291 1740 1564 1794 habuerunt,
1596 1740 1781 1800 Moyses
1812 1740 1970 1784 habuit
2002 1754 2104 1784 eam

150 1809 352 1868 copiose,
369 1809 425 1860 de
443 1822 533 1867 quo
547 1808 708 1855 dicitur
726 1807 888 1864 (Exod.
906 1807 1117 1853 XXXIII.
1141 1821 1184 1850 11
1197 1807 1363 1866 )quod
1377 1808 1622 1866 loquebatur
1639 1809 1847 1853 Dominus
1863 1808 1917 1852 ad
1935 1809 2103 1866 Moyse-n

147 1877 256 1933 facie
277 1876 331 1920 ad
346 1864 522 1935 faciem,
549 1877 654 1920 sicut
677 1875 774 1919 solet
797 1871 910 1933 loqui
935 1874 1054 1918 homo
1077 1872 1132 1917 ad
1157 1875 1339 1918 amicum
1360 1889 1494 1918 suum.
1523 1873 1573 1917 Si
1597 1874 1733 1932 igitur
1748 1874 1876 1931 Jesus
1895 1874 2104 1918 Christus

148 1956 243 1993 nan
259 1942 484 1992 diceretur
496 1942 586 1987 Dei
595 1940 732 1985 Filius
748 1940 835 1985 nisi
854 1951 1036 2000 propter
1053 1940 1246 2002 gratiam
1261 1940 1532 2000 adoptionis,
1546 1940 1662 1984 sicut
1679 1940 1756 1985 alii
1773 1941 1932 1995 sancti,
1944 1941 2105 1984 eadem

149 2009 330 2064 ratione
349 2009 537 2068 Moyses
561 2007 681 2054 filius
704 2008 795 2053 Dei
819 2008 1043 2055 diceretur
1065 2022 1154 2066 qua
1181 2018 1224 2052 et
1251 2007 1476 2061 Christus,
1494 2007 1600 2051 licet
1622 2008 1760 2052 etiam
1787 2007 2110 2052 abundantiori

150 2075 295 2135 gratia
307 2072 521 2122 Christus
531 2073 665 2119 fuerit
680 2075 884 2128 dotatus3
902 2089 1010 2120 nam
1028 2084 1072 2118 et
1087 2075 1205 2118 inter
1223 2073 1342 2118 alios.
1354 2085 1541 2118 sanctos
1550 2089 1664 2118 unus
1678 2074 1768 2118 alio
1786 2075 1949 2133 majori
1961 2074 2105 2134 gratia

151 2141 362 2201 repletur,
389 2151 436 2186 et
458 2151 644 2190 tamenn
676 2155 838 2185 omnes
871 2141 1033 2186 eadem
1059 2141 1234 2184 ratione
1267 2140 1348 2184 filii
1377 2140 1467 2185 Dei
1492 2141 1713 2185 dicuntur.
1740 2142 1925 2201 Moyses
1952 2152 2104 2185 autem

149 2222 245 2267 non
270 2207 437 2258 eadem
464 2207 638 2254 ratione
665 2207 826 2252 dicitur
852 2206 971 2252 filius
997 2222 1085 2266 qua
1112 2217 1156 2251 et
1182 2206 1420 2261 Christns;
1446 2207 1679 2266 distinguit
1704 2208 1827 2252 enim
1853 2206 2112 2266 Apostolus.

151 2274 391 2331 Christum
415 2288 444 2324 a
465 2274 628 2333 Moyse
654 2274 770 2319 sicut
796 2273 945 2321 filium
968 2288 995 2317 a
1019 2287 1177 2328 servo;
1199 2274 1361 2319 dicitur
1394 2274 1515 2317 enim
1539 2274 1698 2331 (Hebr.
1721 2274 1798 2318 III.
1831 2275 1913 2331 5.):
1947 2276 2105 2333 Moyses

150 2340 465 2403 ffdemfidelis
482 2347 575 2389 erat
589 2342 634 2385 in
656 2346 744 2386 tnta
768 2340 888 2384 domo
904 2342 1005 2399 ejus,
1029 2347 1245 2399 tamquam
1262 2341 1462 2398 famulus,
1483 2343 1527 2384 in
1545 2343 1823 2385 testimonium
1843 2356 1984 2385 eorum
2002 2356 2107 2401 quae
2146 2364 2149 2366 ·

151 2407 325 2465 dicenda
346 2413 490 2465 erant;
521 2406 710 2458 Christus
730 2422 829 2453 ver-o
853 2413 1066 2466 tamquam
1092 2408 1232 2454 Filius.
1261 2410 1303 2452 in
1325 2409 1447 2452 domo
1472 2423 1560 2453 sua.
1588 2408 1880 2453 Manifestum
1905 2420 1973 2453 est
1994 2423 2104 2469 ergo

153 2474 282 2534 quod,
299 2474 511 2524 Christus
532 2488 630 2519 non
642 2473 806 2521 dicitur
822 2474 909 2519 Dei
926 2473 1070 2522 Filius
1093 2489 1173 2532 per
1199 2475 1457 2534 adoptionis
1479 2475 1687 2533 gratiam,
1711 2475 1826 2519 sicut
1848 2475 1923 2519 alii
1946 2478 2108 2520 sancti.

240 2540 419 2596 Similis.
438 2540 578 2588 etiam
603 2541 718 2585 ratio
745 2554 799 2584 ex
825 2539 1026 2598 pluribus
1053 2540 1152 2586 aliis
1180 2541 1439 2600 Scripturae
1472 2541 1586 2585 locis
1615 2542 1772 2600 colligi
1797 2552 1963 2600 potest,
1989 2557 2106 2602 quae

122 2611 124 2614 ⁴
154 2607 355 2667 quodam
380 2607 598 2666 singulari
620 2607 760 2651 modo
780 2606 1015 2651 Christum
1033 2621 1139 2666 prae
1159 2607 1259 2651 aliis
1281 2608 1369 2651 Dei
1387 2607 1550 2651 Filium
1570 2611 1801 2653 nominat:
1829 2609 2105 2669 quandoque

154 2673 361 2750 quidem,
376 2673 547 2732 absque
575 2672 677 2717 aliis
695 2672 983 2731 singulariter
1009 2687 1111 2717 eum
1140 2673 1306 2717 Filium
1330 2674 1592 2728 nominans,
1609 2675 1727 2718 sicut
1748 2690 1888 2734 quum
1914 2690 2005 2720 vox
2024 2676 2105 2719 Pa·

150 2731 230 2791 tris
254 2738 452 2788 intonuit
475 2740 521 2784 in
546 2739 773 2798 baptismo
806 2739 991 2797 (Matth.
1012 2739 1093 2783 ΙΙΙ·
1132 2740 1243 2798 17.:)
1270 2740 1357 2785 Hic
1382 2746 1437 2784 est
1460 2741 1598 2785 Filius
1623 2756 1737 2786 meus-
1759 2741 1940 2795 dilectus,
1959 2744 2005 2786 in
2025 2757 2105 2802 quo

151 2806 259 2852 mibi
274 2805 540 2866 complacui:
565 2805 837 2865 quandoque
859 2819 967 2850 eum
983 2805 1282 2864 Unigenitum
1305 2807 1564 2861 nominans,
1584 2807 2108 2867 sicut(Joann.I.14.·)

112 2915 114 2917 ,
160 2872 347 2921 Vidimus
361 2887 453 2917 eum
465 2874 584 2931 quasi
600 2872 870 2931 Unigenitum
885 2887 911 2917 a
928 2873 1051 2917 Patre
1061 2888 1080 2931 ,-
1099 2882 1143 2917 et
1157 2872 1323 2918 iterum
1350 2873 1428 2933 (ib.
1459 2873 1545 2931 18.)
1560 2890 1569 2919 :
1605 2875 1846 2933 Unigenitus
1864 2876 2012 2929 Filius,
2034 2878 2107 2936 qui.

150 2947 207 2990 est
235 2942 281 2990 in
305 2941 402 2990 sinu
418 2939 573 2995 Patris,
600 2941 682 3000 ipse
706 2941 950 2995 enarravit:
978 2940 1015 2984 si
1041 2950 1192 2985 autem
1222 2941 1459 2985 communi
1482 2941 1637 2995 modo,
1664 2942 1781 2996 sicut
1806 2952 1852 2989 et
1872 2941 1965 2997 alii,
1987 2942 2105 2989 filius

151 3007 391 3061 diceretur,
413 3006 674 3066 unigenitus
699 3006 789 3050 dici
813 3020 906 3051 non
933 3016 1106 3065 posset3
1134 3007 1408 3066 quandoque
1434 3007 1572 3053 etiam
1599 3018 1644 3053 et
1668 3009 2006 3068 primogenitus
2025 3023 2113 3056 noo-0

150 3073 368 3127 minatur,
389 3083 440 3119 ut
469 3073 695 3132 quaedam
721 3073 939 3117 derivatio
958 3072 1187 3118 filiationis
1214 3073 1267 3118 ab
1294 3074 1537 3120 eoviualiis
1550 3076 1833 3130 ostendatur,
1854 3076 2106 3121 secundum

151 3139 262 3195 illud
289 3139 449 3198 (Rom.
474 3139 599 3189 vm.
625 3138 743 3199 29.):
773 3140 889 3196 Quos
905 3141 1134 3199 praescivit
1157 3146 1193 3184 et
1206 3140 1534 3199 praedestinavit
1550 3142 1778 3200 conformes
1789 3143 1892 3201 fieri
1911 3144 2106 3202 imaginis

152 3207 261 3252 Filii
284 3208 368 3261 sui,
387 3212 434 3251 ut
457 3207 513 3251 sit
536 3207 618 3265 ipse
636 3207 939 3265 primogenitus
964 3208 1010 3250 in
1031 3206 1168 3252 multis
1184 3207 1424 3265 fratribus:
1449 3218 1494 3251 et
1519 3207 1690 3264 (Galat.
1724 3208 1802 3253 IV.
1827 3210 1890 3267 4.)
1919 3209 2104 3255 dicitur:

153 3274 277 3322 Misit
301 3273 417 3329 Deus
436 3272 599 3319 Filium
621 3287 767 3319 suum.
782 3305 791 3316 .
807 3305 857 3327 ..,
885 3279 930 3317 ut
951 3272 1213 3332 adoptionem
1238 3274 1420 3324 filiorum
1454 3276 1755 3334 reciperemus:
1791 3275 1881 3320 alia
1904 3290 2016 3335 ergo
2041 3291 2107 3321 rae

151 3340 279 3387 tione
296 3339 397 3398 ipse
419 3349 487 3386 est
502 3337 640 3386 Filius
665 3353 745 3397 per
771 3339 899 3398 cujus
926 3338 1156 3384 filiationis
1182 3339 1527 3385 similitudinem
1554 3339 1629 3384 alii
1655 3340 1735 3384 filii
1761 3342 1985 3387 dicuntur.

240 3404 475 3465 Amplius:
501 3404 726 3464 quaedam
744 3418 887 3464 opera
900 3405 949 3451 in
967 3405 1211 3465 Scripturis
1236 3407 1375 3450 sacris
1398 3407 1461 3450 ita
1477 3407 1579 3452 Deo
1597 3407 1780 3467 proprie
1805 3409 2107 3455 attribuuntur

151 3472 280 3533 quod
301 3471 431 3520 alteri
456 3473 703 3522 convenire
726 3485 820 3516 non
842 3483 1046 3531 possunt,
1066 3473 1182 3517 sicut
1209 3472 1509 3518 sanctificatio
1538 3474 1795 3519 animarum
1821 3485 1867 3520 et
1896 3477 2106 3523 remissio

151 3549 478 3599 peccatorumg
499 3538 661 3590 dicitur
685 3538 808 3583 enim
836 3537 1002 3599 (Lavit.
1024 3539 1125 3586 XX.
1153 3539 1237 3597 8.):
1263 3540 1352 3599 Ego
1377 3541 1590 3587 Dominus
1614 3542 1686 3601 qui
1708 3542 1918 3602 sanctifico
1942 3558 2038 3598 vos,
2062 3553 2109 3590 et

155 3606 262 3664 (Isa.
286 3605 450 3652 XLIII.
477 3605 594 3663 25.):
620 3606 709 3665 Ego
733 3620 824 3651 sum
849 3606 930 3666 ipse
950 3608 1024 3666 qui
1044 3605 1152 3653 deleo
1178 3608 1414 3667 iniquitates
1434 3613 1524 3654 usas
1541 3614 1718 3670 propter
1742 3624 1820 3655 me.
1848 3609 2106 3671 Utrumque

287 3709 325 3745 S.
349 3708 381 3744 T
384 3719 503 3744 noxae
521 3708 663 3746 ,Summa
687 3714 795 3743 contra
823 3707 978 3743 Gentiles.
1934 3723 1970 3758 35
