2332 3854
775 226 930 265 LmER
968 225 1041 264 1v.
1083 226 1202 264 CAP.
1243 225 1372 263 xxn.
1941 209 2045 279 589

93 329 228 375 citur:
257 328 388 376 Redde
419 328 524 374 mihi
555 328 758 373 laetitiam
798 328 996 373 salutaris
1021 329 1098 381 tui,
1132 334 1171 372 et
1198 328 1352 387 spiritu
1378 326 1615 387 principali
1647 327 1850 383 confirma
1880 341 1971 384 me‚·
2006 337 2051 372 et

0 429 16 453 μ
90 396 250 454 (Rom.
272 396 395 440 XIV.
428 397 539 453 17.):
568 397 752 453 Regnum
776 395 859 439 Dei
880 401 936 439 est
954 396 1139 453 justitia,
1161 401 1198 440 et
1212 402 1322 454 pax,
1341 400 1377 438 et
1396 392 1595 452 gaudium
1622 395 1666 436 in
1687 394 1847 452 Spiritu
1869 394 2018 438 Sancto
2030 409 2047 446 ,·

91 472 137 508 et
151 464 275 522 (Act.
304 463 380 507 IX.
402 463 491 520 31.)
519 461 703 506 dicitur:
722 461 906 506 Ecclesia
921 496 930 505 .
945 495 954 504 .
971 496 980 504 .
1003 459 1179 505 habebat
1192 468 1358 520 pacem,
1384 466 1421 505 et
1438 460 1737 518 aedificabatur
1761 461 1979 505 ambulans
2004 462 2049 504 in

89 531 235 574 timore
267 526 463 581 Domini,
486 534 523 572 et
547 527 821 574 consolatione
845 528 990 572 Sancti
1014 528 1197 587 Spiritus
1218 528 1467 588 replebatur.
1495 526 1551 572 Et
1580 527 1684 571 ideo
1707 527 1935 571 Dominus
1954 526 2051 586 Spi-

91 594 228 640 ritum
241 596 459 639 Sanctum
480 593 786 654 Paraclyturn,
809 594 853 637 id
877 603 944 638 est
971 593 1326 648 consolatorem,
1349 593 1557 639 nominat
1583 593 1765 651 (Joann.
1782 593 1905 637 XIV.
1930 593 2047 650 26.):

93 662 339 720 Paraclytus
366 668 503 706 autem
532 661 714 720 Spiritus
748 660 938 714 Sanctus,
973 671 1057 704 etc.

104 756 106 758 >
176 727 397 773 Similiter
423 737 576 777 autem
604 737 648 771 et
681 727 908 775 amicitiae
934 727 1167 784 proprium
1195 737 1262 771 est
1288 727 1544 771 consentire
1578 727 1729 771 amico
1755 727 1801 771 in
1827 727 1899 771 his
1930 741 2047 786 quae

85 794 196 839 vult.
212 794 438 838 Voluntas
459 804 612 838 autem
634 794 721 837 Dei
743 793 875 838 nobis
894 807 973 851 per
990 804 1229 853 praecepta
1252 794 1391 851 ipsius
1408 794 1671 851 explicatur.
1690 794 1892 839 Pertinet
1913 795 2049 852 igitur

87 860 144 908 ad
170 874 378 907 amorem
396 874 487 919 quo
510 861 662 904 Deum
685 859 916 917 diligimus
934 869 982 903 ut
1003 861 1098 916 ejus
1123 860 1336 903 mandata
1358 859 1646 917 impleamus,
1663 861 1912 905 secundum
1934 860 2046 904 illud

86 926 268 985 (Joann.
295 926 416 971 XIV.
450 926 560 983 15.):
588 927 634 971 Si
655 926 827 984 diligitis
853 942 930 979 me,
949 926 1149 970 nmndata
1172 941 1262 970 mea
1286 933 1460 970 ser-vate.
1481 927 1630 981 Unde,
1657 941 1797 986 quum
1816 941 1895 985 per
1912 927 2049 987 Spiri-

53 1007 58 1014 ·
87 1003 186 1041 tum
204 993 425 1038 Sanctum
452 993 540 1038 Dei
559 1003 786 1037 amatores
813 993 1156 1047 constituamur,
1175 1007 1254 1051 per
1269 994 1415 1051 ipsum
1434 993 1570 1037 etiam
1589 994 1934 1052 quodammodo
1955 994 2048 1053 agi-

87 1073 192 1114 mur
215 1070 265 1104 ut
280 1070 518 1119 praecepta
537 1059 625 1103 Dei
646 1059 934 1117 impleamus,
953 1059 1205 1104 secundum
1227 1058 1339 1102 illud
1365 1059 1579 1118 Apostoli
1597 1060 1754 1117 (Rom.
1773 1061 1896 1104 VIII.
1928 1061 2043 1118 14.):

87 1127 179 1185 Qui
209 1127 367 1186 Spiritu
393 1127 478 1171 Dei
502 1132 700 1184 aguntur,
734 1126 777 1169 hi
799 1126 886 1185 fllii
918 1127 1002 1170 Dei
1033 1132 1137 1170 sunt.

177 1192 576 1239 Considerandum
602 1202 756 1236 tamen
783 1203 850 1236 est
875 1192 997 1251 quod
1032 1207 1056 1236 a
1086 1192 1254 1251 Spiritu
1283 1192 1454 1237 Sancto
1488 1192 1570 1236 filii
1595 1193 1683 1237 Dei
1711 1203 1919 1252 aguntur,
1951 1207 2046 1238 non

0 1299 2 1320 3
86 1258 206 1305 sieut
229 1259 365 1313 servi,
391 1260 468 1304 sed
500 1259 617 1303 sicut
648 1258 790 1302 liberi.
821 1259 980 1311 Quum
1007 1259 1129 1317 enirn
1163 1259 1275 1303 liber
1301 1261 1357 1303 sit
1383 1261 1460 1318 qui
1489 1261 1557 1304 sui
1585 1274 1722 1303 causa
1754 1269 1836 1314 est,
1861 1259 1974 1304 illud
1999 1260 2048 1316 li-

83 1325 401 1384 bere-agimus
433 1326 555 1384 quod
589 1340 642 1370 ex
673 1326 804 1369 nobis
836 1326 945 1384 ipsis
979 1326 1179 1384 agimus3
1212 1326 1302 1368 hoc
1330 1339 1439 1369 vero
1474 1335 1539 1369 est
1570 1326 1692 1385 quod
1726 1339 1778 1369 ex
1811 1326 2046 1372 voluntate

83 1392 281 1452 agimus3
313 1392 437 1451 quod
470 1403 623 1436 autern
657 1393 835 1450 agimus
870 1403 1028 1436 contra
1063 1402 1364 1445 voluntatem,
1391 1406 1485 1435 non
1519 1392 1676 1447 libere,
1710 1392 1788 1437 sed
1826 1392 2047 1438 serviliter

82 1458 280 1518 agimus;
309 1460 404 1503 sive
429 1461 487 1503 sit
511 1458 729 1503 violentia
757 1458 979 1513 absoluta,
1012 1469 1061 1502 ut
1094 1460 1278 1518 quando
1317 1468 1464 1502 totum
1505 1459 1779 1518 principium
1805 1469 1874 1503 est
1905 1469 2046 1515 extra,

0 1532 11 1588 j
83 1525 198 1576 nihil
225 1524 487 1570 conferente
508 1526 602 1569 vim
635 1540 786 1584 passo,
813 1536 920 1584 puta
947 1541 1087 1584 quum
1113 1525 1273 1584 aliquis
1297 1526 1343 1569 vi
1368 1525 1619 1584 impellitur
1645 1525 1701 1569 ad
1728 1535 1924 1580 motum,
1948 1527 2044 1572 sive

83 1591 143 1639 sit
165 1591 383 1638 violentia
398 1591 657 1636 voluntario
682 1593 838 1646 mixta,
862 1602 910 1636 ut
927 1607 1067 1651 quum
1088 1592 1248 1651 aliquis
1271 1591 1369 1636 vult
1385 1591 1533 1636 facere
1555 1591 1628 1636 vel
1645 1593 1737 1650 pati
1754 1592 1876 1652 quod
1894 1593 2045 1638 minus

7 1651 19 1715 'j
82 1669 153 1707 est
177 1660 458 1705 contrarium
489 1659 728 1713 voluntati,
754 1670 802 1703 ut
828 1660 1004 1713 evadat,
1040 1660 1160 1718 quod
1188 1659 1337 1717 magis
1363 1658 1586 1703 voluntati
1605 1660 1917 1705 contrariatur.
1944 1660 2046 1719 Spi-

2 1739 17 1779 j
80 1726 192 1771 ritus
210 1735 363 1771 autem
391 1725 585 1770 Sanctus
608 1726 671 1770 sic
699 1740 783 1770 nos
811 1726 866 1769 ad
895 1726 1124 1784 agendum
1150 1725 1341 1769 inclinat
1362 1735 1410 1769 ut
1435 1740 1519 1770 nos
1544 1725 1800 1770 voluntarie
1828 1740 1962 1785 agere
1984 1726 2045 1770 fa—

1 1786 22 1805 ²
81 1791 186 1847 ciat,
209 1792 259 1840 in
280 1802 500 1851 quantum
529 1806 614 1836 nos
648 1803 876 1837 amatores
902 1793 992 1837 Dei
1018 1793 1264 1839 constituit.
1302 1791 1401 1836 Filii
1433 1792 1570 1851 igitur
1593 1793 1680 1837 Dei
1712 1792 1851 1837 libere
1885 1808 1911 1836 a
1943 1793 2040 1853 Spi-

1 1875 17 1908 ;;
82 1860 170 1904 ritu
211 1859 382 1904 Sancto
425 1869 620 1917 aguntur
656 1874 709 1904 ex
749 1873 920 1913 amore,
955 1873 1048 1903 non
1077 1858 1297 1903 serviliter
1329 1873 1382 1903 ex
1408 1859 1594 1914 timore3
1633 1860 1752 1903 unde
1788 1860 2041 1919 Apostolus

82 1925 240 1984 (Rom.
267 1924 391 1971 VIII.
424 1926 511 1984 15.)
538 1926 670 1971 dicit:
705 1928 803 1971 Non
834 1928 1044 1985 accepistis
1065 1928 1264 1986 spiritum
1294 1927 1501 1971 servitutis
1524 1928 1672 1971 iterum
1705 1928 1750 1970 in
1783 1928 1945 1982 timore,
1976 1927 2044 1972 sed

2 1996 26 2060 *j
81 1993 274 2053 spiritum
301 1992 535 2052 adoptionis
549 1993 758 2052 filiorum.
1929 1994 1931 1996 ’

174 2058 335 2112 Quum
367 2069 521 2104 autem
557 2059 770 2104 voluntas
802 2060 1035 2104 ordinetur
1066 2060 1112 2104 in
1145 2058 1191 2102 id
1225 2059 1347 2119 quod
1387 2069 1454 2104 est
1485 2073 1590 2104 vere
1620 2059 1809 2115 bonum,
1845 2061 2043 2120 quando,

4 2135 22 2175 τ·-.ῒ
80 2127 178 2175 sive
201 2136 384 2186 propter
401 2126 662 2185 passionem
684 2127 779 2171 sive
796 2136 978 2186 propter
999 2125 1174 2171 malum
1192 2126 1399 2171 habitum
1418 2137 1495 2171 aut
1516 2127 1877 2185 dispositionem,
1896 2127 2042 2172 homo

82 2193 372 2251 abeoquod
398 2203 466 2237 est
490 2206 596 2237 vere
623 2194 795 2237 bonum
825 2194 1053 2247 avertitur,
1079 2193 1302 2238 serviliter
1329 2195 1436 2251 agit,
1462 2194 1510 2237 in
1548 2204 1767 2252 quantum
1793 2209 1818 2238 a
1842 2195 2043 2254 quodam

3 2276 20 2318 ᾗ,
81 2269 299 2311 extraneo
330 2259 587 2314 inclinatur,
605 2260 643 2304 si
662 2260 973 2304 consideretur
998 2260 1094 2318 ipse
1118 2259 1231 2304 ordo
1246 2260 1463 2305 naturalis
1481 2260 1749 2315 voluntatis;
1772 2261 1850 2305 sed
1873 2262 1910 2305 si
1936 2275 2039 2306 con-

11 2331 14 2347 ³
78 2326 298 2377 sideretur
323 2336 450 2372 actus
475 2326 720 2372 voluntatis
747 2336 796 2371 ut
817 2326 1057 2371 inclinatae
1080 2326 1127 2370 in
1154 2341 1376 2385 apparens
1402 2327 1590 2381 bonum,
1616 2327 1756 2372 libere
1784 2328 1878 2387 agit
1900 2342 2041 2387 quum

80 2393 283 2454 sequitur
308 2394 570 2453 passionem
598 2404 676 2438 aut
699 2394 906 2438 habiturn
939 2403 1220 2455 corruptum,
1238 2394 1460 2439 serviliter
1486 2404 1638 2439 autem
1666 2395 1760 2453 agit
1790 2395 1842 2448 si,
1865 2395 1946 2440 tali
1966 2409 2043 2440 vo·

80 2459 254 2514 Luntate
278 2471 507 2515 manente,
525 2472 711 2520 propter
737 2461 952 2506 timorem
980 2460 1093 2519 legis
1116 2461 1163 2504 in
1181 2461 1460 2505 contrarium
1488 2461 1663 2518 positae
1691 2461 1885 2508 abstinet
1907 2462 1960 2505 ab
1985 2475 2040 2506 eo

8 2559 19 2578 ,-
79 2526 328 2588 quodvult.
357 2527 516 2580 Quum
542 2528 679 2586 igitur
701 2528 892 2587 Spiritus
920 2527 1114 2572 Sanctus
1141 2541 1220 2586 per
1246 2541 1452 2572 amorem
1476 2527 1758 2572 voluntatem
1787 2528 1974 2572 inclinet
1994 2528 2040 2572 in

29 2623 33 2641 .·
78 2608 240 2640 verum
263 2594 454 2648 bonurn,
475 2594 522 2639 in
539 2594 660 2653 quod
686 2593 950 2639 naturaliter
976 2594 1224 2648 ordinatur,
1249 2593 1370 2638 tollit
1396 2604 1439 2638 et
1461 2594 1723 2638 servitutem
1751 2608 1856 2653 qua,
1885 2608 2040 2639 servus

19 2656 32 2691 ’ἶ
78 2661 302 2721 passionis
327 2670 373 2705 et
403 2662 578 2720 peccati
611 2660 815 2714 effectus,
841 2670 1000 2706 contra
1034 2660 1242 2705 ordinem
1269 2660 1516 2705 voluntatis
1558 2661 1664 2719 agit,
1705 2671 1750 2705 et
1775 2661 2057 2704 servitutem‘

23 2750 45 2755 *r
79 2741 171 2788 Qua
193 2737 352 2772 contra
373 2737 552 2772 motum
569 2741 679 2773 suae
706 2726 953 2771 voluntatis
979 2727 1231 2770 secundum
1253 2726 1404 2785 legem
1442 2727 1548 2785 agit,
1577 2727 1706 2785 quasi
1727 2725 1842 2784 legis
1868 2741 2039 2782 servus,

79 2806 176 2854 non
196 2794 388 2839 amicus,
405 2794 596 2852 Propter
620 2793 743 2852 quod
766 2792 1018 2851 Apostolus
1035 2792 1145 2836 dicit
1170 2793 1248 2850 (II.
1268 2792 1480 2836 Corinth.
1507 2793 1584 2836 III.
1614 2792 1722 2850 17.):
1749 2793 1833 2837 Ubi
1855 2793 2040 2853 Spiritus

80 2860 281 2915 Domini,
308 2860 369 2905 ibi
393 2861 585 2913 libertas;
614 2859 857 2916 et·(Galat.
891 2859 946 2903 V.
980 2859 1093 2916 18.):
1125 2859 1173 2904 Si
1197 2860 1348 2918 spiritu
1373 2858 1592 2914 ducimini,
1620 2874 1704 2903 non
1728 2860 1820 2905 estis
1848 2860 1920 2904 sub
1943 2859 2038 2918 lege.

47 2941 49 2943 ·
79 2925 199 2971 Hinc
233 2936 301 2971 est
325 2927 447 2986 quod
482 2927 674 2985 Spiritus
711 2926 904 2970 Sanctus
935 2924 1055 2969 facta
1087 2926 1235 2968 carnis
1277 2925 1552 2970 mortificare
1579 2926 1754 2980 dicitur,
1786 2927 2039 2971 secundum

79 2993 204 3053 quod
237 3007 317 3052 per
341 2994 603 3053 passionem
637 2993 785 3037 carnis
828 3007 853 3036 a
879 3006 988 3046 vero
1017 2992 1138 3037 bono
1169 3005 1263 3035 non
1306 2992 1566 3047 avertimur,
1605 2992 1652 3036 in
1682 2991 1807 3052 quod
1847 2992 2038 3052 Spiritus

48 3064 51 3066 ’
80 3058 274 3116 Sanctus
300 3073 381 3119 per
411 3074 620 3105 amorem
651 3073 737 3103 nos
769 3059 961 3113 ordinat,
984 3058 1235 3103 secundum
1263 3057 1372 3103 illud
1396 3058 1553 3116 (Rom.
1576 3057 1701 3104 VIII.
1733 3059 1847 3116 13.):
1876 3059 1923 3104 Si
1950 3059 2040 3119 Spi-

78 3127 166 3182 ritu
187 3125 304 3183 facta
330 3127 476 3179 carnis
507 3127 876 3183 mortificaveritis,
902 3127 1064 3171 vivetis.
