2332 3854
4 1052 6 1062 -»
4 1003 8 1041 -.,
3 971 7 997 ..ι
4 955 6 965 Η
5 942 8 946 f
3 842 8 923 .-,-0
3 637 11 836 “w-Q--q-oe*
3 566 9 631 ...-
4 551 6 558 -
3 495 11 545 ov-
2 405 9 487 --..»-.
2 235 7 398 nu-o———u

6 1632 9 1655 v·
4 1362 16 1618 -vvn-r‘v-·⁷··*⁴
5 1339 7 1344 ·

305 172 376 227 80
982 186 1140 226 LIBER
1179 186 1213 225 1.
1256 186 1378 224 CAP.
1420 186 1585 225 van.

297 290 460 348 ipsam,
489 298 556 333 est
576 298 731 333 tamen
759 303 895 333 causa
917 298 1097 333 remota
1121 289 1230 346 ejus.
1258 289 1401 346 Igitur
1421 289 1682 334 necessitati
1706 289 1926 334 scitorum
1953 291 2264 350 contingentia

299 370 393 400 non
419 366 654 414 repugnat,
689 370 794 399 curn
818 355 1053 414 contingat
1079 369 1239 398 causas
1270 355 1563 400 intermedias
1590 357 1908 415 contingentes
1934 371 2047 401 esse.

388 423 528 466 Item:
556 423 745 466 scientia
776 422 867 466 Dei
897 436 1004 465 vera
1030 435 1125 465 non
1153 430 1270 465 esset
1297 431 1342 465 et
1367 422 1579 482 perfecta,
1606 423 1645 476 si
1676 437 1770 485 non
1795 424 1885 467 hoc
1913 424 2053 467 modo
2080 438 2151 469 res
2168 439 2267 470 eve-

299 490 462 543 nirent,
481 490 597 533 sicut
621 490 747 532 Deus
775 503 850 532 eas
869 489 1049 532 evenire
1077 488 1330 546 cognoscit.
1356 489 1483 532 Deus
1510 499 1662 533 autem
1690 504 1794 533 cum
1814 491 1871 533 sit
1897 491 2107 548 cognitor
2127 491 2271 537 totius

301 570 400 600 esse
429 557 554 613 cujus
589 566 656 599 est
688 555 975 613 principium,
1009 554 1250 612 cognoscit
1273 569 1646 614 unumquemque
1674 556 1904 610 effectum,
1926 571 2020 600 non
2047 557 2199 602 solum
2220 561 2266 602 in

300 637 363 677 se,
385 623 463 666 sed
491 625 628 666 etiam
656 624 701 665 in
728 622 886 664 ordine
911 622 965 664 ad
994 621 1220 680 quaslibet
1241 636 1344 666 suas
1372 636 1531 666 causas
1558 623 1814 681 proximas,
1841 622 1954 667 ordo
1983 633 2136 667 autern
2159 639 2269 669 con-

298 689 571 748 tingentium
600 689 653 732 ad
681 703 784 732 suas
818 701 977 732 causas
1014 688 1246 746 proximas
1282 699 1350 733 est
1383 681 1433 733 ut
1460 690 1776 748 contingenter
1803 703 1856 733 ex
1883 690 1947 735 eis
1980 690 2266 748 proveniant.

301 757 556 815 Cognoscit
580 756 716 813 igitur
743 756 868 798 Deus
897 754 1049 813 aliqua
1076 755 1271 809 evenire,
1306 765 1351 800 et
1377 756 1694 814 contingenter
1726 756 1932 811 evenire3
1958 757 2024 801 sic
2046 756 2182 815 igitur
2207 757 2268 802 di-

299 823 431 866 vinae
455 822 670 866 scientiae
704 821 926 865 certitudo
954 831 998 865 et
1022 821 1188 866 veritas
1214 836 1368 866 rerum
1394 822 1758 881 contingentiam
1783 837 1878 867 non
1909 823 2042 867 tollit.

388 891 518 933 Patet
544 890 681 947 igitur
717 903 771 931 ex
797 888 942 942 dictis,
969 889 1206 947 quomodo
1234 889 1432 947 obiectio
1467 890 1783 947 cognitionum
1821 890 2186 949 contingentium
2219 890 2267 934 in

299 958 402 1000 Deo
425 970 683 1015 repugnans
710 957 766 999 sit
782 955 1067 1014 repellenda3
1089 970 1183 999 non
1202 956 1326 1000 enim
1352 956 1659 1014 posteriorum
1677 956 1867 1000 variatio
1887 956 2110 1014 prioribus
2127 958 2268 1002 varia·

299 1023 522 1067 bilitatem
548 1023 737 1076 inducit,
764 1037 870 1066 cum
888 1023 1125 1081 contingat
1151 1037 1205 1066 ex
1232 1023 1379 1071 causis
1405 1024 1670 1067 necessariis
1690 1024 1847 1082 primis
1870 1023 2057 1068 effectus
2079 1023 2266 1068 ultimos

301 1091 617 1148 contingentes
634 1090 889 1147 provenire.
909 1090 998 1133 Res
1017 1100 1171 1133 autem
1190 1104 1214 1132 a
1233 1090 1336 1133 Deo
1356 1089 1495 1134 scitae
1513 1104 1606 1133 non
1623 1100 1728 1134 sunt
1752 1091 1926 1149 priores
1949 1094 2047 1150 ejus
2063 1092 2266 1146 scientia,

298 1159 414 1201 sicut
439 1157 557 1215 apud
583 1171 668 1200 nos
687 1166 767 1209 est,
785 1157 865 1200 sed
881 1166 985 1200 sunt
1003 1171 1056 1200 ea
1072 1157 1359 1216 posteriores.
1382 1157 1491 1200 Non
1517 1157 1653 1214 igitur
1674 1157 1890 1215 sequitur,
1917 1158 1955 1202 si
1978 1158 2025 1201 id
2051 1159 2174 1217 quod
2197 1169 2267 1204 est

301 1238 326 1267 a
343 1225 446 1268 Deo
464 1225 629 1267 scitum
645 1223 810 1267 variari
825 1233 989 1282 potest,
1007 1223 1130 1282 quod
1157 1224 1252 1280 eius
1267 1223 1468 1286 scientia
1484 1223 1626 1281 possit
1648 1222 1757 1277 falli,
1783 1223 1858 1267 vel
1875 1223 2268 1284 qualitercumque

299 1292 479 1336 variari.
507 1291 773 1335 Secundum
810 1304 1096 1348 consequens
1121 1290 1259 1348 igitur
1290 1289 1595 1347 decipiemur3
1628 1289 1707 1333 sed
1733 1290 1840 1348 quia
1872 1300 2029 1335 nostra
2064 1291 2267 1350 cognitio

299 1374 452 1403 rerum
483 1358 769 1403 variabilium
795 1358 1023 1402 variabilis
1051 1367 1131 1411 est,
1158 1366 1342 1416 propter
1366 1357 1458 1401 hoc
1483 1357 1530 1400 in
1557 1357 1686 1400 omni
1704 1357 1974 1417 5ognitione
1998 1358 2090 1403 hoc
2115 1372 2270 1404 neces-

300 1427 420 1471 sario
448 1427 655 1470 accidere
682 1436 877 1485 putatur.

391 1494 586 1538 Rursus:
607 1507 713 1536 cum
740 1493 925 1537 dicitur:
953 1492 1078 1536 Deus
1105 1493 1191 1535 scit
1216 1490 1289 1535 vel
1315 1491 1446 1535 scivit
1465 1490 1557 1534 hoc
1580 1490 1798 1546 futurum,
1814 1491 2021 1536 medium
2037 1493 2270 1552 quoddam

302 1562 520 1620 accipitur
546 1562 662 1604 inter
687 1560 890 1603 divinam
917 1559 1154 1603 scientiam
1183 1568 1227 1601 et
1252 1572 1350 1602 rem
1376 1558 1554 1611 scitam,
1579 1557 1755 1602 scilicet
1785 1568 1966 1617 tempus
1997 1559 2044 1602 in
2077 1574 2170 1619 quo
2201 1570 2269 1605 est

299 1628 490 1682 locutio,
515 1637 723 1686 respectu
747 1628 873 1684 cujus
889 1626 935 1670 id
953 1625 1075 1684 quod
1095 1640 1120 1668 a
1135 1626 1238 1669 Deo
1262 1626 1427 1669 scitum
1454 1625 1636 1678 dicitur,
1659 1635 1726 1669 est
1745 1624 1960 1669 futurum.
1982 1626 2091 1685 Non
2114 1636 2268 1672 autem

301 1706 369 1740 est
392 1695 592 1740 futurum
610 1704 818 1753 respectu
844 1693 1023 1737 divinae
1040 1692 1270 1746 scientiae,
1289 1706 1403 1751 quae
1420 1692 1468 1735 in
1485 1702 1725 1736 momento
1753 1692 2030 1738 aeternitatis
2051 1694 2268 1739 exsistens

302 1764 358 1807 ad
395 1763 552 1807 omnia
589 1760 947 1820 praesentialiter
980 1775 1027 1804 se
1054 1760 1206 1813 habet,
1241 1769 1450 1818 respectu
1484 1760 1626 1817 cujus,
1653 1759 1691 1803 si
1715 1769 1896 1818 tempus
1928 1759 2176 1806 locutionis
2211 1761 2268 1806 de

301 1830 455 1875 medio
482 1829 785 1882 subtrahatur,
811 1842 906 1871 non
933 1837 1002 1872 est
1027 1827 1177 1870 dicere
1203 1827 1294 1870 hoc
1313 1840 1410 1870 esse
1439 1827 1689 1884 cognitum,
1709 1827 1838 1885 quasi
1853 1841 1947 1871 non
1965 1827 2198 1883 exsistens,
2220 1829 2270 1872 ut

300 1898 458 1942 locum
482 1897 651 1940 habeat
682 1896 886 1954 quaestio
921 1909 1009 1953 qua
1036 1895 1266 1953 quaeritur
1303 1907 1360 1936 an
1387 1894 1529 1951 possit
1554 1907 1649 1936 non
1676 1907 1798 1948 esse;
1825 1894 1903 1937 sed
1931 1894 1995 1938 sic
2027 1895 2265 1954 cognitum

301 1965 526 2009 diceretur
551 1979 576 2007 a
607 1964 710 2007 Deo
738 1973 788 2007 ut
811 1964 905 2020 jam
931 1963 978 2005 in
1003 1976 1086 2006 sua
1113 1960 1374 2005 exsistentia
1408 1960 1573 2004 visum.
1603 1959 1713 2012 Quo
1740 1960 1906 2019 posito,
1937 1975 2033 2005 non
2059 1971 2268 2007 remanet

300 2031 559 2091 praedictae
574 2029 831 2089 quaestioni
856 2029 1002 2083 locus,
1029 2029 1134 2087 quia
1157 2028 1279 2087 quod
1305 2029 1399 2086 jam
1431 2037 1511 2081 est,
1538 2041 1631 2071 non
1657 2036 1809 2086 potest
1833 2038 2055 2087 quantum
2078 2028 2135 2073 ad
2154 2028 2268 2073 illud

299 2100 472 2143 instans
502 2112 598 2142 non
625 2111 747 2151 esse;
774 2096 984 2154 deceptio
1016 2096 1154 2154 igitur
1186 2094 1352 2139 accidit
1378 2108 1431 2138 ex
1457 2094 1548 2138 hoc
1581 2094 1704 2153 quod
1728 2103 1910 2154 tempus
1934 2095 1983 2139 in
2007 2109 2100 2155 quo
2125 2094 2269 2156 loqui-

300 2181 417 2220 mur,
444 2165 676 2210 coexsistit
692 2164 959 2217 aeternitati,
981 2162 1055 2207 vel
1081 2163 1218 2207 etiam
1236 2171 1415 2221 tempus
1432 2161 1725 2220 praeteritum
1742 2161 1866 2220 quod
1883 2162 2145 2221 designatur
2159 2178 2269 2208 cum

300 2234 517 2278 dicimus:
551 2234 677 2277 Deus
710 2231 853 2276 scivit.
887 2231 1022 2275 Unde
1058 2230 1279 2274 habitudo
1316 2229 1535 2288 temporis
1570 2230 1800 2287 praeteriti
1824 2228 1901 2275 vel
1924 2230 2174 2289 praesentis
2211 2230 2267 2275 ad

300 2301 515 2354 futurum,
529 2300 783 2345 aeternitati
802 2299 1069 2353 attribuitur,
1083 2298 1207 2357 quod
1224 2297 1416 2342 omnino
1435 2297 1477 2341 ei
1491 2310 1586 2341 non
1604 2297 1848 2356 competit;
1865 2305 1909 2342 et
1926 2310 1980 2342 ex
1993 2297 2085 2342 hoc
2103 2298 2270 2344 accidit

302 2368 554 2412 secundum
582 2367 793 2411 accidens
824 2365 934 2410 falli.

390 2436 651 2479 Praeterea:
680 2435 718 2479 si
738 2433 1098 2492 unumquodque
1122 2447 1147 2477 a
1163 2433 1266 2476 Deo
1286 2431 1578 2490 cognoscitur
1599 2430 1715 2475 sicut
1731 2430 2089 2490 praesentialiter
2102 2431 2268 2486 visum,

301 2505 365 2548 sic
392 2502 702 2547 necessarium
730 2502 813 2546 erit
830 2515 944 2554 esse,
962 2500 1084 2559 quod
1103 2501 1228 2544 Deus
1255 2499 1518 2558 cognoscit;
1545 2499 1660 2542 sicut
1684 2498 1995 2543 necessarium
2010 2508 2079 2544 est
2104 2499 2268 2544 Socra-

300 2580 395 2614 tem
421 2570 592 2624 sedere,
620 2583 673 2613 ex
698 2569 790 2613 hoc
819 2568 941 2627 quod
978 2568 1134 2612 sedere
1166 2567 1356 2611 videtur.
1391 2566 1493 2610 Hoc
1532 2575 1685 2610 autem
1720 2580 1815 2610 non
1850 2567 2161 2612 necessarium
2199 2577 2270 2612 est

302 2636 523 2691 absolute,
549 2636 674 2680 velut
700 2650 725 2680 a
747 2636 1019 2695 quibusdam
1047 2635 1222 2688 dicitur,
1244 2633 1516 2678 necessitate
1544 2633 1881 2692 consequentis,
1907 2634 1987 2678 sed
2011 2633 2092 2678 sub
2114 2634 2270 2680 condi-

300 2705 441 2760 tione,
466 2703 541 2748 vel
565 2704 837 2748 necessitate
864 2702 1233 2757 consequentiae.
1261 2702 1387 2745 Haec
1411 2701 1534 2745 enim
1559 2699 1880 2744 conditionalis
1906 2710 1975 2746 est
1988 2701 2266 2746 necessaria:

301 2773 339 2817 si
363 2771 541 2816 videtur
566 2770 737 2826 sedere,
764 2770 915 2824 sedet;
942 2770 1062 2814 unde
1085 2769 1169 2814 etsi
1193 2767 1513 2813 conditionalis
1532 2768 1578 2811 in
1596 2767 1941 2826 cathegoricam
1959 2766 2268 2823 transferatur,

302 2849 351 2883 ut
376 2839 572 2883 dicatur:
601 2838 724 2898 quod
742 2838 917 2882 videtur
943 2837 1114 2891 sedere,
1140 2850 1327 2880 necesse
1354 2845 1420 2880 est
1436 2834 1618 2890 sedere3
1645 2844 1769 2893 patet
1793 2848 1898 2878 eam
1913 2834 1971 2880 de
1996 2834 2119 2880 dicto
2140 2834 2270 2881 intel·

300 2906 469 2950 lectam
501 2915 546 2950 et
578 2905 884 2964 compositam
919 2918 1019 2948 esse
1043 2918 1216 2956 veram,
1250 2903 1304 2946 de
1331 2917 1379 2946 re
1406 2916 1515 2946 vero
1549 2900 1830 2946 intellectam
1861 2911 1906 2946 et
1930 2901 2140 2956 divisam,
2166 2916 2267 2948 esse

299 2972 477 3018 falsam.
504 2973 561 3017 Et
585 2973 650 3018 sic
675 2972 722 3016 in
747 2971 818 3016 his
852 2980 896 3015 et
920 2971 967 3014 in
1000 2970 1212 3014 omnibus
1240 2969 1479 3024 similibus,
1503 2982 1619 3027 quae
1641 2968 1730 3012 Dei
1751 2967 1992 3014 scientiam
2017 2969 2140 3014 circa
2161 2982 2268 3014 con-

298 3041 520 3100 tingentia
546 3049 863 3100 oppugnantes
890 3047 1278 3097 argumentantur,
1301 3036 1554 3082 secundum
1588 3035 1976 3095 compositionem
2003 3046 2048 3082 et
2083 3036 2267 3082 divisio-

300 3122 408 3152 nem
433 3107 663 3152 falluntur.

393 3174 532 3227 Quod
561 3184 713 3219 autern
739 3174 866 3218 Deus
887 3172 1036 3217 futura
1063 3170 1374 3231 contingentia
1392 3171 1518 3224 sciat,
1546 3169 1684 3214 etiam
1711 3170 1980 3216 auctoritate
2005 3169 2266 3231 Scripturae

301 3256 455 3287 sacrae
489 3242 762 3286 ostenditur:
797 3240 959 3285 dicitur
985 3240 1108 3284 enim
1136 3239 1265 3298 (Sap.
1294 3238 1414 3282 VIII.
1444 3238 1506 3295 8.)
1535 3237 1590 3282 de
1617 3237 1770 3282 divina
1802 3237 2046 3298 sapientia:
2072 3238 2202 3298 Signa
2228 3246 2265 3284 et

301 3315 489 3353 monstra
503 3311 577 3354 scit
595 3316 818 3368 antequam
830 3309 952 3367 fiant,
970 3313 1005 3351 et
1021 3314 1187 3352 eventus
1204 3312 1438 3365 temporum
1454 3311 1490 3350 et
1504 3305 1794 3358 saeculorum;
1812 3315 1859 3350 et
1875 3302 2037 3363 (Eccli.
2053 3304 2265 3351 XXXIX.

303 3387 371 3430 24.
401 3386 446 3420 et
472 3377 588 3433 25.):
622 3377 721 3421 Non
742 3382 796 3422 est
827 3374 1054 3434 quidquam
1079 3373 1359 3419 absconditum
1382 3374 1434 3418 ab
1457 3374 1584 3418 oculis
1615 3376 1714 3432 ejus,
1739 3387 1766 3418 a
1786 3373 1946 3419 sacculo
1970 3387 2095 3432 usque
2114 3374 2267 3419 tia-sae-

302 3443 441 3487 culum
473 3445 664 3502 respicit‚·
699 3454 744 3488 et
775 3443 882 3501 (Isa.
909 3441 1118 3487 XLVIII.
1149 3441 1230 3500 5.):
1264 3440 1469 3486 Praedixi
1490 3442 1568 3486 tibi
1592 3454 1640 3485 ex
1667 3446 1780 3497 tunc,
1814 3446 2037 3501 antequam
2059 3441 2264 3497 venirent,

302 3510 490 3555 indicavi
523 3512 614 3556 tibi.
1959 3515 1962 3517 ’
