2332 3854
819 196 976 251 ιιιιιῑιι
1013 194 1070 250 ιι.
1111 194 1230 250 car.
1270 192 1400 247 xisti.
1987 194 2083 262 '171

127 309 230 359 ιιὀιι
252 312 403 373 potest
427 310 525 357 esse
545 311 593 356 in
617 295 851 357 intellectu
885 323 1046 372 agente
1073 311 1162 358 nisi
1187 311 1277 356 sint
1301 309 1363 355 ibi
1387 308 1564 354 formae
1596 307 1913 362 distinctorum
1945 311 1991 353 et
2022 321 2092 352 or-

130 367 404 426 fflnatorum.
433 377 548 423 Sunt
578 377 716 437 igitur
740 379 787 422 in
813 378 1047 424 intellectu
1074 377 1229 423 divino
1255 377 1431 423 formae
1455 375 1735 420 ἀίνει3ειιιιιιι
1761 388 1914 418 rerum
1941 375 2093 419 distin-

132 443 309 491 ‘etatum
334 455 378 490 et
404 445 726 490 ordinatarum.
748 443 845 489 Nec
872 444 962 489 hoc
988 445 1268 521 simplicitati
1293 443 1432 504 ipsius
1448 447 1684 512 repugnat,
1711 451 1759 485 ut
1778 455 1918 517 ‘supra
1942 450 2092 485 osten-

91 506 234 559 &uin
265 522 333 558 est
357 511 476 569 (Lib.
503 512 536 556 Ι.
565 525 602 556 c.
635 524 700 569 51.
728 518 773 555 et
798 512 959 570 seqq.).
989 511 1038 555 Si
1063 511 1200 570 igitur
1226 525 1279 555 ex
1303 509 1465 555 formis
1499 522 1614 569 quae
1643 517 1747 552 sunt
1776 507 1822 551 in
1855 506 2089 552 intellectu

91 579 95 588 ⁵
129 579 399 659 proveniant
423 592 493 623 res
520 588 646 623 extra
673 577 874 621 animam
901 578 947 621 in
973 577 1044 622 his
1071 591 1186 637 quae
1209 590 1290 636 per
1319 575 1602 621 intellectum
1631 584 1855 634 aguntur,
1877 583 2091 633 poterunt

37 651 39 659 ¹
93 631 100 640 ¹
131 644 159 691 'a
182 648 328 706 prima
359 659 495 691 causa
521 644 787 690 immediate
814 644 991 689 causari
1017 644 1160 703 plura,
1188 655 1231 689 et
1257 643 1448 698 diversa,
1474 657 1568 687 non
1588 643 1796 687 obstante
1818 641 1971 686 divina
1988 642 2092 686 sim-

75 736 77 739 ·
123 708 346 775 plicita'te,
371 722 556 789 propter
581 725 718 771 quam
746 710 931 771 quidam
958 711 1003 755 in
1030 711 1309 787 praedictam
1342 710 1619 770 positionem
1644 708 1910 754 inciderunt.

74 773 83 815 Ῐ
219 778 358 824 Item:
385 779 506 824 actio
534 777 710 838 agentis
742 791 820 837 per
847 776 1132 822 intellectum
1164 778 1434 822 terminatur
1459 776 1515 821 ad
1554 775 1755 821 formam
1791 789 1929 835 quam
1965 774 2092 819 intel-

63 850 76 895 ξ
129 843 244 911 ligit,
267 859 363 890 non
389 845 445 889 ad
472 844 624 899 aliam,
650 844 737 889 nisi
762 858 843 904 per
869 844 1096 898 accidens,
1123 853 1168 888 et
1200 857 1224 887 a
1253 857 1374 888 casu.
1401 844 1527 887 Deus
1560 853 1714 887 autem
1745 852 1814 886 est
1839 846 1980 900 agens
2012 855 2091 901 per

65 938 84 973 :L
129 907 427 982 intellectum,
453 922 503 957 ut
528 921 762 956 ostensum
799 911 866 956 es't
893 912 953 968 (c.
982 910 1099 970 23.):
1140 924 1236 955 non
1272 919 1423 970 potest
1455 911 1551 968 ejus
1589 909 1708 954 actio
1746 921 1844 954 esse
1880 908 2090 962 casualis,

130 978 236 1024 eum
261 979 356 1024 ιιοιι
380 979 524 1039 possit
549 977 596 1022 in
628 992 708 1022 sua
735 980 915 1023 actione
942 977 1150 1023 deficere.
1179 978 1376 1038 Oportet
1407 977 1544 1036 igitur
1575 977 1697 1036 quod
1730 976 1953 1035 producat
1985 975 2090 1022 effe-

40 1051 65 1092 ¹}
111 1055 255 1094 ,εῒιιιιι
279 1059 413 1090 suum
438 1060 495 1090 ex
518 1045 625 1100 hoc,
640 1042 799 1104 quod'
787 1047 939 1103 ipsum
965 1044 1178 1089 effectum
1197 1043 1421 1103 intelligit,
1441 1055 1484 1088 et
1509 1043 1715 1088 intendit.
1744 1041 1834 1088 Sed
1852 1048 1933 1103 p'ei·
1949 1044 2090 1104 quatri

56 1142 68 1168 9
128 1112 355 1157 rationem
377 1111 587 1170 intelligit
612 1126 754 1155 unum
783 1111 1012 1165 effectum,
1039 1121 1191 1170 potest
1216 1121 1260 1156 et
1286 1110 1455 1156 multos
1481 1109 1668 1155 effectus
1696 1109 1810 1155 alios
1842 1123 1868 1155 a
1890 1124 1940 1155 se
1963 1110 2091 1155 intel·

36 1176 63 1227 ψῖ
127 1173 285 1239 E‘g'e're.
308 1175 467 1223 Pote'st
490 1178 628 1256 igitur
653 1179 806 1222 statim
834 1178 978 1223 multa
1011 1192 1198 1223 causare
1226 1177 1394 1237 absque
1419 1177 1590 1222 medio.

217 1242 452 1305 Amplius:
491 1245 607 1290 sicut
633 1258 767 1305 supra
793 1247 854 1304 (c.
890 1246 981 1322 ²².’)
1009 1255 1246 1291 ostensum
1279 1254 1359 1299 est,
1386 1245 1526 1289 virtus
1554 1244 1706 1288 divina
1740 1257 1835 1288 non
1870 1242 2091 1289 limitatur

6 1308 7 1312 ’
35 1325 68 1358 -ἢ
127 1295 186 1357 hu
209 1308 355 1357 unum
381 1310 609 1366 effectum,
637 1321 682 1356 et
700 1311 791 1356 hoc
819 1327 874 1356 ex
901 1313 996 1371 ejus
1023 1312 1313 1372 simplicitate
1339 1313 1572 1371 provenit3
1600 1311 1706 1370 quia
1733 1316 1904 1370 qua'nto
1938 1311 2090 1371 aliqua

31 1376 39 1402 '³
125 1375 266 1424 wrtus
288 1388 357 1424 est
380 1380 527 1439 magis
551 1379 691 1434 unita,
718 1389 846 1424 tanto
873 1389 942 1423 est
968 1380 1114 1438 magis
1140 1378 1329 1433 infinita,
1358 1389 1403 1423 et
1439 1379 1495 1422 ad
1522 1378 1651 1437 plura
1683 1392 1731 1422 se
1758 1388 1910 1436 potest
1941 1387 2091 1422 exten·

60 1451 65 1456 ’
123 1426 248 1491 dere.
274 1444 417 1499 Quod
445 1455 599 1491 autem
626 1461 679 1490 ex
705 1459 798 1490 uno
820 1460 915 1490 non
941 1445 1020 1490 fiat
1042 1446 1132 1490 nisi
1149 1456 1308 1500 unum,
1325 1459 1420 1490 non
1438 1455 1619 1504 oportet
1635 1445 1723 1489 nisi
1745 1445 1928 1523 quando
1949 1458 2087 1504 agens

30 1518 64 1567 ιγ’
127 1508 185 1558 {td
208 1524 353 1558 unum
380 1511 595 1558 effectum
622 1513 960 1557 determinatur.
987 1511 1095 1557 Non
1119 1522 1301 1572 oportet
1330 1512 1468 1571 igitur
1491 1512 1656 1566 dicere,
1682 1513 1806 1572 quod
1833 1512 1938 1571 quia
1962 1513 2089 1556 Deus

26 1590 61 1645 ³.
126 1590 194 1625 est
218 1594 349 1634 unus,
378 1590 423 1624 et
458 1581 649 1624 omnino
687 1579 894 1639 simplex,
922 1595 976 1624 ex
1012 1582 1111 1638 ipso
1149 1579 1393 1624 multitudo
1420 1580 1661 1639 provenire
1700 1593 1795 1624 non
1829 1580 1972 1640 possit
2001 1580 2090 1624 nisi

28 1649 70 1667 ⁶*
124 1644 427 1692 'mediantibus
454 1646 678 1706 aliquibus
706 1646 759 1690 ab
789 1648 885 1706 eJus
913 1646 1204 1706 simplicitate
1231 1646 1557 1692 deficientibus.

213 1711 478 1759 Praeterea:
505 1719 742 1759 ostensum
775 1715 842 1758 est
878 1727 1013 1773 supra
1047 1715 1108 1772 (c.
1136 1714 1245 1772 21.),
1278 1714 1400 1773 quod
1427 1714 1552 1759 solus
1584 1715 1711 1759 Deus
1737 1717 1888 1774 potest
1919 1728 2087 1758 creare.

123 1779 269 1826 Multa
294 1783 449 1826 autern
475 1790 580 1826 sunt
603 1795 772 1836 rerum,
798 1794 914 1840 quae
939 1795 1035 1825 non
1066 1790 1258 1840 possunt
1283 1781 1532 1840 procedere
1558 1781 1605 1825 in
1628 1796 1729 1826 esse
1754 1782 1842 1826 nisi
1865 1795 1947 1841 per
1969 1785 2089 1826 crea-

17 1842 22 1908 7
49 1867 55 1891 ε
123 1848 324 1894 tionem:
350 1848 467 1893 sicut
492 1850 648 1893 omnia
675 1862 791 1907 quae
817 1860 911 1892 non
938 1858 1044 1893 sunt
1070 1847 1330 1908 composita
1357 1862 1411 1893 ex
1436 1848 1587 1893 forma
1620 1858 1664 1893 et
1694 1849 1887 1893 materia
1913 1858 2089 1893 contra·

13 1930 22 1975 ,4
122 1915 272 1960 rietati
300 1914 518 1974 subjecta.
546 1914 823 1974 Hujusmodi
849 1915 973 1959 enim
997 1915 1326 1974 ingenerabilia
1352 1925 1534 1975 oportet
1566 1930 1679 1970 esse,
1707 1927 1813 1959 curn
1839 1916 1991 1960 omnis
2017 1929 2090 1974 ge-

8 1995 45 2032 4
123 1981 300 2045 neratio
326 1983 383 2037 sit
408 1988 463 2027 ex
496 1981 741 2036 contrario,
769 1991 813 2026 et
830 1996 884 2026 ex
899 1983 1106 2028 materia.
1132 1981 1266 2026 Talia
1285 1992 1437 2027 autem
1455 1984 1560 2027 sun't
1579 1984 1741 2027 omnes
1758 1981 2088 2027 intellectuales

120 2048 414 2104 substantiae,
444 2048 490 2094 e't
516 2049 673 2093 omnia
700 2063 893 2109 corpora
920 2049 1153 2099 coelestia,
1180 2059 1224 2094 et
1257 2049 1395 2094 etiam
1411 2050 1510 2109 ipsa
1533 2050 1724 2094 materia
1746 2050 1907 2109 prima.
1939 2049 2089 2110 Opor-

122 2125 187 2162 tet
210 2116 347 2176 igitur
365 2129 537 2176 ponere
564 2116 721 2161 omnia
737 2116 1006 2175 hujusmodi
1030 2116 1296 2161 immediate
1322 2130 1349 2160 a
1375 2117 1479 2161 Deo
1496 2117 1744 2175 sumpsisse
1763 2117 1833 2161 sui
1855 2130 1954 2161 esse
1971 2116 2088 2176 prin-

0 2239 1 2248 7
120 2183 308 2243 ¹cipium.

212 2250 331 2295 Hinc
357 2258 425 2295 est
451 2249 573 2310 quod
600 2249 764 2294 dicitur
791 2250 983 2308 (Genes.
1010 2250 1043 2295 1.
1077 2250 1164 2309 1.):
1195 2251 1246 2296 In
1272 2252 1490 2311 principio
1523 2252 1683 2296 creavit
1713 2251 1830 2296 Deus
1861 2250 2017 2296 coelum
2050 2257 2086 2296 et

119 2315 309 2370 terram;
336 2327 381 2361 et
405 2316 509 2377 (Job
536 2316 771 2361 XXXVII.
800 2317 912 2375 18.):
950 2319 1014 2362 Tu
1038 2318 1221 2376 forsitan
1247 2333 1340 2364 cum
1366 2333 1411 2363 eo
1433 2318 1673 2377 fabricatus
1697 2333 1736 2363 es
1761 2318 1904 2374 coeios,
1927 2320 2001 2378 qui
2025 2333 2085 2363 so-

121 2379 314 2431 lidissimi
338 2386 456 2444 quasi
477 2398 570 2430 aere
586 2384 763 2443 fundati
786 2386 914 2431 sunt?

211 2451 474 2496 Excluditur
500 2463 654 2496 autem
682 2467 736 2497 ex
762 2452 1004 2512 praedictis
1031 2452 1188 2512 opinio
1216 2452 1497 2507 Avicennae,
1525 2453 1603 2512 qui
1629 2453 1738 2497 dicit
1764 2454 1823 2511 (c.
1850 2454 1930 2511 4.),
1963 2453 2085 2512 quod

42 2515 43 2518 ’
121 2516 248 2564 Deus
272 2517 531 2578 intelligens
557 2533 606 2564 se
631 2520 844 2579 produxit
868 2534 1009 2564 unam
1034 2519 1384 2579 intelligentiam
1402 2519 1614 2580 primam,
1632 2520 1678 2563 in
1695 2535 1783 2579 qua
1801 2522 1896 2580 iam
1920 2530 1987 2565 est
2008 2534 2087 2580 po-

15 2570 48 2637 ss*
119 2585 262 2631 tentia
288 2595 333 2630 et
354 2595 494 2640 actus,
522 2600 638 2645 quae
663 2586 709 2630 in
737 2597 957 2646 quantum
984 2586 1197 2646 intelligit
1225 2587 1390 2641 Deum,
1412 2587 1623 2645 producit
1647 2586 1996 2646 intelligentiam
2022 2601 2086 2632 se-

121 2652 344 2708 cundam3
370 2652 418 2696 in
444 2662 665 2712 quantum
691 2667 802 2700 vero
824 2653 1038 2712 intelligit
1063 2668 1111 2698 se
1138 2654 1391 2698 secundum
1419 2654 1540 2713 quod
1567 2663 1635 2698 est
1659 2654 1706 2697 in
1730 2664 1848 2708 actu,
1874 2654 2086 2713 producit

123 2717 327 2764 animam
353 2719 499 2774 orbis3
525 2720 572 2764 in
598 2730 820 2780 quantum
846 2735 956 2765 vero
983 2720 1195 2780 intelligit
1219 2735 1267 2766 se
1289 2722 1542 2766 secundum
1565 2722 1687 2781 quod
1710 2731 1778 2766 est
1802 2722 1848 2765 in
1866 2722 2083 2781 potentia,

120 2784 332 2845 producit
355 2787 652 2831 substantiam
675 2787 797 2832 orbis
821 2787 976 2847 primi3
1003 2797 1049 2832 et
1073 2788 1137 2833 sic
1164 2788 1268 2832 inde
1294 2788 1562 2847 procedens,
1596 2780 1903 2833 diversitatem
1930 2803 2083 2834 rerum

121 2852 311 2898 instituit
341 2867 421 2913 per
446 2867 605 2898 causas
631 2854 870 2899 secundas.

48 2919 49 2923 ’
210 2918 473 2965 Excluditur
497 2921 636 2965 etiam
677 2921 835 2980 opinio
873 2921 1179 2981 quorumdam
1212 2921 1503 2981 antiquorum
1529 2922 1883 2978 haereticorum,
1916 2922 1994 2982 qui
2020 2922 2083 2967 di-

117 2985 283 3032 cebant
306 2987 459 3032 Deum
484 3001 577 3032 non
606 3001 783 3032 creasse
809 2988 1046 3043 mundum,
1073 2988 1151 3033 sed
1179 2988 1392 3048 angelos3
1420 2989 1546 3048 cujus
1565 2992 1730 3035 erroris
1748 2990 1911 3034 dicitur
1931 2990 2081 3050 primo

119 3052 257 3099 fuisse
284 3052 447 3099 Simon
473 3068 636 3114 magus
658 3054 882 3101 inventor.

846 3204 1100 3260 CAPUT
1147 3205 1352 3260 XLIII.

23 3307 53 3400 s*
122 3319 320 3384 Quon
382 3337 836 3377 n18T1Nc‘r10
882 3339 1117 3378 RERUM
1172 3340 1317 3380 NON
1369 3339 1498 3377 EST
1559 3339 1680 3379 PER
1741 3329 2081 3380 A'NGELUM

6 3405 18 3422 ”
414 3408 779 3453 mDUCENTEM
817 3413 874 3453 m
914 3413 1201 3453 MATERIAM
1240 3414 1502 3453 D1VERsAs
1544 3413 1777 3453 FORMAS.

209 3517 326 3565 Sunt
350 3529 503 3565 autem
529 3520 716 3580 quidam
749 3521 958 3566 moderni
982 3522 1201 3567 haeretici
1227 3522 1304 3582 qui
1330 3522 1485 3567 dicunt
1509 3522 1664 3581 Deum
1697 3523 1907 3568 omniurn
1932 3524 2079 3569 visibi-

117 3582 232 3630 lium
258 3600 436 3632 creasse
461 3587 714 3644 materiam,
742 3588 819 3633 sed
844 3603 926 3648 per
952 3587 1152 3648 aliquem
1178 3589 1394 3648 angelum
1420 3603 1500 3648 per
1525 3590 1724 3635 diversas
1749 3590 1921 3637 formas
1939 3591 2078 3637 fuisse
