2332 3854
799 253 954 294 LIBER
991 252 1048 292 11.
1090 251 1210 292 CAP.
1251 249 1401 290 Lxm.
1975 250 2080 305 209

152 384 154 388 ,
222 359 472 406 Ostensum
498 366 567 402 est
591 356 716 401 enim
741 370 876 416 supra
907 355 1030 415 quod
1057 354 1263 415 operatio
1297 353 1476 399 animae
1502 350 1769 411 vegetabilis
1801 361 1847 397 et
1873 352 2080 410 cognitio

129 426 347 475 sensitiva
370 423 548 469 excedit
575 423 790 467 virtutem
823 423 1093 482 qualitatum
1132 422 1383 467 activarum
1425 430 1471 465 et
1505 419 1814 480 passivarum;
1859 429 1905 464 et
1939 418 2086 464 multo

131 492 280 552 magis
304 490 510 551 operatio
534 489 807 534 intellectus.
835 489 1114 549 Complexio
1142 499 1296 534 autem
1313 495 1524 533 causatur
1541 500 1595 532 ex
1612 485 1903 546 qualitatibus
1925 486 2084 530 activis

133 567 179 604 et
196 557 399 619 passivis.
415 556 522 601 Non
544 565 695 616 potest
710 555 848 615 igitur
865 556 1124 614 complexio
1143 570 1241 601 esse
1258 554 1531 615 principium
1549 553 1871 613 operationum
1891 553 2085 597 animae.

132 625 267 671 Unde
291 623 575 684 impossibile
602 633 670 668 est
695 623 818 682 quod
846 622 998 682 aliqua
1026 623 1178 667 anima
1205 623 1266 667 sit
1288 621 1563 682 complexio.

220 690 409 736 Adhuc:
439 689 700 749 complexio
728 703 869 748 quum
896 689 953 734 sit
977 689 1209 749 quoddam
1232 691 1530 735 constitutum
1557 703 1612 733 ex
1639 687 1875 733 contrariis
1897 687 2086 747 qualita-

129 757 263 814 tibus,
288 758 417 818 quasi
443 757 645 802 medium
676 757 793 801 inter
819 770 909 810 eas,
935 756 1217 814 impossibile
1246 766 1313 800 est
1338 756 1459 815 quod
1487 756 1544 800 sit
1573 755 1722 800 forma
1753 754 2085 808 substantialis;

132 837 241 871 nam
266 824 541 870 substantiae
572 823 688 868 nihil
714 831 781 869 est
808 823 1103 877 contrarium,
1130 837 1214 867 nec
1248 824 1436 882 suscipit
1467 823 1616 882 magis
1650 832 1695 868 et
1720 822 1884 867 minus.
1918 821 2089 865 Anima

133 901 287 937 autem
309 901 377 936 est
413 891 561 935 forma
595 890 903 936 substantialis
935 902 980 934 et
1010 904 1104 934 non
1148 890 1464 944 accidentalis;
1500 890 1610 934 alias
1637 904 1716 949 per
1758 889 1962 933 animam
1993 901 2087 932 non

132 959 368 1005 sortiretur
392 958 560 1017 aliquid
588 971 731 1016 genus
757 956 830 1002 vel
855 957 1071 1016 speciem.
1099 957 1270 1001 Anima
1295 957 1433 1015 igitur
1459 970 1552 1001 non
1581 967 1648 1001 est
1669 955 1944 1016 complexio.

169 1055 173 1059 ,
223 1025 412 1071 Adhuc:
439 1024 698 1083 complexio
715 1038 810 1068 non
827 1034 983 1068 movet
1027 1038 1193 1082 corpus
1226 1022 1434 1068 animalis
1459 1034 1588 1068 motu
1630 1021 1794 1077 locali;
1826 1031 2091 1082 sequeretur

133 1093 255 1138 enim
288 1102 477 1136 motum·
508 1091 801 1145 dominantis,
828 1100 872 1135 et
916 1091 980 1135 sic
1016 1105 1197 1150 semper
1235 1091 1449 1135 deorsum
1484 1090 1687 1134 ferretur.
1723 1089 1894 1134 Anima
1936 1098 2090 1133 autem

65 1149 70 1156 ’
134 1168 292 1204 movet
314 1158 487 1203 animal
511 1158 557 1202 in
585 1168 772 1202 omnem
800 1167 993 1216 partem.
1019 1158 1127 1202 Non
1155 1167 1222 1201 est
1247 1157 1386 1216 igitur
1418 1157 1572 1201 anima
1599 1156 1873 1216 complexio.

212 1225 447 1285 Amplius:
474 1225 627 1269 anima
652 1226 767 1284 regit
793 1238 959 1283 corpus
976 1234 1020 1269 et
1041 1222 1263 1283 repugnat
1279 1224 1566 1283 passionibus
1584 1237 1700 1283 quae
1719 1222 2091 1283 complexionem

131 1302 410 1352 sequuntur}
437 1305 492 1336 ex
517 1291 840 1351 complexione
867 1291 990 1336 enim
1017 1290 1157 1350 aliqui
1182 1301 1286 1335 sunt
1311 1291 1461 1350 magis
1486 1291 1585 1336 aliis
1612 1291 1668 1335 ad
1696 1290 2092 1350 concupiscentias

131 1359 209 1406 vel
237 1361 326 1405 iras
351 1359 468 1419 apti;
494 1359 572 1419 qui
595 1368 751 1403 tamen
777 1358 924 1417 magis
951 1358 1006 1402 ab
1040 1358 1104 1402 eis
1131 1358 1369 1413 abstinent,
1396 1368 1580 1418 propter
1612 1357 1780 1418 aliquid
1814 1356 2088 1411 refraenans,

131 1436 184 1473 ut
204 1435 331 1486 patet
353 1426 401 1470 in
426 1426 778 1472 continentibus.
806 1426 908 1470 Hoc
942 1434 1096 1470 autem
1131 1438 1226 1469 non
1260 1423 1370 1469 facit
1402 1424 1677 1485 complexio.
1713 1425 1820 1469 Non
1853 1434 1921 1469 est
1952 1425 2090 1484 igitur

135 1494 290 1539 anima
315 1493 586 1553 complexio.

38 1601 46 1622 ς
220 1561 452 1621 Deceptus
479 1570 632 1605 autem
657 1559 795 1605 fuisse
825 1558 1005 1604 videtur
1037 1558 1241 1604 Galenus
1275 1573 1327 1603 ex
1359 1559 1467 1614 hoc,
1494 1560 1618 1619 quod
1654 1573 1749 1604 non
1786 1558 2092 1604 consideravit

136 1627 269 1673 aliter
292 1628 529 1687 passiones
554 1627 734 1672 attribui
761 1626 1071 1686 complexioni
1096 1636 1141 1670 et
1167 1624 1296 1670 aliter
1318 1628 1513 1671 animae.
1542 1626 1867 1686 Complexioni
1893 1639 2094 1685 namque

136 1694 438 1740 attribuuntur
462 1695 578 1739 sicut
603 1694 876 1754 disponenti,
903 1704 948 1738 et
973 1703 1194 1753 quantum
1222 1692 1276 1736 ad
1304 1692 1348 1737 id
1377 1693 1499 1752 quod
1537 1704 1606 1738 est
1640 1693 1878 1738 materiale
1906 1695 1953 1737 in
1979 1707 2093 1752 pas—

46 1805 53 1822 Ι,
135 1761 354 1817 sionibus,
378 1762 496 1807 sicut
526 1761 678 1806 fervor
709 1761 940 1820 sanguinis
968 1770 1013 1805 et
1028 1760 1318 1819 hujusmodi3
1346 1760 1526 1806 animae
1546 1770 1716 1815 autem,
1733 1770 1953 1820 tanquam
1976 1759 2094 1819 prin-

61 1870 75 1885 ς
135 1828 271 1889 cipali
285 1843 464 1883 causae,
491 1843 546 1874 ex
571 1838 697 1889 parte
723 1830 820 1887 ejus
846 1827 969 1888 quod
996 1838 1065 1872 est
1089 1827 1136 1871 in
1162 1827 1449 1886 passionibus
1476 1827 1687 1882 formale,
1713 1828 1831 1873 sicut
1855 1828 1903 1872 in
1927 1827 1994 1871 ira
2018 1840 2091 1885 ap-

54 1895 60 1924 ³=
135 1896 300 1957 petitus
323 1896 566 1941 vindictae.

866 2050 1121 2107 CAPUT
1162 2051 1364 2107 LXIV.

613 2187 772 2234 QUOD
814 2187 987 2226 ANIMA
1026 2188 1144 2227 NON
1185 2188 1270 2226 SIT
1305 2187 1612 2228 HARMONIA.

152 2332 155 2334 -
225 2297 398 2343 Similis
424 2307 578 2343 autem
604 2298 863 2375 praedictae
888 2299 1107 2359 positioni
1146 2308 1214 2343 est
1254 2299 1422 2358 positio
1459 2298 1709 2342 dicentium
1751 2298 1952 2343 animam
1990 2312 2089 2343 esse

104 2347 440 2426 ςῖέὶιιηηοηίαῐη.
467 2365 574 2409 Νοη
601 2366 725 2410 enim
751 2365 1069 2410 intellexerunt
1088 2366 1291 2409 animam
1309 2380 1407 2410 esse
1433 2366 1727 2409 harmoniam
1755 2379 1991 2419 sonorum,
2015 2366 2093 2410 sed

107 2432 467 2479 contrariorum
498 2445 553 2476 ex
578 2432 740 2491 quibus
765 2432 981 2477 videbant
1006 2433 1227 2492 componi
1259 2447 1454 2492 corpora
1487 2433 1703 2477 animata.
1735 2432 1870 2485 Quae
1903 2432 2089 2491 quidem

105 2499 292 2563 bptmo
302 2486 364 2543 m
389 2499 540 2559 primo
565 2499 637 2544 De
664 2500 818 2544 anima
845 2500 897 2558 (t.
925 2515 962 2544 c.
996 2502 1084 2558 54.)
1111 2500 1288 2544 videtur
1307 2500 1488 2544 attribui
1520 2499 1818 2559 Empedocli;
1844 2499 2096 2558 Gregorius

109 2565 290 2625 {etitem
322 2566 558 2626 Nyssenus
585 2567 809 2624 (secundo
835 2567 907 2611 De
934 2567 1051 2612 Phil.
1077 2581 1114 2611 c.
1147 2568 1206 2626 3.)
1242 2568 1443 2611 attribuit
1474 2581 1577 2610 eam
1607 2566 1862 2611 Dinarcho.
1890 2566 2025 2611 Unde
2053 2577 2098 2611 et

49 2652 58 2663 ⁹
117 2632 418 2693 {improbatur
447 2633 565 2678 sicut
590 2644 636 2678 et
659 2634 953 2693 praecedens,
980 2645 1024 2680 et
1053 2634 1199 2678 adhuc
1228 2635 1420 2693 propriis
1447 2634 1713 2679 rationibus.

226 2698 383 2746 Omne
400 2701 523 2745 enim
541 2715 706 2760 corpus
723 2702 918 2745 mixtum
933 2701 1227 2746 harmoniam
1248 2702 1387 2746 habet
1409 2710 1452 2745 et
1470 2701 1867 2760 complexionem3
1889 2715 1974 2746 nec
1996 2701 2098 2745 har-

90 2762 296 2814 &monia
330 2776 480 2827 potest
511 2782 697 2812 movere
732 2782 896 2827 corpus
930 2778 1006 2813 aut
1040 2783 1197 2827 regere
1230 2769 1381 2827 ipsum
1414 2768 1490 2813 vel
1523 2782 1780 2826 repugnare
1807 2769 2095 2827 passionibus

100 2886 101 2889 Ἰ
121 2830 256 2879 ωεστ
279 2842 325 2879 et
349 2834 634 2894 complexio3
660 2835 906 2879 intenditur
948 2835 1087 2879 etiam
1114 2845 1159 2879 et
1193 2835 1450 2889 remittitur,
1488 2835 1605 2879 sicut
1641 2845 1686 2879 et
1723 2835 1998 2893 complexio.
2033 2835 2099 2880 Ex

107 2899 299 2963 quibus
323 2901 536 2947 omnibus
563 2901 816 2946 ostenditur
848 2902 969 2961 quod
1004 2902 1157 2947 anima
1192 2916 1287 2946 non
1324 2903 1381 2947 sit
1412 2902 1669 2956 harmonia,
1709 2902 1825 2946 sicut
1857 2916 1942 2946 nec
1975 2916 2099 2947 com·

98 3000 113 3015 η.
114 2964 305 3027 plexio.

95 3028 126 3084 I'
226 3033 421 3080 Adhuc:
455 3035 570 3079 ratio
602 3035 872 3079 harmoniae
907 3036 1053 3093 magis
1093 3037 1306 3080 convenit
1342 3022 1632 3095 qualitatibus
1666 3036 1932 3095 corporibus
1959 3050 2098 3096 quam

100 3099 124 3149 -ἑ
137 3099 346 3156 animae3
377 3115 487 3146 nam
511 3101 682 3147 sanitas
703 3112 772 3147 est
793 3102 1018 3161 quaedam
1043 3103 1286 3146 harmonia
1312 3103 1578 3158 humorum,
1609 3103 1828 3147 fortitudo
1850 3117 2098 3148 nervorum
2173 3106 2176 3109 ’

100 3175 120 3209 :³-
118 3169 188 3215 η
209 3166 398 3222 ossium,
428 3167 685 3226 pulcritudo
711 3169 1026 3214 membrorum
1059 3178 1102 3213 et
1125 3169 1348 3213 colorum.
1381 3170 1488 3214 Non
1522 3180 1675 3214 autem
1698 3179 1848 3229 potest
1879 3166 2101 3230 assignari

58 3286 65 3293 ,ς
110 3222 344 3293 &qualium
370 3235 614 3279 harmonia
639 3236 696 3280 sit
721 3249 878 3280 sensus
906 3246 981 3280 aut
1006 3235 1263 3280 intellectus
1291 3246 1334 3281 et
1361 3246 1510 3281 cetera
1534 3251 1650 3296 quae
1689 3237 1744 3281 ad
1783 3237 1984 3281 animam
2006 3251 2102 3297 per-

54 3294 69 3303 *
104 3292 298 3346 Ainent.
323 3300 431 3346 Non
463 3310 531 3345 est
555 3301 692 3360 igitur
718 3302 871 3346 anima
902 3303 1157 3348 harmonia.

109 3368 194 3430 ξ
231 3366 464 3426 Amplius.
491 3367 735 3412 harmonia
761 3369 925 3414 dicitur
951 3369 1212 3429 dupliciter.
1243 3383 1335 3414 uno
1364 3370 1521 3424 mod0,
1549 3370 1646 3429 ipsa
1672 3371 1975 3430 compositio;
2009 3371 2099 3417 alio

151 3431 300 3488 σεῖο,
324 3434 440 3479 ratio
463 3434 826 3494 compositionis.
850 3435 1020 3480 Anima
1043 3447 1197 3481 autem
1220 3450 1312 3480 non
1341 3446 1409 3480 est
1430 3437 1722 3496 compositio,
1745 3438 1849 3497 quia
1869 3449 2100 3498 oporteret

237 3498 579 3560 dunaquaeque
596 3514 698 3559 pars
715 3501 896 3547 animae
919 3513 1039 3547 esset
1066 3504 1340 3562 compositio
1361 3503 1617 3562 aliquarum
1642 3504 1839 3563 partium
1864 3506 2098 3566 corporis;

206 3563 269 3612 οδ·
288 3577 386 3611 non
410 3576 480 3612 est
504 3566 749 3626 assignare.
777 3567 998 3614 Similiter
1022 3583 1117 3614 non
1144 3579 1212 3614 est
1248 3571 1363 3614 ratio
1403 3570 1768 3629 compositionis,
1801 3571 1921 3631 quia,
1958 3586 2099 3632 quum

217 3628 404 3677 diversis
428 3633 627 3693 partibus
653 3634 858 3693 corporis
884 3635 973 3680 sint
999 3636 1202 3681 diversae
1229 3636 1427 3683 rationes
1455 3651 1534 3683 seu
1562 3639 1882 3698 proportiones
1910 3652 2097 3700 compo-

288 3732 324 3768 S.
350 3731 505 3769 Τηοκιε
530 3735 664 3770 Summa
688 3742 798 3771 cont-m
824 3736 980 3774 Gentiles.
1933 3753 1969 3785 14
