2294 3854
769 210 922 250 ιιιιιιιι
962 210 1411 250 1v.cAP.‘1„xxxt.
1972 198 2075 268 689

57 327 74 379 ‘j'
127 311 311 372 absqfle
327 321 381 355 ea
408 310 621 355 effectum
655 320 841 355 naturae
863 313 1111 372 producere
1134 322 1296 373 potest,
1335 323 1383 358 ut
1422 313 1627 373 superius
1660 313 1778 370 (Lib.
1805 314 1882 358 111.
1911 329 1949 360 c.
1982 314 2077 375 99.)

123 376 361 424 ostensum
379 385 470 421 est:
509 377 628 421 unde
647 390 750 421 cum
775 379 914 422 virtus
940 378 1091 424 divina
1116 389 1300 424 maneat
1316 380 1493 434 eadem,
1514 380 1652 425 etiam
1678 381 1810 425 rebus
1836 382 2072 440 corruptis,

0 460 1 470 ¹
51 477 65 516 3
120 444 282 542 potem
296 440 507 502 corrupta
533 442 580 486 in
606 442 834 502 integrum
857 458 1080 503 reparare.
1466 463 1478 473 ·

201 509 357 565 Quod
377 523 488 554 vero
520 510 721 554 secundo
746 510 1056 568 objiciebatur,
1083 513 1301 571 impedire
1326 526 1421 557 non
1454 522 1605 573 potest
1636 513 1744 573 quin
1774 513 1919 558 homo
1956 515 2076 559 idem

124 576 317 623 n't‘rmero
342 582 577 635 resurgere
615 577 770 635 possit.
808 576 998 621 Nullum
1032 579 1152 622 enirn
1180 580 1505 638 principiorum
1538 579 1847 624 essentialium
1877 581 2078 625 hominis

35 644 54 670 ²
121 643 217 703 pe'r
212 647 421 688 mortem
447 642 638 686 omnino
661 642 813 686 cedit
802 657 847 686 m
875 643 1089 687 nihilum:
1114 659 1220 689 nam
1250 648 1401 690 anima
1428 646 1677 701 rationalis,
1702 659 1819 706 quae
1845 657 1913 691 est
1929 646 2077 691 forma

123 709 340 764 hominis,
372 718 528 753 manet
547 718 651 767 post
671 718 883 763 mortem,
911 720 959 754 ut
984 711 1186 769 superius
1215 712 1333 768 (Lib.
1361 713 1415 756 II.
1435 726 1473 756 c.
1493 714 1584 771 79.)
1613 722 1680 757 est
1706 722 1962 758 ostensum:
1987 727 2080 758 ma-

43 801 53 810 -
121 776 235 822 teria
261 776 399 821 etiam
424 784 594 832 manet,
620 788 735 834 quae
761 775 841 819 tali
865 775 1037 820 formae
1063 776 1144 820 fuit
1166 778 1382 835 subjecta,
1408 778 1489 822 sub
1513 779 1869 824 dimensionibus
1891 779 2076 835 eisdem,

123 841 179 898 eit
202 842 364 903 quibus
389 842 585 887 habebat
610 850 660 885 ut
686 851 803 900 esset
828 842 1116 886 individualis
1150 845 1351 888 materia.
1377 845 1439 888 Ex
1465 846 1787 903 conjunctione
1819 846 1955 905 igitur
1967 847 2079 904 eius-

123 908 443 955 dem-,animae
468 921 661 952 numero
689 907 744 951 ad
787 908 997 952 eamdem
1030 910 1268 953 materiam
1310 925 1519 965 numero,
1552 912 1696 956 homo
1729 926 1845 956 unus
1882 925 2076 957 numero

32 997 53 1017 :
90 1001 95 1008 -
120 970 413 1036 reparabitur.
433 974 731 1033 Corporeitas
754 984 906 1019 autern
923 975 1161 1033 dupliciter
1187 978 1331 1035 accipi
1346 988 1508 1036 potest.
1528 978 1635 1022 Uno
1661 979 1804 1023 modo
1825 975 2077 1023 secundum

118 1042 246 1104 quod
266 1043 340 1086 'e'st
353 1041 504 1086 forma
520 1040 823 1094 substantialis
842 1043 1072 1101 corporis3
1094 1053 1227 1100 prout
1252 1045 1296 1087 in
1316 1058 1480 1102 genere
1498 1045 1774 1089 substantiae
1802 1045 2076 1090 collocatur:

118 1107 275 1155 eheie
294 1107 575 1167 corporeitas
599 1108 945 1185 cujuscumque.
948 1109 1152 1167 corporis
1170 1110 1282 1153 nihil
1310 1120 1376 1154 est
1400 1110 1518 1154 aliud
1546 1125 1683 1170 quam
1706 1111 1855 1156 forma
1877 1112 2077 1156 substan-

59 1186 61 1188 ’
114 1172 243 1233 fiilis
278 1171 377 1234 ejus
399 1175 651 1220 secundum
685 1189 823 1233 quam
849 1175 895 1219 in
923 1189 1090 1234 genere
1124 1186 1168 1220 et
1194 1176 1344 1235 specie
1376 1177 1653 1232 collocatur;
1687 1192 1740 1222 ex
1775 1193 1864 1238 qua
1891 1177 2077 1223 debetur

45 1271 50 1279 „
115 1240 189 1288 “rei
220 1229 447 1316 'corporali
480 1241 601 1301 q'uod
617 1240 783 1299 habeat
808 1251 898 1285 tres
926 1242 1247 1288 dimensiones.
1274 1243 1380 1287 Non
1399 1244 1522 1287 enim
1545 1254 1648 1289 ειιιιι
1673 1245 1878 1290 diversae
1897 1244 2074 1290 formae

118 1301 436 1355 ”substantiales
470 1307 517 1352 in
549 1321 643 1351 uno
675 1317 720 1351 et
745 1308 927 1363 eodem,
958 1322 1038 1367 per
1071 1323 1262 1384 quarum
1296 1323 1436 1353 unam
1462 1310 1715 1356 collocatur
1741 1312 1787 1355 in
1815 1325 1981 1370 genere
2008 1325 2077 1355 su-

116 1369 296 1436 ’ρι-ειιιὸς
307 1376 426 1446 puta
447 1374 738 1428 substantiae,
760 1383 805 1418 et
829 1387 909 1432 per
931 1374 1096 1418 aliam
1085 1389 1130 1418 ιιι
1158 1388 1322 1451 genere
1349 1376 1573 1433 proximo,
1595 1386 1702 1435 puta
1720 1378 1765 1420 in
1792 1390 1958 1436 genere
1981 1391 2078 1422 cor-

117 1437 317 1520 ⁴libralis,
323 1435 411 1487 vel
443 1439 667 1496 animalis,
695 1449 739 1486 et
768 1455 849 1500 per
873 1440 1049 1486 aliam
1038 1456 1083 1485 ιιι
1110 1442 1274 1500 specie,
1306 1452 1415 1500 puta
1439 1442 1656 1498 hominis,
1688 1453 1765 1488 aut
1795 1444 1922 1502 equi3
1955 1443 2075 1502 quia,

119 1506 163 1555 si.
183 1508 330 1570 prima
359 1507 511 1554 forma
541 1508 711 1553 faceret
743 1521 842 1552 esse
868 1508 1182 1562 substantiam,
1215 1518 1454 1566 sequentes
1486 1508 1660 1553 formae
1687 1510 1781 1568 jam
1808 1509 2075 1554 advenirent

120 1569 164 1621 ei
187 1574 310 1644 quod
342 1572 411 1620 est
429 1575 522 1619 hoc
555 1573 724 1634 aliquid
755 1574 803 1618 in
835 1584 954 1628 actu,
988 1584 1032 1618 et
1063 1574 1308 1618 subsistens
1341 1575 1387 1618 in
1419 1584 1603 1628 natura3
1631 1585 1674 1619 et
1706 1576 1770 1620 sic
1798 1576 2072 1634 posteriores

119 1638 306 1687 formae
328 1652 422 1686 non
446 1641 649 1685 facerent
678 1640 770 1685 hoc
803 1640 987 1699 aliquid,
1014 1641 1092 1684 sed
1125 1650 1275 1684 essent
1305 1641 1352 1683 in
1378 1641 1597 1699 subjecto,
1616 1641 1737 1718 quod
1770 1651 1838 1686 est
1867 1642 1959 1685 hoc
1997 1641 2074 1685 ali-

118 1707 247 1769 quid,
279 1708 396 1754 sicut
420 1707 596 1752 formae
623 1706 942 1751 accidentales.
972 1707 1170 1766 Oportet
1200 1707 1338 1765 igitur
1370 1707 1491 1766 quod
1525 1707 1818 1765 corporeitas,
1848 1717 1983 1766 prout
2009 1719 2075 1752 est

118 1771 268 1824 fo'rrna
308 1774 613 1820 substantialis
644 1774 692 1818 in
716 1773 922 1828 homine,
953 1787 1048 1818 non
1080 1774 1136 1818 sit
1169 1773 1291 1817 aliud
1325 1788 1458 1832 quarn
1496 1775 1648 1818 anima
1681 1774 1929 1830 rationalis,
1959 1789 2075 1834 quae

116 1842 166 1887 in
203 1853 285 1886 sua
324 1841 514 1886 materia
543 1841 635 1885 hoc
662 1840 848 1899 requirit
872 1840 1000 1899 quod
1023 1840 1190 1884 habeat
1214 1850 1304 1884 tres
1337 1839 1671 1895 dimensiones;
1704 1851 1771 1884 est
1793 1841 1914 1884 enim
1948 1851 2074 1885 actus

122 1902 326 1970 corporis
357 1908 560 1968 alicujus.
587 1906 696 1952 Alio
723 1907 864 1951 modo
899 1907 1119 1967 accipitur
1153 1907 1430 1966 corporeitas
1462 1917 1597 1966 prout
1614 1918 1681 1951 est
1698 1906 1846 1951 forma
1873 1908 2076 1951 acciden-

116 1975 235 2031 talis,
249 1972 508 2021 ‘secundum
534 1981 677 2034 quam?
705 1974 868 2018 dicitur
901 1988 1065 2034 corpus
1091 1988 1189 2018 esse
1221 1975 1266 2017 in
1301 1988 1467 2032 genere
1494 1974 1780 2032 quantitatis;
1808 1983 1852 2018 et
1883 1974 1947 2018 sic
1980 1987 2077 2018 cor-

114 2044 314 2103 poreitas
344 2041 459 2086 nihil
486 2040 607 2085 aliud
641 2051 709 2085 est
734 2054 872 2100 quam
904 2050 994 2084 tres
1021 2041 1329 2084 dimensiones
1356 2054 1471 2099 quae
1496 2041 1698 2099 corporis
1720 2041 1945 2084 rationem
1969 2054 2073 2084 con-

116 2111 320 2162 εἰίιιιιιιιι.
352 2106 448 2152 Etsi
489 2107 641 2166 igitur
666 2108 781 2151 haec
825 2107 1104 2169 corporeitas
1146 2107 1193 2151 in
1234 2107 1430 2150 nihilum
1474 2108 1605 2160 cedit,
1639 2121 1831 2166 corpore
1866 2107 2071 2151 humano

114 2169 344 2244 cpfrup'to,
375 2185 531 2220 tamen
556 2174 777 2232 impedire
803 2187 898 2218 non
930 2183 1079 2232 potest
1104 2174 1213 2232 quin
1238 2174 1359 2216 idem
1394 2187 1587 2217 nurnero
1619 2183 1838 2231 resurgat,
1860 2186 1916 2217 eo
1943 2173 2065 2231 quod

116 2234 397 2319 cffioffltas
421 2241 565 2285 modo
591 2241 739 2299 primo
766 2239 887 2284 dicta
913 2254 1007 2285 non
1033 2240 1080 2284 in
1111 2240 1307 2284 nihilum
1341 2240 1473 2291 cedit,
1506 2240 1586 2284 sed
1613 2240 1773 2284 eadem
1806 2250 1973 2283 manet.
2009 2239 2074 2283 Si-

114 2302 297 2355 mffi't'et‘
306 2308 445 2354 etiam
459 2306 610 2352 forma
636 2307 765 2352 mixti
786 2307 1026 2366 dupliciter
1044 2307 1189 2366 accipi
1215 2316 1378 2383 potest.
1398 2307 1504 2350 Uno
1532 2306 1674 2350 modo
1701 2316 1750 2349 ut
1774 2319 1853 2364 per
1873 2305 2071 2349 formam

109 2372 245 2421 mixti
273 2373 552 2434 intelligatur
575 2373 725 2429 forma
756 2373 1063 2418 substantialis
1095 2374 1299 2432 corporis
1325 2373 1477 2426 mixti;
1510 2382 1555 2416 et
1581 2373 1644 2416 sic
1673 2387 1777 2416 cum
1808 2372 1855 2415 in
1881 2372 2070 2415 homine

113 2455 208 2489 nou
247 2442 305 2488 sit
336 2441 423 2513 alia
463 2440 613 2486 forma
645 2440 951 2485 substantialis
993 2454 1132 2499 quarn
1165 2440 1317 2484 anima
1359 2439 1608 2492 rationalis,
1647 2449 1696 2482 ut
1739 2449 1972 2483 ostensum
2005 2448 2073 2483 est

114 2501 236 2571 (Lib.
261 2504 318 2552 n.
345 2521 384 2552 c.
390 2500 476 2566 57.
478 2507 514 2564 ),
535 2520 621 2551 nec
647 2508 814 2567 poterit
839 2507 926 2551 dici
954 2507 1078 2566 quod
1103 2506 1251 2551 forma
1274 2507 1417 2560 mixti,
1444 2516 1578 2564 prout
1603 2515 1671 2550 est
1696 2505 1844 2548 forma
1866 2505 2070 2549 substan-

113 2568 248 2629 ualis,
278 2569 478 2619 lte-mine
493 2573 727 2618 moriente
753 2573 884 2618 cedat
914 2573 961 2617 in
997 2573 1207 2617 nihilum.
1241 2573 1349 2617 Alio
1382 2573 1523 2616 modo
1566 2573 1727 2615 dicitur
1758 2571 1906 2614 forma
1943 2571 2072 2615 mixti

114 2640 309 2704 qualitas
339 2641 566 2700 quaedam
590 2641 863 2700 composita,
895 2651 940 2684 et
966 2649 1309 2699 contemperata
1342 2654 1396 2683 ex
1421 2640 1638 2682 mixtione
1666 2637 1942 2715 simplicium
1965 2650 2070 2696 qua-

112 2708 307 2763 litatum,
338 2721 454 2767 quae
475 2708 537 2751 ita
560 2721 607 2752 se
628 2707 795 2752 habeat
817 2707 873 2750 ad
905 2706 1104 2750 formam
1138 2706 1480 2750 substantialem
1499 2705 1703 2779 corporis
1726 2704 1852 2747 mixti
1879 2704 1994 2748 sicut
2019 2716 2068 2748 se

112 2770 251 2819 habet
280 2773 472 2834 qualitas
509 2773 699 2833 simplex
733 2773 788 2817 ad
820 2772 1019 2817 formam
1052 2772 1395 2817 substantialem
1430 2771 1632 2830 corporis
1673 2769 1904 2828 simplicis.
1933 2769 2067 2814 Unde

113 2841 153 2886 si
180 2839 332 2885 forma
362 2840 595 2885 mixtionis
620 2841 684 2884 sic
712 2840 868 2884 dicta’
857 2855 903 2884 ιιι
935 2840 1131 2883 nihilum
1171 2839 1315 2892 cedat,
1347 2852 1441 2882 non
1468 2837 1748 2896 praejudicat
1779 2836 1936 2880 unitati
1973 2849 2068 2880 cor-

112 2906 235 2968 poris
267 2907 556 2966 resurgentis.
585 2906 660 2951 Sic
688 2907 825 2951 etiam
858 2906 1104 2951 dicendum
1138 2916 1206 2950 est
1232 2916 1275 2949 et
1308 2905 1362 2948 de
1389 2915 1514 2963 parte
1542 2903 1756 2946 nutritiva
1773 2912 1818 2946 et
1839 2902 2065 2947 sensitiva.

115 2971 174 3036 Si·v
195 2970 318 3018 enim
344 2988 426 3033 per
465 2979 643 3032 partem
675 2973 938 3018 sensitivam
964 2984 1009 3018 et
1033 2973 1295 3017 nutritivam
1322 2970 1631 3028 intelligantur
1662 2969 1786 3027 ipsae
1821 2968 2066 3027 potentiae,

114 3038 230 3100 quae
253 3049 361 3085 sunt
384 3039 683 3099 proprietates
699 3040 929 3084 naturales
956 3040 1150 3092 animae,
1178 3039 1251 3081 vel
1268 3038 1414 3094 magis
1444 3036 1703 3094 compositi,
1730 3044 1944 3093 corrupto
1971 3048 2067 3079 cor-

112 3109 616 3167 pore‘corrumpuntur3
648 3121 734 3151 nec
752 3116 906 3150 tamen
926 3121 1006 3165 per
1032 3106 1121 3149 hoc
1140 3104 1384 3163 impeditur
1409 3103 1556 3146 unitas
1573 3101 1860 3159 resurgentis.
1885 3101 1934 3144 Si
1955 3114 2063 3145 vero

110 3175 192 3233 pe'r
211 3182 359 3232 partes
390 3172 643 3230 praedictas
670 3172 948 3231 intelligatur
973 3173 1071 3230 ipsa
1098 3170 1348 3214 substantia
1383 3170 1560 3212 animae
1587 3168 1828 3212 sensitivae
1855 3177 1899 3211 et
1929 3167 2066 3211 nutri·

110 3235 244 3293 tivae‚
275 3249 464 3297 utraque
490 3252 647 3283 earum
676 3249 743 3282 est
774 3238 934 3282 eadem
962 3251 1066 3281 cum
1095 3237 1246 3280 anima
1270 3234 1503 3279 rationali:
1528 3248 1621 3278 non
1648 3234 1769 3278 enim
1793 3234 1962 3277 suntin
1984 3234 2065 3277 ho-

113 3305 236 3349 mine
259 3301 352 3348 tres
379 3304 572 3357 animae,
599 3304 677 3348 sed
710 3317 800 3347 una
825 3313 1017 3355 tantum,
1051 3313 1099 3346 ut
1125 3303 1169 3345 in
1202 3302 1404 3345 secundo
1431 3310 1666 3344 ostensum
1693 3311 1773 3344 est.
1809 3300 1880 3343 De
1906 3300 2064 3343 huma·

111 3368 252 3415 nitate
280 3382 390 3414 vero
421 3383 516 3414 non
549 3380 617 3414 est
640 3370 1000 3428 intelligendum,
1029 3369 1149 3427 quod
1178 3369 1233 3411 sit
1266 3366 1489 3426 quaedam
1521 3366 1669 3410 forma
1697 3379 1976 3423 consurgens
2008 3378 2061 3409 ex

113 3433 436 3494 conjunctione
461 3435 639 3480 formae
671 3436 727 3479 ad
759 3436 1014 3489 materiam,
1048 3434 1175 3493 quasi
1203 3433 1383 3477 realiter
1407 3434 1465 3477 sit
1492 3432 1579 3476 alia
1612 3432 1665 3476 ab
1693 3441 1908 3490 utroque;
1941 3430 2062 3490 quia,

112 3516 252 3563 quum
270 3514 352 3561 per
366 3500 565 3546 formam
590 3501 781 3545 materia
806 3501 886 3545 fiat
900 3501 991 3545 hoc
1019 3500 1186 3558 aliquid
1215 3509 1332 3552 actu,
1351 3508 1399 3544 ut
1413 3499 1575 3543 dicitur
1599 3498 1801 3543 secundo
1818 3498 1890 3542 De
1909 3498 2060 3542 anima

114 3570 165 3625 (t.
193 3584 230 3614 c.
257 3569 336 3626 8.)‚
369 3566 445 3611 illa
475 3566 607 3612 tertia
631 3566 780 3611 forma
816 3580 1100 3626 consequens
1125 3579 1218 3610 non
1251 3574 1370 3610 esset
1399 3563 1720 3619 substantialis,
1747 3564 1825 3609 sed
1858 3564 2062 3607 acciden-

245 3670 282 3704 S.
307 3669 459 3703 Tuomst:
486 3669 618 3702 Summa
644 3657 749 3703 contra
778 3668 928 3703 Gentiles.
1882 3676 1924 3708 44
