2332 3854
0 1752 13 1773 f·

0 1884 17 1982 ἕ

0 2024 18 2064 ι

11 2038 15 2046 »
22 2046 25 2047 ⁷

0 2062 18 2079 m

0 2080 21 2105 ἓ».

0 2134 18 2165 ἒ·

0 2164 25 2267 ἓ-

777 274 932 315 mmm
970 273 1046 314 ιιι.
1089 274 1208 315 CAP.
1249 273 1412 314 Lxxx.
1956 276 2060 332 403

102 381 250 435 v'rnam,
273 388 480 439 respectu
505 379 601 437 ejus
628 391 744 437 quae
771 378 1030 423 considerat
1048 378 1201 424 solum
1233 378 1414 423 ordines
1441 387 1653 424 motuum
1685 380 1762 438 qui
1795 378 2073 426 ordinantur

108 447 166 493 ad
190 446 404 500 formam,
430 445 546 490 sicut
570 444 844 489 navifactiva
871 455 1077 503 respectu
1102 459 1266 490 manus
1293 444 1530 490 artificum.

195 512 272 558 Sic
298 526 409 571 ergo
435 512 552 556 inter
576 511 680 555 illos
705 510 960 556 intellectus
987 512 1064 570 qui
1085 512 1349 557 immediate
1375 512 1423 556 in
1446 512 1548 571 ipso
1574 512 1678 557 Deo
1707 510 1958 572 perfectam
1984 523 2060 555 co-

104 580 357 640 gnitionem
387 578 557 633 ordinis
583 577 893 637 providentiae
920 578 1098 622 divinae
1129 579 1383 638 percipiunt
1420 588 1487 623 est
1510 579 1695 638 quidam
1719 579 1848 633 ord0‚
1877 592 1968 637 quo
1995 591 2063 622 su-

100 644 252 708 premi
278 655 322 690 et
347 645 481 704 primi
507 644 678 688 ordinis
699 643 981 702 providentia
1008 645 1233 689 rationem
1261 645 1531 704 participant
1555 646 1604 689 in
1627 645 1728 705 ipso
1753 644 1917 689 ultimo
1949 644 2060 700 fine,

105 712 189 774 'qui
220 721 287 757 est
318 712 470 756 divina
497 711 687 755 bonitas,
715 710 920 770 Quidam
944 720 1099 755 tamen
1133 725 1293 755 eorum
1325 711 1423 756 aliis
1457 712 1635 766 clarius,
1668 722 1713 756 et
1742 712 1818 757 isti
1849 709 2060 755 dicuntur

108 778 353 838 seraphim,
380 779 508 837 quasi
534 777 740 822 ardentes
766 776 840 820 vel
866 777 1172 830 incendentes,
1191 778 1296 836 quia
1322 793 1400 837 per
1416 778 1680 823 incendium
1697 779 1925 837 designari
1946 777 2064 842 solet

105 843 314 891 incensio
333 844 502 889 amoris
519 843 593 888 vel
615 843 839 897 desiderii,
861 843 938 901 qui
960 854 1063 887 sunt
1085 844 1139 887 de
1157 844 1259 888 fine.
1278 844 1411 889 Unde
1429 845 1678 904 Dionysius
1697 845 1805 890 dicit
1823 844 1886 902 (V
1889 845 1944 889 11.
1964 858 2063 904 cap.

103 911 310 961 Coelest.
337 911 600 968 hierarch.),
628 910 750 970 quod
777 924 831 955 ex
863 911 953 954 hoc
992 925 1153 955 eorum
1179 912 1368 956 nomine
1395 913 1655 971 designatur
1682 922 1727 957 et
1762 911 2061 957 immobilitas

112 994 273 1026 eorum
295 980 416 1025 circa
441 979 608 1033 divina,
630 978 807 1023 fervens
830 988 875 1023 et
896 978 1118 1032 flexibilis,
1146 989 1190 1023 et
1206 980 1411 1024 reductio
1430 979 1697 1024 inferiorum
1718 980 1766 1024 in
1783 981 1939 1024 Deum
1951 981 2069 1025 sicut

37 1098 42 1105 ,
112 1047 161 1092 in
183 1046 336 1092 finem.

204 1112 404 1158 Secundi
435 1122 588 1157 autem
614 1111 840 1156 rationem
868 1112 1037 1156 ordinis
1063 1113 1374 1171 providentiae
1408 1113 1454 1157 in
1486 1114 1584 1172 ipsa
1615 1113 1766 1158 forma
1788 1113 1940 1158 divina
1972 1126 2072 1173 per-

106 1179 234 1227 ÷fecte
261 1189 560 1240 cognoscunt,
587 1189 632 1223 et
663 1179 711 1223 hi
738 1178 946 1223 dicuntur
972 1179 1222 1233 cherubim,
1249 1180 1371 1238 quod
1396 1180 1713 1239 interpretatur
1734 1179 2068 1239 scientiae‘ple-

107 1246 287 1293 v⁴1‘1itudo.
306 1245 556 1292 Scientiam
582 1246 705 1290 enim
722 1260 803 1304 per
826 1244 1025 1290 formam
1051 1246 1224 1307 scibilis,
1245 1246 1488 1306 perficitur.
1516 1247 1650 1292 Unde
1677 1247 1786 1291 dicit
1808 1247 2062 1307 Dionysius

114 1314 239 1375 quod
262 1311 365 1359 talis
387 1313 644 1363 nominatio
677 1312 901 1371 significat
923 1313 1044 1371 quod
1076 1323 1178 1358 sunt
1202 1313 1546 1372 contemplativi
1566 1314 1613 1358 in
1635 1314 1783 1374 prima
1809 1313 2062 1373 operatrice

113 1382 277 1426 virtute
309 1380 488 1425 divinae
521 1380 847 1457 pulcritudinis.

202 1438 352 1492 Tertii
389 1458 500 1491 vero
532 1446 679 1506 ipsam
705 1445 1052 1505 dispositionem
1085 1446 1342 1492 divinorum
1368 1447 1681 1506 judiciorum
1669 1461 1716 1491 m
1748 1448 1897 1506 seipsa
1924 1447 2069 1492 consi-

104 1513 286 1568 :odei-ant,
304 1523 349 1559 et
362 1513 413 1558 hi
434 1514 645 1558 dicuntur
659 1513 827 1558 throni.
837 1513 961 1557 Nam
978 1527 1057 1572 per
1077 1514 1296 1558 thronum
1317 1523 1517 1573 potestas
1540 1513 1778 1573 judiciaria
1803 1514 2065 1574 designatur

105 1576 366 1628 *secundum
387 1579 501 1624 illud
519 1579 661 1639 (Psal.
689 1579 766 1623 IX.
798 1593 816 1637 5
825 1580 883 1636 .:)
908 1579 1056 1624 sedisti
1074 1588 1198 1639 super
1228 1581 1425 1625 thronum
1442 1587 1479 1625 et
1498 1580 1666 1639 judicas
1687 1582 1913 1639 justitiam.
1933 1580 2069 1626 Unde

109 1647 223 1693 dicit
251 1646 505 1707 Dionysius
538 1646 660 1706 quod
691 1660 772 1705 per
795 1646 914 1690 hanc
946 1647 1311 1692 nominationem
1344 1647 1605 1706 designatur
1627 1647 1750 1707 quod
1768 1657 1872 1711 sunt
1894 1646 2066 1702 deiferi,

115 1723 161 1793 et
190 1707 247 1759 ad
273 1727 440 1758 omnes
463 1713 638 1758 divinas
665 1715 972 1772 susceptiones
998 1711 1281 1757 familiariter
1307 1714 1412 1772 apti.

167 1780 309 1827 Non
336 1789 488 1824 autem
514 1779 578 1824 sic
605 1779 853 1839 praemissa
875 1778 1170 1856 intelligenda
1197 1790 1314 1834 sunt,
1331 1780 1460 1839 quasi
1478 1779 1600 1824 aliud
1623 1780 1679 1824 sit
1702 1780 1855 1825 divina
1871 1780 2067 1835 bonitas,

116 1847 238 1893 aliud
264 1850 360 1907 ejus
377 1847 585 1900 essentia,
608 1856 653 1890 et
674 1845 794 1890 aliud
821 1847 917 1904 ejus
944 1846 1131 1890 scientia
1151 1861 1305 1890 rerum
1328 1846 1675 1906 dispositionem
1709 1847 1963 1902 continens,
1989 1847 2066 1892 sed

119 1915 224 1975 quia
246 1913 498 1960 secundum
523 1913 614 1958 hoc
638 1912 726 1957 alia
752 1923 796 1957 et
822 1913 910 1957 alia
937 1923 1004 1957 est
1026 1914 1121 1971 ejus
1143 1913 1462 1958 consideratio.

207 1981 344 2027 Item:
366 1981 494 2025 ‘inter
522 1981 645 2039 ipsos
669 1978 905 2024 inferiores
932 1979 1125 2038 spiritus,
1143 1980 1220 2038 qui
1246 1979 1384 2024 divini
1404 1979 1574 2025 ordinis
1595 1993 1676 2039 per
1698 1993 1777 2024 eos
1795 1980 2070 2040 exsequendi

109 2047 369 2109 ‘perfectam
395 2047 706 2106 cognitionem
723 2060 802 2105 per
818 2047 1072 2105 superiores
1089 2047 1270 2105 spiritus
1290 2057 1642 2105 consequuntur,
1661 2056 1844 2105 oportet
1860 2047 2070 2092 ordinem

119 2128 232 2161 esse.
264 2114 385 2166 Nam
417 2114 493 2173 qui
523 2113 642 2158 inter
673 2127 752 2158 eos
784 2122 887 2157 sunt
920 2112 1092 2157 altioris
1122 2113 1312 2166 virtutis,
1347 2115 1484 2158 etiam
1517 2123 1621 2158 sunt
1652 2113 1993 2159 universalioris
2018 2114 2066 2158 in

118 2180 469 2242 cognoscend03
494 2180 615 2224 unde
643 2180 955 2239 cognitionem
982 2179 1152 2224 ordinis
1179 2180 1491 2239 providentiae
1516 2180 1563 2223 in
1589 2180 1821 2239 principiis
1849 2190 1894 2225 et
1920 2181 2068 2226 causis

118 2247 266 2307 magis
291 2245 618 2292 universalibus
650 2246 972 2305 adipiscuntur,
1004 2245 1240 2291 inferiores
1266 2260 1375 2291 vero
1407 2246 1455 2290 in
1483 2246 1630 2290 causis
1658 2246 1805 2305 magis
1830 2245 2070 2303 particula-

111 2313 251 2360 ribus.
277 2312 466 2359 Altioris
499 2313 622 2358 enim
653 2311 910 2358 intellectus
943 2323 1062 2357 esset
1085 2313 1232 2357 homo
1266 2315 1343 2372 qui
1369 2313 1528 2357 ordine
1556 2313 1767 2357 omnium
1793 2312 2071 2357 naturalium

109 2375 405 2427 ‘censiderare
429 2390 585 2439 posset
598 2379 646 2424 in
673 2379 939 2439 corporibus
967 2378 1254 2434 coelestibus,
1278 2394 1416 2439 quam
1439 2380 1516 2439 qui
1537 2379 1712 2439 indiget
1738 2379 1793 2423 ad
1816 2379 2066 2439 perfectam

107 2442 431 2508 cognitionem
454 2446 510 2491 ad
542 2446 756 2491 inferiora
789 2460 982 2505 corpora
1017 2448 1291 2506 prospicere.

148 2560 152 2564 ,
206 2514 280 2559 Illi
303 2514 440 2572 igitur
465 2513 542 2573 qui
558 2513 606 2557 in
633 2514 780 2558 causis
806 2513 1148 2567 universalibus,
1176 2528 1292 2572 quae
1319 2523 1422 2558 sunt
1448 2513 1627 2558 mediae
1656 2514 1774 2557 inter
1798 2514 1967 2567 Deum,
2000 2513 2078 2572 qui

112 2573 188 2627 est
209 2579 595 2626 universalissima
622 2593 773 2634 causa,
800 2588 844 2624 et
871 2593 1030 2624 causas
1057 2579 1368 2638 particulares,
1385 2590 1584 2659 possunt
1604 2580 1814 2624 ordinem
1840 2580 2078 2657 providen-

114 2640 208 2697 tiae
238 2645 435 2708 perfecte
467 2660 764 2706 cognoscere,
806 2646 946 2691 medii
971 2656 1075 2691 sunt
1110 2646 1228 2691 inter
1252 2646 1356 2692 illos
1399 2648 1475 2706 qui
1500 2648 1547 2691 in
1572 2648 1673 2707 ipso
1707 2647 1811 2691 Deo
1845 2647 2073 2691 rationem

114 2713 306 2787 ‘perfecti
332 2712 501 2757 ordinis
527 2712 815 2757 considerare
837 2711 1078 2767 sufficiunt,
1105 2723 1150 2757 et
1171 2727 1251 2757 eos
1277 2713 1355 2772 qui
1386 2714 1433 2757 in
1462 2715 1605 2758 causis
1631 2713 1975 2772 particularibus
1997 2726 2071 2756 ne-

122 2781 248 2825 ‘cesse
279 2779 449 2823 habent
473 2778 774 2823 considerare.
802 2778 858 2822 Et
880 2778 931 2822 hi
973 2793 998 2821 a
1022 2779 1250 2837 Dionysio
1276 2789 1508 2838 ponuntur
1547 2780 1595 2823 in
1622 2779 1773 2823 media
1804 2778 2077 2834 hierarchia,

122 2859 239 2906 quae
255 2845 372 2890 sicut
388 2859 414 2888 a
432 2858 644 2904 suprema
661 2844 907 2903 dirigitur,'
896 2853 958 2888 ita
975 2844 1126 2903 dirigit
1141 2844 1363 2900 infimam,
1381 2855 1430 2890 ut
1455 2846 1593 2890 dicit·
1582 2860 1629 2889 ιιι
1651 2845 1846 2904 septimo
1875 2844 2078 2890 Coelest.

123 2911 347 2958 hierarch.

212 2979 333 3023 Inter
356 2977 440 3021 has
466 2977 604 3021 etiam
620 2975 949 3021 intellectuales
973 2977 1243 3021 substantias
1261 2987 1442 3036 oportet
1464 2978 1586 3036 quod
1613 2978 1727 3022 ordo
1754 2977 1941 3037 quidam
1969 2979 2080 3023 exsi-

124 3054 230 3099 stat;
256 3057 365 3088 nam
390 3043 488 3103 ipsa
518 3042 784 3087 universalis
806 3043 1117 3101 providentiae
1147 3043 1385 3102 dispositio
1413 3044 1690 3089 distribuitur
1716 3044 1902 3103 quidem
1928 3045 2077 3103 primo

122 3112 171 3156 in
196 3109 367 3155 multos
392 3119 693 3154 exsecutores.
718 3109 858 3162 Quod
886 3109 1071 3168 quidem
1096 3110 1147 3154 fit
1172 3124 1251 3167 per
1283 3110 1493 3155 ordinem
1521 3111 1910 3155 dominationum:
1936 3111 2099 3155 domi·-

123 3191 291 3223 norum
330 3177 452 3221 enim
495 3186 563 3220 est
601 3178 859 3234 praecipere
900 3176 1007 3235 quid
1051 3176 1127 3220 alii
1169 3186 1483 3235 exsequantur.
1519 3177 1652 3221 Unde
1688 3178 1939 3236 Dionysius
1971 3177 2080 3223 dicit

125 3242 268 3302 (VIII.
297 3257 396 3303 cap.
423 3242 624 3287 Coelest.
651 3241 914 3299 hierarch),
947 3244 1068 3301 quod
1099 3257 1270 3287 nomen
1297 3243 1623 3288 dominationis
1650 3244 1856 3302 designat
1879 3244 2079 3303 aliquam

0 3331 3 3340 *
30 3312 50 3365 ἑξ
122 3320 367 3369 vanagogen
389 3308 669 3368 suppositam
697 3309 826 3353 omni
850 3309 1066 3363 servituti,
1094 3319 1138 3353 et
1165 3310 1291 3353 omni
1318 3310 1587 3367 subjectioni
1613 3310 1910 3369 superiorem.

0 3403 5 3448 ᾗ,
38 3403 59 3425 2„

215 3375 428 3421 Secundo
455 3385 607 3420 autem
626 3375 679 3418 ab
697 3385 913 3435 operante
940 3385 985 3420 et
1010 3386 1281 3434 exsequente
1308 3376 1585 3420 distribuitur
1606 3387 1650 3421 et
1672 3376 1998 3436 multiplicatur
2022 3379 2079 3423 ad

0 3450 3 3462 ¹
119 3443 276 3494 varios
303 3441 503 3495 effectus,
531 3441 653 3500 quod
679 3441 862 3499 quidem
890 3441 937 3486 fit
977 3457 1057 3501 per
1084 3443 1291 3487 ordinem
1316 3443 1548 3495 virtutum,
1582 3457 1774 3519 quarum
1809 3457 1996 3499 nomen,
2029 3453 2079 3489 ut

63 3502 375 3568 Dionysms
406 3508 576 3552 ibidem
601 3507 724 3577 dicit,
749 3507 973 3567 significat
998 3509 1243 3568 quamdam
1265 3508 1431 3554 fortem
1455 3509 1744 3554 virilitatem
1732 3523 1779 3553 ιιι
1806 3523 1968 3555 omnes
1994 3510 2083 3556 dei-

80 3571 297 3621 'formes
309 3575 612 3635 operationes,
622 3587 718 3619 non
736 3573 1067 3634 relinquentem
1082 3576 1248 3620 suimet
1263 3574 1574 3634 imbecillitate
1596 3576 1796 3635 aliquem
1808 3575 2078 3622 deiformem

123 3639 320 3689 motum.
343 3639 400 3687 Et
417 3641 482 3687 sic
499 3650 622 3701 patet
637 3639 759 3701 quod
781 3641 1053 3702 principium
1079 3641 1345 3687 universalis
1362 3642 1640 3702 operationis
1658 3643 1714 3687 ad
1730 3643 1852 3688 hunc
1875 3644 2082 3689 ordinem
