2332 3854
323 225 428 293 558
1011 236 1165 276 LtssER
1204 237 1274 275 ιν.
1318 237 1438 275 CAP.
1479 219 1593 275 v111.

315 342 476 386 eadem
505 342 735 400 operati03
759 340 877 384 unde
900 350 944 383 et
969 340 1064 398 ipse
1086 339 1226 383 Filius
1246 340 1430 399 propria
1455 340 1618 384 virtute
1635 354 1683 385 se
1701 340 1881 395 exaltat,
1898 332 2149 386 secundum
2163 326 2277 390 illud

314 408 584 452 Psalmistae
603 407 742 465 (Psal.
764 407 865 451 XX.
895 405 1006 462 14.):
1033 407 1250 460 Exaltare,
1275 407 1472 460 Domine,
1500 409 1545 450 in
1568 408 1723 451 virtute
1749 414 1846 460 tua;
1871 408 1965 467 ipse
1988 408 2188 467 seipsum
2203 408 2277 455 Ιιιιιὲ,
2329 407 2332 444 ²1

314 476 462 528 scitat,
491 476 612 533 quod
631 475 685 517 de
703 487 750 516 se
769 473 877 516 dicit
898 472 1087 529 (Joann.
1105 472 1161 515 X.
1186 473 1295 528 18.):
1318 473 1561 530 Potestatem
1580 474 1706 518 habeo
1721 474 1904 532 ponendi
1921 476 2109 519 animam
2124 485 2276 534 meam,

310 548 466 586 et...
495 544 645 585 itera-m
671 555 825 583 sumere
852 553 968 590 eam;
997 539 1093 597 ipse
1120 538 1259 582 etiam
1286 553 1379 582 non
1403 527 1554 582 solum
1571 539 1771 598 seipsum
1791 539 2022 595 clarificat,
2039 540 2119 584 sed
2138 540 2277 585 etiam

311 608 520 660 Patrem;
549 607 657 649 dicit
679 606 801 649 enim
828 605 1016 662 (Joann.
1042 605 1186 650 XVII.
1219 618 1234 647 1
1245 605 1302 662 .):
1329 603 1530 660 Clarifica
1550 606 1713 649 Filium
1736 612 1867 660 tuum,
1891 613 1938 651 ut
1961 613 1998 650 et
2022 607 2160 671 Filuss
2186 608 2278 654 tuus

262 671 268 682 ⁴
313 674 510 727 clarificet
537 679 598 723 ιω
627 686 718 715 ιιοιι
753 672 875 730 quod
908 671 1043 714 Pater
1073 670 1302 715 velamine
1335 672 1483 715 carnis
1517 682 1775 731 assumptae
1807 673 1865 716 sit
1896 672 2166 727 occultatus,
2196 663 2276 717 sed
2330 716 2332 718 ,

315 754 421 784 suae
439 738 746 781 invisibilitate
763 748 974 792 naturae3
1002 751 1093 796 quo
1117 738 1253 781 etiam
1272 738 1413 781 modo
1431 737 1570 782 Filius
1588 747 1656 782 est
1672 737 1879 782 occultus
1896 738 2148 785 secundum
2164 731 2272 783 divi-

313 820 419 849 nam
448 816 682 858 naturam3
709 819 814 847 nam
835 804 959 847 Patri
976 814 1020 848 et
1035 800 1151 847 Filio
1173 817 1420 848 commune
1447 814 1514 848 est
1540 804 1662 863 quod
1685 804 1848 848 dicitur
1864 804 1972 863 (Isa.
1995 802 2137 851 XLV.
2159 805 2271 863 15.):

321 873 420 916 Vere
454 878 496 915 tu
530 887 566 915 es
592 873 706 915 Deus
737 870 1009 924 absconditas,
1037 877 1200 915 sanctus
1224 871 1355 915 Israe‘l
1386 871 1598 915 Salvator.
1626 870 1764 915 Filius
1798 864 1951 924 autem
1977 868 2161 924 Patrem
2187 870 2275 916 cka-

310 938 467 990 rificat,
493 952 586 981 non
621 937 874 981 claritatem
901 938 943 981 ei
965 936 1131 992 dando,
1154 937 1232 981 sed
1255 951 1362 981 eum
1386 937 1559 980 mundo
1587 937 1951 993 manifestando,
1972 942 2082 983 nain
2109 947 2160 988 ‘et
2178 939 2275 997 ipse

308 1004 477 1048 ibidem
504 1004 612 1048 dicit
637 1004 826 1062 (Joann.
853 1003 998 1047 XVII.
1026 1003 1110 1060 6.):
1137 1004 1410 1062 Manifestavi
1435 1018 1584 1048 nomen
1611 1011 1727 1048 tuum
1753 1004 2001 1049 hominibus.
2056 1009 2057 1012 ’

397 1071 505 1114 Νοιι
532 1081 600 1114 est
626 1081 779 1114 autem
802 1070 1079 1114 credendum
1078 1070 1219 1129 quod
1236 1070 1282 1114 in
1299 1070 1388 1113 Dei
1403 1068 1519 1114 Filio
1543 1070 1599 1114 sit
1625 1068 1787 1129 aliquis
1803 1070 2040 1129 potestatis
2058 1069 2275 1126 defectus,

310 1152 447 1214 quum
477 1138 572 1195 ipse
600 1137 721 1181 dicat
749 1137 932 1213 (Matth3
961 1124 1172 1180 XXVIII.
1206 1136 1317 1193 18.:)
1352 1137 1470 1181 Data
1501 1143 1554 1181 est
1585 1138 1689 1181 mihi
1720 1138 1854 1182 omnis
1879 1143 2057 1197 potestas
2087 1140 2133 1181 'in
2165 1137 2274 1183 coelo

309 1211 346 1248 et
376 1207 419 1248 in
452 1210 575 1248 terra.
606 1204 740 1248 Unde
767 1204 889 1262 quod
916 1204 1013 1262 ipse
1035 1203 1145 1247 dicit
1171 1203 1352 1260 (Matth.
1380 1203 1481 1246 XX.
1506 1203 1622 1262 23.):
1653 1203 1796 1248 Sedere
1823 1203 1877 1247 ad
1901 1203 2116 1254 dexteram
2138 1216 2274 1249 meam

308 1272 375 1315 vel
403 1273 614 1315 sinistram
638 1286 722 1315 non
749 1277 805 1315 est
829 1286 965 1315 meum
991 1269 1089 1315 dare
1113 1272 1246 1324 vobis,
1271 1270 1337 1314 sed
1362 1271 1508 1328 quibus
1533 1275 1735 1329 paratum
1767 1277 1823 1314 est
1847 1283 1875 1314 a
1895 1270 2022 1315 Patre
2047 1264 2168 1331 meo,
2179 1281 2276 1315 non
2328 1298 2332 1305 ,

309 1338 506 1382 ostendit
547 1338 668 1396 quod
709 1336 848 1381 Filius
887 1336 1299 1380 distribuendarum
1342 1336 1612 1380 coelestium
1654 1337 1830 1381 sedium
1870 1347 2145 1395 potestatem
2181 1351 2276 1382 non
2330 1384 2332 1387 ,

309 1405 487 1458 habeat,
521 1419 663 1480 quum
695 1419 775 1463 per
806 1404 1073 1462 hujusmodi
1105 1403 1358 1447 sessionem
1391 1403 1679 1462 participatio
1712 1403 1832 1446 vitae
1865 1405 2075 1453 aeternae
2107 1402 2277 1457 intelli·
2327 1405 2332 1430 ἕ

311 1481 454 1529 gatur,
483 1473 609 1529 cujus
633 1471 930 1515 collationem
950 1470 1004 1514 ad
1028 1484 1075 1514 se
1097 1472 1322 1528 pertinere
1345 1470 1542 1513 ostendit
1564 1483 1705 1528 quum
1728 1469 1838 1513 dicit
1851 1461 2053 1528 (Joann.
2077 1465 2141 1515 Χ.
2158 1471 2273 1538 -27.:)
2326 1527 2328 1530 ι

315 1539 424 1582 Oves
456 1551 569 1582 meae
599 1553 741 1582 vocem
772 1552 908 1581 meam
935 1537 1139 1589 audiunt;
1179 1543 1215 1581 et
1250 1551 1319 1595 ego
1353 1551 1546 1595 cognosco
1579 1550 1660 1590 eas,
1694 1543 1732 1581 et
1761 1542 1984 1598 sequuntur
2011 1543 2119 1589 me:
2136 1543 2189 1582 et
2204 1550 2274 1597 ego
2328 1534 2332 1535 ⁷

307 1606 442 1648 vitam
467 1611 679 1649 aeternam
700 1604 750 1648 do
776 1605 856 1656 eis,·
886 1604 1049 1647 dicitur
1075 1604 1213 1647 etiam
1241 1603 1430 1661 (Joann.
1449 1602 1506 1647 V.
1525 1615 1579 1647 22
1585 1604 1619 1659 .)
1638 1602 1762 1662 quod
1780 1603 1920 1647 Pater
1927 1603 2046 1649 om'ne
2064 1594 2283 1670 judicium,
2328 1654 2332 1658 ,

309 1670 416 1715 dedit
438 1672 577 1725 Filio;
607 1671 662 1714 ad
688 1671 910 1729 judicium
934 1681 1086 1714 autem
1109 1671 1303 1728 pertinet
1324 1680 1373 1714 ut
1393 1683 1475 1729 pro
1495 1670 1666 1713 meritis
1685 1669 1860 1728 aliqui
1849 1683 1897 1713 ιιι
1914 1663 2122 1719 coelesti
2128 1663 2278 1742 'gloria
2330 1696 2332 1700 ·

309 1737 621 1792 collocentur;
639 1737 758 1782 unde
786 1747 830 1782 et
847 1737 1029 1795 (Matth.
1056 1737 1202 1782 XXV.
1224 1751 1289 1795 33.
1294 1741 1313 1792 )
1331 1737 1493 1780 dicitur
1505 1737 1627 1795 quod
1642 1736 1782 1781 Filius
1799 1734 2002 1800 hominis
2017 1740 2179 1783 statuet
2181 1737 2276 1782 oties
2328 1744 2332 1787 ἰ

309 1818 336 1848 a
363 1805 517 1851 dextris
548 1806 646 1859 suis,
673 1805 818 1849 haedos
844 1812 980 1849 autem
1007 1819 1032 1849 a
1056 1807 1262 1857 sinistris;
1297 1805 1487 1863 pertinet
1521 1818 1630 1862 ergo
1665 1805 1719 1847 ad
1751 1797 2024 1862 potestatem
2054 1803 2158 1849 Filii
2188 1813 2272 1849 sta·
2280 1803 2283 1806 ’
2322 1799 2332 1818 ‘³

312 1882 438 1915 tuere
465 1871 665 1930 aliquem
691 1871 764 1915 vel
791 1886 816 1915 a
843 1872 1008 1915 dextris
1034 1871 1110 1916 vel
1136 1886 1161 1914 a
1188 1872 1391 1925 sinistris,
1419 1872 1513 1914 sive
1547 1881 1788 1930 utrumque
1814 1869 2033 1916 referatur
2064 1870 2130 1915 a'd
2140 1871 2275 1921 diffe-

312 1948 488 1981 rentem
516 1938 689 1996 gloriae
711 1934 1122 1997 participationem,
1148 1938 1244 1981 sive
1272 1952 1414 1981 unum
1447 1937 1664 1981 referatur
1693 1938 1748 1983 ad
1774 1926 1970 1996 gloriam
2003 1945 2047 1982 et
2080 1935 2274 1997 alterurn
2330 1980 2332 1982 s

310 2004 527 2048 referatur
550 2005 604 2048 ad
632 2019 844 2064 poenam.
875 2005 1072 2063 Oportet
1098 2005 1234 2062 igitur
1260 2015 1323 2048 ut
1332 2004 1458 2048 verbi
1484 2003 1707 2063 propositi
1738 2017 1896 2048 sensus
1928 2016 1984 2049 ex
2014 1993 2283 2067 praemissis

308 2082 526 2115 sumatur.
554 2072 862 2116 Praemittitur
888 2086 1087 2131 namque
1121 2071 1304 2129 (Matth.
1331 2071 1454 2126 XX.)
1488 2071 1609 2130 quod
1642 2081 1789 2114 mater
1820 2069 2039 2117 filiorum·
2051 2069 2284 2135 Zebedaei*
2324 2079 2332 2132 «ἑ

309 2149 562 2183 accesserat
588 2138 643 2182 ad
664 2138 835 2196 Jesum,
862 2147 1020 2196 petens
1045 2149 1093 2182 ut
1119 2152 1234 2182 unus
1261 2137 1463 2181 filiorum
1496 2139 1591 2195 ejus
1624 2137 1801 2181 sederet
1825 2127 1883 2181 ad
1909 2130 2141 2182 ‘dexteram
2175 2138 2281 2197 eius

308 2215 351 2249 et
378 2205 492 2249 alius
520 2206 575 2249 ad
601 2206 854 2259 sinistram3
882 2216 927 2249 et
952 2205 1008 2249 ad
1030 2206 1120 2249 hoc
1145 2205 1391 2264 petendum
1418 2215 1545 2248 mota
1566 2204 1801 2248 videbatur
1818 2218 1872 2248 ex
1889 2195 2096 2270 quadam
2108 2202 2278 2250 fiducia
2310 2231 2332 2267 ³5

307 2273 652 2331 propinquitatis
679 2271 872 2316 carnalis
899 2287 1036 2330 quam
1062 2272 1261 2315 habebat
1287 2271 1341 2315 ad
1363 2271 1603 2315 hominem
1631 2268 1882 2315 Christum.
1909 2264 2139 2317 Dominus
2163 2284 2273 2331 ergo

304 2353 386 2383 sua
410 2342 705 2398 responsione
731 2353 825 2382 non
852 2339 963 2382 dixit
988 2339 1110 2398 quod
1139 2338 1192 2382 ad
1220 2339 1315 2395 ejus
1341 2347 1615 2396 potestatem
1636 2350 1731 2380 non
1752 2336 2001 2403 pertineret
2015 2334 2126 2384 dare
2143 2337 2269 2399 quod

305 2406 555 2464 petebatur,
582 2406 660 2449 sed
687 2405 810 2464 quod
837 2405 893 2449 ad
921 2419 1025 2448 eum
1049 2419 1143 2449 non
1169 2404 1422 2463 pertinebat
1445 2397 1535 2447 illis
1562 2404 1669 2447 dare
1702 2417 1784 2462 pro
1817 2402 1978 2465 quibus
2008 2395 2269 2468 rogabatur.
2280 2449 2284 2453 ,

303 2473 412 2517 Νοιι
440 2473 563 2516 enim
590 2472 725 2516 dixit.
750 2471 918 2515 Sedere
939 2472 994 2515 ad
1013 2471 1245 2515 dexteram
1271 2485 1425 2515 meam
1442 2470 1515 2514 vel
1535 2471 1764 2514 sinistram
1785 2483 1880 2514 non
1903 2468 1970 2514 est
1992 2470 2148 2515 meum
2166 2469 2274 2514 dare

307 2539 467 2593 alicui;
495 2539 604 2598 quin
630 2539 781 2598 potius
807 2538 1006 2583 ostendit
1032 2539 1154 2597 quod
1188 2552 1321 2582 suum
1349 2547 1445 2582 erat
1469 2538 1560 2582 hoc
1590 2538 1696 2581 dare
1724 2536 1813 2581 illis
1839 2537 2000 2596 quibus
2027 2531 2124 2589 erat
2148 2535 2282 2597 para?

307 2617 403 2650 tum
433 2620 458 2649 a
483 2606 628 2650 Patre⁴
644 2620 741 2649 suo.
769 2605 876 2649 Non
901 2605 1022 2649 enim
1047 2605 1136 2649 hoc
1159 2605 1265 2649 dare
1290 2604 1346 2648 ad
1369 2619 1475 2648 eum
1503 2605 1754 2663 pertinebat
1769 2604 2021 2659 secundum
2038 2600 2276 2669 'quoderat

307 2672 424 2716 filius
450 2672 666 2731 Virginis,
693 2672 773 2716 sed
800 2672 1051 2716 secundum
1079 2672 1200 2731 quod
1234 2681 1330 2716 erat
1360 2671 1498 2715 Filius
1526 2671 1637 2724 Dei;
1673 2681 1718 2715 et
1747 2670 1852 2715 ideo
1883 2684 1979 2715 non
2011 2676 2113 2716 erat
2138 2666 2285 2715 suum'

306 2740 397 2784 hoc
425 2740 531 2783 dare
560 2739 798 2798 aliquibus,
825 2749 1008 2798 propter
1034 2739 1124 2783 hoc
1149 2739 1271 2798 quod
1295 2739 1351 2782 ad
1375 2752 1479 2782 eum
1502 2737 1753 2797 pertinebat
1769 2736 2020 2781 secundum
2039 2731 2275 2799 quoderat

306 2807 423 2851 filius
456 2806 673 2865 Virginis,
707 2805 960 2850 secundum
994 2805 1382 2864 propinquitatem
1411 2804 1656 2858 carnalem,
1689 2804 1767 2848 sed
1799 2812 1984 2865 propter
2012 2802 2104 2866 hoc
2137 2802 2273 2869 perti·
2330 2828 2332 2830 ·

306 2875 442 2919 nebat
464 2874 519 2917 ad
547 2888 653 2918 eum
679 2872 931 2918 secundum
958 2872 1081 2932 quod
1109 2882 1204 2916 erat
1230 2872 1368 2916 Filius
1402 2871 1505 2927 Dei,
1533 2871 1694 2930 quibus
1727 2870 1903 2916 scilicet
1932 2880 2142 2930 paratum
2169 2879 2274 2916 erat

307 2955 334 2985 a
360 2941 492 2985 Patre
525 2955 605 3000 per
637 2939 1101 2999 praedestinationem
1134 2949 1380 2983 aeternam.
1406 2937 1495 2982 Sed
1522 2936 1644 2997 quod
1677 2936 1816 2982 etiam
1848 2931 1964 2982 haec
1986 2930 2271 3002 praeparatio
2328 2987 2329 2991 Ἰ

308 3008 363 3051 ad
390 3018 664 3067 potestatem
690 3006 793 3050 Filii
818 3006 906 3050 Dei
928 3006 1165 3083 pertineat,
1191 3005 1287 3064 ipse
1310 3005 1538 3048 Dominus
1569 3003 1809 3049 confitetur
1826 2998 2014 3064 (Joann.
2031 2997 2161 3049 XIV.
2187 3016 2230 3049 2.
2232 3003 2269 3061 ),

306 3075 483 3119 dicens:
512 3075 564 3119 In
589 3074 709 3118 domo
736 3073 876 3117 Patris
901 3075 982 3117 mei
1007 3074 1238 3116 mansiones
1263 3072 1415 3116 multae
1436 3078 1555 3123 sunt;
1582 3073 1619 3116 si
1644 3085 1722 3130 quo
1745 3072 1895 3125 minus,
1918 3070 2109 3117 dixissem
2136 3071 2268 3124 vobis,
2329 3113 2332 3122 2

307 3143 404 3201 quia
431 3141 539 3185 vado
559 3149 717 3201 parare
749 3141 867 3183 vobis
900 3140 1049 3184 locum
1084 3139 1348 3184 Mansiones
1382 3148 1535 3182 autem
1569 3137 1739 3181 multae
1771 3147 1876 3183 sunt
1885 3127 2072 3181 diversi
2094 3134 2270 3197 gradus
2329 3176 2332 3187 2

305 3207 644 3267 participandae
669 3206 975 3260 beatitudinis,
1002 3206 1079 3266 qui
1107 3205 1159 3249 ab
1188 3214 1372 3249 aeterno
1401 3219 1426 3248 a
1454 3204 1594 3249 Deo
1583 3219 1630 3248 ιιι
1654 3196 2064 3263 praedestinatione
2087 3207 2272 3267 praepa·
2330 3261 2332 3266 Α

306 3275 390 3320 rati
418 3286 535 3320 sunt.
571 3274 730 3327 Quum
758 3287 867 3332 ergo
895 3273 1124 3317 Dominus
1152 3271 1261 3316 dicit
1286 3271 1408 3331 quod
1431 3272 1468 3315 si
1494 3272 1540 3315 in
1568 3271 1721 3330 aliquo
1749 3270 1900 3315 minus
1923 3279 2057 3324 esset,
2076 3269 2122 3315 id
2145 3273 2212 3323 est
2229 3270 2283 3336 ⁵¹.

308 3341 553 3386 deficerent
577 3350 870 3400 praeparatae
897 3340 1159 3384 mansiones
1185 3338 1449 3383 hominibus
1477 3337 1532 3382 ad
1558 3330 1887 3382 beatitudinem
1896 3304 2272 3393 introducendis,
2322 3368 2327 3371 -

309 3418 353 3453 et
378 3409 548 3453 subdit:
583 3409 794 3452 Dixissem
825 3408 944 3450 vobis
977 3408 1075 3465 quia
1107 3405 1215 3450 vado
1244 3413 1404 3465 parare
1436 3406 1555 3449 vobis
1586 3404 1738 3460 locum,
1773 3397 1975 3465 ostendit
2002 3371 2285 3462 hujusmodi*

309 3475 705 3535 praeparationem
733 3474 787 3517 ad
814 3487 945 3518 suam
971 3482 1247 3531 potestatem
1274 3471 1511 3531 pertinere.

399 3541 559 3601 Neque
578 3542 715 3586 etiam
733 3549 882 3600 potest
898 3539 1091 3599 intelligi
1108 3539 1231 3599 quod
1248 3538 1387 3584 Filius
1404 3539 1570 3583 horam
1592 3538 1811 3583 adventus
1823 3529 1899 3583 sui
1908 3533 2107 3597 ignoret,
2128 3548 2270 3602 quum¹

311 3609 357 3653 in
385 3622 439 3652 eo
471 3609 559 3653 sint
596 3623 731 3654 omnes
764 3608 945 3652 thesauri
974 3608 1202 3667 sapientiae
1236 3611 1272 3651 et
1308 3607 1499 3651 scientiae
1534 3604 1791 3658 absconditi,
1805 3613 1855 3649 ut
1880 3600 2131 3663 Apostolus
2162 3596 2282 3649 dicit*
