2332 3854
221 196 286 248 14
914 192 1067 230 LIBER
1109 192 1143 230 1.
1186 192 1307 229 CAP.
1349 192 1463 230 xm.

211 295 291 339 sed
317 309 412 339 non
429 304 496 339 est
521 294 768 353 procedere
785 295 832 338 in
856 293 1110 348 infinitum3
1127 307 1239 353 ergo
1265 307 1453 342 necesse
1477 304 1546 341 est
1565 293 1736 354 ponere
1760 294 1942 354 aliquod
1969 296 2167 354 primum

212 375 404 405 movens
430 361 682 405 immobile.

300 428 352 471 In
378 428 465 471 hac
484 437 638 472 autem
663 427 932 487 probatione
950 436 1054 471 sunt
1070 425 1186 470 duae
1206 427 1543 486 propositiones
1558 428 1834 488 probandae,
1857 428 2031 472 scilicet
2046 427 2169 487 quod

212 507 351 538 omne
378 503 557 538 motum
585 503 795 538 movetur
818 494 871 537 ab
901 493 1007 547 alio,
1030 503 1075 537 et
1096 493 1218 551 quod
1245 494 1291 537 in
1315 495 1607 539 moventibus
1639 505 1684 540 et
1709 495 1847 539 motis
1868 508 1963 538 non
1988 494 2046 538 sit
2070 507 2171 553 pro-

212 561 373 604 cedere
400 561 446 603 in
472 560 716 604 infinitum.

301 627 515 678 Quorum
542 628 742 684 primum
769 626 931 685 probat
956 624 1267 685 Philosophus
1293 625 1434 671 tribus
1460 627 1624 672 modis.

298 693 456 736 PrImo
483 693 573 737 sic:
603 693 652 736 Si
677 692 847 750 aliquid
882 701 1038 736 movet
1063 692 1279 751 seipsum,
1313 703 1493 752 oportet
1519 694 1641 753 quod
1667 694 1715 738 in
1740 708 1789 738 se
1819 694 1988 739 habeat
2011 692 2173 753 princi-

209 759 335 818 pium
362 769 515 803 motus
538 760 632 812 sui;
656 758 786 803 aliter
812 757 1052 803 manifeste
1079 759 1133 802 ab
1162 759 1254 804 alio
1281 769 1555 804 moveretur.
1585 760 1784 819 Oportet
1809 761 1948 805 etiam
1969 761 2093 820 quod
2115 761 2173 806 sit

208 826 357 884 primo
383 835 578 879 motum,
606 824 782 869 scilicet
807 824 930 883 quod
956 835 1198 870 moveatur
1224 826 1402 870 ratione
1427 827 1640 884 suiipsius
1667 836 1711 871 et
1735 840 1831 871 non
1856 827 2035 872 ratione
2061 841 2170 872 suae

209 893 362 951 partis,
389 893 505 937 sicut
532 901 742 936 movetur
769 891 940 936 animal
965 906 1047 951 per
1079 902 1259 937 motum
1279 893 1421 951 pedis.
1451 893 1526 937 Sic
1554 893 1678 937 enirn
1712 903 1862 938 totum
1898 907 1994 939 non
2019 907 2174 938 move-

209 969 339 1003 retur
358 973 383 1003 a
410 973 473 1012 se,
501 959 577 1002 sed
606 973 630 1001 a
657 971 739 1002 sua
765 968 916 1017 parte;
943 968 988 1002 et
1009 972 1100 1002 una
1124 973 1228 1017 pars
1251 959 1305 1002 ab
1326 958 1429 1003 alia.
1457 959 1656 1017 Oportet
1682 960 1821 1004 etiam
1846 960 1999 1018 ipsum
2025 960 2174 1004 divisi-

208 1025 298 1069 bile
326 1039 424 1070 esse
452 1034 496 1069 et
527 1026 696 1070 habere
722 1034 887 1082 partes,
924 1039 1067 1084 quum
1093 1039 1232 1070 omne
1259 1026 1383 1084 quod
1409 1035 1622 1070 movetur
1653 1027 1710 1070 sit
1734 1026 1974 1082 divisibile,
1999 1036 2050 1071 ut
2073 1040 2174 1086 pro·

206 1092 375 1137 batur
364 1107 411 1136 m
438 1102 564 1136 sexto
591 1092 774 1150 Physic.
803 1093 853 1149 (t.
882 1106 920 1135 c.
951 1104 1018 1150 32.
1047 1100 1090 1135 et
1117 1092 1224 1148 88..)
1247 1092 1330 1135 His
1357 1093 1615 1150 suppositis,
1642 1091 1716 1136 sic
1735 1093 1894 1151 arguit.

296 1159 399 1203 Hoc
427 1159 549 1217 quod
578 1173 603 1202 a
629 1159 780 1217 seipso
808 1158 991 1217 ponitur
1017 1160 1209 1211 moveri,
1241 1167 1308 1201 est
1332 1158 1482 1216 primo
1508 1168 1712 1212 motum3
1746 1173 1856 1217 ergo
1884 1159 1940 1204 ad
1972 1160 2173 1219 quietem

207 1226 341 1270 unius
367 1227 509 1301 partis
533 1214 771 1286 ejusssnon)
791 1225 993 1283 sequitur
1026 1225 1153 1283 quies
1178 1225 1332 1269 totius
1368 1225 1415 1268 Si
1449 1225 1587 1278 enim,
1619 1225 1882 1284 quiescente
1915 1240 2006 1271 una
2030 1236 2172 1285 parte,

207 1292 295 1337 alia
337 1307 440 1352 pars
474 1294 568 1351 ejus
602 1301 877 1345 moveretur,
910 1301 1018 1335 tunc
1051 1293 1201 1350 ipsum
1231 1300 1382 1335 totum
1408 1305 1504 1335 non
1535 1301 1655 1335 esset
1685 1291 1835 1350 primo
1868 1302 2063 1349 motum,
2094 1292 2178 1340 sed*

205 1375 308 1418 pars
345 1361 440 1418 ejus
467 1374 583 1419 quae
620 1369 845 1414 movetur,
883 1359 971 1403 alia
997 1359 1274 1418 quiescente.
1311 1358 1439 1403 Nihil
1467 1368 1620 1402 autern
1662 1358 1786 1416 quod
1812 1359 2018 1418 quiescit,
2054 1359 2176 1419 quie-

206 1437 362 1472 scente
399 1427 506 1480 alio,
533 1435 744 1471 movetur
781 1440 807 1469 a
832 1426 997 1485 seipso.
1028 1425 1173 1484 CuJus
1211 1425 1332 1469 enim
1362 1425 1488 1484 quies
1525 1425 1581 1468 ad
1608 1424 1810 1484 quietem
1836 1426 2038 1485 sequitur
2069 1425 2176 1471 alte·

206 1494 315 1570 rius,
342 1504 524 1553 oportet
549 1493 671 1552 quod
698 1503 851 1537 motus
876 1493 933 1536 ad
960 1502 1139 1536 motum
1168 1491 1351 1536 alterius
1377 1501 1614 1550 sequatur3
1643 1501 1688 1536 et
1713 1492 1778 1536 sic
1799 1505 1895 1536 non
1920 1501 2175 1538 movetura

206 1561 374 1619 seipso.
409 1561 529 1619 Ergo
556 1560 648 1604 hoc
674 1560 798 1618 quod
823 1559 1078 1618 ponebatur
1116 1573 1142 1602 a
1167 1559 1318 1616 seipso
1346 1560 1540 1613 moveri,
1574 1572 1669 1602 non
1696 1569 1908 1603 movetur
1945 1573 1971 1604 a
1997 1558 2149 1619 seipso
2159 1575 2174 1615 ξ

208 1642 393 1671 necesse
422 1637 489 1671 est
515 1641 624 1685 ergo
652 1641 791 1670 omne
819 1625 941 1702 quod
969 1635 1181 1670 movetur
1208 1625 1261 1669 ab
1291 1625 1381 1669 alio
1410 1625 1599 1668 moveri.

295 1694 393 1739 Nec
422 1693 576 1738 obviat
600 1694 706 1737 huic
733 1693 899 1737 rationi
924 1693 1047 1752 quod
1068 1692 1184 1737 forte
1212 1691 1373 1751 aliquis
1398 1701 1552 1750 posset
1578 1676 1730 1736 dicere
1755 1693 1879 1752 quod
1907 1692 2019 1752 ejus,
2045 1692 2171 1771 quod

208 1762 391 1820 ponitur
417 1775 606 1805 movere
632 1761 847 1820 seipsum,
875 1775 976 1819 pars
1008 1774 1102 1804 non
1129 1770 1281 1818 potest
1307 1760 1565 1818 quiescere;
1601 1770 1645 1804 et
1675 1760 1856 1815 iterum,
1882 1761 2007 1820 quod
2032 1761 2171 1820 partis

208 1843 303 1873 non
329 1838 398 1873 est
429 1828 661 1887 quiescere
687 1827 761 1872 vel
787 1828 965 1872 moveri
999 1827 1088 1871 nisi
1119 1841 1199 1886 per
1231 1827 1457 1880 accidens,
1485 1837 1534 1870 ut
1565 1827 1804 1871 Avicenna
1842 1827 2171 1883 calumniatum

209 1896 314 1955 quia
339 1896 406 1939 vis
431 1895 619 1939 rationis
652 1896 698 1939 in
729 1895 819 1939 hoc
849 1894 1067 1948 consistit,
1096 1894 1232 1953 quod,
1255 1894 1294 1938 si
1316 1893 1485 1952 aliquid
1511 1894 1713 1952 seipsum
1741 1904 1928 1938 moveat
1950 1895 2102 1954 primo
2128 1905 2173 1940 et

208 1977 288 2021 per
313 1977 377 2016 se,
402 1976 497 2005 non
527 1963 703 2006 ratione
729 1962 941 2019 partium,
975 1970 1155 2019 oportet
1181 1961 1303 2020 quod
1330 1975 1463 2004 suum
1490 1961 1667 2004 moveri
1708 1974 1803 2004 non
1829 1961 2084 2020 dependeat
2116 1961 2171 2006 ab

211 2030 389 2088 aliquo;
408 2029 586 2073 moveri
602 2038 754 2073 autem
772 2028 912 2086 ipsius
941 2028 1189 2081 divisibilis,
1207 2029 1324 2071 sicut
1337 2037 1382 2071 et
1403 2028 1498 2085 ejus
1516 2041 1629 2080 esse,
1657 2027 1884 2086 dependet
1899 2043 1926 2072 a
1945 2028 2171 2086 partibus3

210 2107 252 2141 et
278 2097 342 2140 sic
369 2110 464 2140 non
489 2105 638 2154 potest
663 2097 863 2153 seipsum
890 2109 1078 2139 movere
1103 2094 1253 2154 primo
1281 2105 1326 2138 et
1350 2108 1429 2152 per
1460 2108 1522 2138 se.
1556 2094 1664 2138 Non
1686 2094 1927 2153 requiritur
1951 2109 2079 2154 ergo,
2112 2096 2169 2141 ad

207 2164 445 2207 veritatem
478 2162 799 2207 conditionalis
825 2162 1053 2216 inductae,
1079 2161 1202 2220 quod
1235 2171 1463 2220 supponat
1497 2171 1675 2219 partem
1709 2161 1940 2207 moventis
1970 2164 2172 2222 seipsum

212 2230 458 2289 quiescere,
486 2230 615 2288 quasi
647 2229 880 2305 quoddam
911 2243 1072 2273 verum
1108 2228 1328 2282 absolute,
1346 2229 1424 2273 sed
1444 2238 1626 2287 oportet
1650 2229 1770 2272 hanc
1810 2229 2171 2275 conditionalem

209 2311 307 2342 esse
342 2311 515 2350 veram,
549 2297 684 2355 quod,
714 2313 738 2338 «
766 2297 803 2340 si
838 2296 1090 2355 quiesceret
1122 2311 1239 2355 pars,
1278 2296 1531 2355 quiesceret
1561 2306 1710 2340 totum
1742 2312 1795 2351 »3
1833 2311 1949 2356 quae
1985 2298 2171 2357 quidem

208 2373 356 2423 potest
383 2377 480 2408 esse
513 2378 634 2418 vera,
661 2363 840 2407 etiamsi
867 2363 1141 2407 antecedens
1165 2363 1220 2407 sit
1252 2362 1559 2421 impossibile:
1589 2363 1706 2407 sicut
1730 2365 1815 2408 ista
1847 2364 2171 2411 conditionalis

208 2441 275 2475 est
299 2444 430 2475 vera:
461 2446 483 2471 c<
507 2430 557 2474 Si
582 2430 726 2474 homo
755 2440 824 2474 est
856 2429 1024 2483 asinus,
1052 2440 1120 2474 est
1152 2429 1427 2474 irrationalis
1450 2446 1490 2473 ι).

298 2497 510 2541 Secundo
528 2497 691 2555 probat
708 2496 867 2555 (Phys.
891 2495 1013 2539 VIII.
1031 2506 1061 2539 t.
1082 2510 1120 2539 c.
1142 2509 1211 2553 27.
1232 2506 1275 2540 et
1293 2497 1439 2555 seqq.)
1467 2511 1547 2555 per
1563 2497 1880 2542 inductionem
1897 2499 1988 2544 sic:
2013 2499 2171 2547 Omne

208 2564 330 2624 quod
357 2573 569 2608 movetur
596 2577 675 2622 per
702 2563 928 2618 accidens,
946 2577 1040 2606 non
1059 2574 1270 2607 movetur
1288 2578 1313 2606 a
1340 2563 1513 2622 seipso;
1541 2575 1754 2609 movetur
1770 2565 1895 2609 enim
1912 2566 1968 2610 ad
1990 2576 2170 2611 motum

207 2631 402 2675 alterius.
433 2630 653 2674 Similiter
678 2644 825 2689 neque
853 2630 975 2689 quod
1018 2641 1229 2674 movetur
1255 2644 1334 2689 per
1358 2630 1641 2686 violentiam,
1676 2642 1724 2676 ut
1755 2632 2049 2678 manifestum
2077 2643 2168 2689 est;

207 2713 354 2757 neque
373 2712 488 2757 quae
510 2707 753 2741 moventur
770 2711 849 2755 per
866 2707 1090 2752 naturam,
1108 2706 1156 2741 ut
1174 2711 1227 2741 ex
1245 2711 1292 2741 se
1310 2707 1452 2751 mota,
1479 2698 1595 2742 sicut
1614 2699 1829 2743 animalia
1855 2714 1972 2759 quae
1989 2710 2170 2746 constat

209 2766 261 2809 ab
290 2765 442 2809 anima
469 2765 671 2819 moveri;
696 2778 780 2809 nec
803 2764 968 2808 iterum
987 2778 1102 2823 quae
1120 2774 1362 2808 moventur
1380 2779 1459 2823 per
1480 2774 1706 2820 naturam,
1729 2776 1778 2810 ut
1794 2767 1948 2824 gravia
1970 2777 2015 2812 et
2035 2767 2168 2823 levia,

206 2833 312 2891 quia
338 2832 452 2875 haec
480 2841 723 2875 moventur
741 2845 765 2874 a
782 2841 1027 2889 generante
1046 2841 1090 2875 et
1106 2841 1372 2875 removente
1399 2831 1659 2890 prohibens.
1689 2833 1844 2878 Omne
1872 2843 2027 2879 autem
2044 2835 2168 2894 quod

207 2908 433 2952 movetur,
461 2908 536 2942 aut
563 2908 774 2943 movetur
801 2912 878 2957 per
904 2911 966 2952 se,
995 2908 1071 2942 aut
1087 2913 1167 2957 per
1194 2898 1418 2943 accidens.
1439 2898 1487 2942 Si
1504 2913 1585 2958 per
1610 2913 1673 2953 se,
1691 2899 1766 2944 vel
1783 2913 1864 2959 per
1882 2900 2169 2956 violentiam,

206 2965 282 3010 vel
306 2979 386 3024 per
410 2975 649 3019 naturam3
678 2974 723 3009 et
747 2965 838 3009 hoc
865 2965 939 3009 vel
966 2975 1146 3009 motum
1173 2980 1227 3009 ex
1253 2980 1316 3019 se,
1342 2976 1391 3010 ut
1409 2965 1594 3020 animal,
1615 2965 1689 3010 vel
1705 2981 1800 3011 non
1818 2977 1998 3018 motum
2023 2982 2079 3014 ex
2104 2983 2169 3024 se,

207 3043 256 3076 ut
281 3046 418 3091 grave
446 3041 489 3076 et
515 3031 629 3076 leve.
658 3031 779 3091 Ergo
814 3046 951 3075 omne
980 3033 1102 3090 quod
1129 3042 1341 3076 movetur
1373 3033 1426 3076 ab
1462 3032 1552 3076 alio
1586 3043 1810 3078 movetur.
2120 3062 2122 3065 f

298 3098 458 3144 Tertio
486 3099 649 3157 probat
676 3098 835 3157 (Phys.
863 3098 987 3142 VIII.
1006 3108 1036 3143 t.
1056 3114 1093 3143 c.
1117 3099 1212 3156 4ο.)
1240 3099 1329 3143 sic:
1356 3098 1485 3144 Nihil
1509 3099 1633 3144 idem
1661 3110 1729 3144 est
1754 3101 1891 3145 simul
1916 3101 1962 3147 in
1988 3113 2093 3148 actu
2124 3114 2171 3149 et

134 3223 142 3230 ο
206 3167 253 3211 in
279 3166 496 3225 potentia,
523 3175 730 3225 respectu
765 3167 968 3224 eJusdem
984 3181 995 3221 ;
1022 3166 1101 3210 sed
1129 3179 1267 3210 omne
1301 3166 1421 3224 quod
1445 3178 1671 3221 movetur,
1703 3167 1750 3211 in
1778 3178 1998 3227 quantum
2017 3170 2171 3230 hujus·

210 3233 350 3287 modi,
373 3243 442 3278 est
465 3234 511 3276 in
539 3232 756 3291 potentia,
783 3232 887 3291 quia
916 3242 1066 3277 motus
1090 3243 1156 3277 est
1184 3244 1308 3277 actus
1342 3232 1572 3277 existentis
1599 3234 1644 3277 in
1672 3235 1889 3293 potentia,
1915 3237 2168 3283 secundum

209 3300 331 3359 quod
356 3300 635 3358 hujusmodi.
665 3299 820 3345 Omne
855 3310 1007 3344 autem
1035 3300 1155 3359 quod
1184 3309 1339 3344 movet
1372 3311 1439 3344 est
1463 3300 1509 3344 in
1544 3311 1662 3355 actu,
1688 3302 1735 3345 in
1771 3313 1993 3362 quantum
2018 3304 2170 3363 huius·

210 3367 349 3420 modi,
377 3367 482 3426 quia
508 3366 623 3411 nihil
650 3367 757 3425 agit,
775 3367 860 3411 nisi
879 3367 1130 3412 secundum
1157 3367 1279 3426 quod
1299 3377 1366 3411 est
1387 3367 1432 3411 in
1451 3378 1567 3413 actu.
1587 3368 1708 3427 Ergo
1725 3369 1843 3415 nihil
1861 3380 1944 3427 est,
1959 3381 2168 3431 respectu

210 3433 430 3492 ejusdem,
457 3447 649 3478 movens
676 3443 779 3479 actu
809 3443 853 3479 et
879 3443 1080 3489 motum3
1107 3443 1152 3478 et
1177 3434 1241 3479 sic
1268 3434 1383 3478 nihil
1409 3446 1567 3479 movet
1593 3436 1809 3495 seipsum.

300 3500 549 3545 Sciendum
577 3510 729 3545 autem
757 3501 878 3560 quod
905 3500 1053 3555 Plato,
1080 3503 1156 3560 qui
1183 3501 1333 3560 posuit
1359 3515 1497 3546 omne
1523 3516 1716 3548 movens
1743 3503 1956 3560 moveri,
1961 3515 2168 3556 commu·

209 3568 310 3613 nius
329 3568 503 3627 accepit
519 3581 689 3613 nomen
708 3577 861 3613 motus
871 3582 1010 3627 quam
1020 3567 1301 3614 Aristoteles.
1318 3568 1587 3615 Aristoteles
1599 3570 1719 3614 enim
1734 3571 1894 3632 (Phys
1905 3566 1984 3621 111
1999 3581 2032 3619 t.
2038 3576 2088 3620 -c'-
2100 3572 2166 3632 6)
