2332 3854
721 286 875 325 Lim-:a
914 286 991 325 111.
1032 286 1151 326 cn.
1193 286 1300 326 xm.
1905 286 2009 342 337

48 387 220 443 subise,
246 398 291 434 et
320 387 581 434 seeundum*
597 387 790 432 modum
815 402 923 433 suae
949 389 1250 443 substantiae;
1275 388 1401 448 quod
1434 387 1675 447 praecipue
1707 400 1896 432 necesse
1923 398 2012 442 est,

47 454 93 499 si.
109 453 463 514 illudqnocfflest
487 467 621 512 supra
651 454 800 513 ipsam
825 454 883 499 sit
909 469 1045 499 causa
1079 457 1190 514 ejus,
1213 469 1355 514 quum
1381 463 1591 514 oporteat
1614 454 1660 497 in
1687 453 1919 499 effectibus
1945 455 2004 498 si-

9 519 11 521 ’
47 519 363 567 militudinem¹
377 521 571 565 inveniri
602 534 780 564 causae.
815 520 963 573 Unde,
991 534 1133 580 quum
1158 523 1284 570 Deus
1310 521 1368 566 sit
1394 535 1531 566 causa
1557 522 1766 565 omnium
1802 521 2004 566 substan·-

47 586 212 632 tinntm
237 586 625 632 intellectualium.
643 596 912 640 creatarum,
939 597 987 630 ut
1013 602 1066 631 ex
1098 582 1407 646 superioribus
1434 587 1559 642 (Lib.
1594 587 1651 631 ΙΙ.
1677 601 1715 633 c.
1748 588 1835 645 15.)
1864 597 2001 646 patet,

47 666 237 699 neeesse
261 653 479 712 est-quod⁴
504 652 832 698 intellectuales
858 653 1134 697 substan-tiae
1161 664 1410 712 separatae,
1436 654 1917 712 cognoscendosuam
1942 669 2008 699 es-

47 719 257 774 sentiam,
289 729 572 778 cognoscant
597 733 677 779 per
702 720 894 763 modum
920 721 1108 764 visionis
1137 722 1373 778 cujusdam
1399 722 1548 780 ipsum
1574 722 1740 767 Deum.
1767 721 1860 766 Res
1882 722 2007 766 enirn

46 783 124 831 illa
149 798 230 843 per
254 785 553 839 intellectu-m,
575 786 765 830 visionis
786 786 944 839 mode,
967 788 1260 845 cognoscitur
1283 790 1412 846 cujus
1435 788 1684 832 similitudo
1706 789 1751 832 in
1773 787 2006 832 intellectu

47 851 234 907 exsistit,
259 851 377 896 sicut
401 862 446 896 et
472 851 724 896 similitudo
749 853 813 896 rei
839 853 1137 910 corporaliter
1162 854 1285 897 visae
1313 865 1380 898 est
1404 854 1451 897 in
1477 868 1614 898 sensu
1654 854 1862 898 videntis.
1900 853 2011 907 Qui-

48 929 253 978 cttmque-
270 932 387 978 ergo*
407 917 665 963 intellectus
693 918 989 976 apprehendit
1025 920 1323 963 substantiam
1366 931 1638 978 separatam,
1679 920 2020 979 cognoscendo

47 983 107 1029 de
130 984 318 1043 etquid
344 993 427 1038 est,
452 984 575 1029 videt
615 979 767 1028 Deum
810 984 960 1028 altiori
1001 986 1142 1030 modo
1185 1001 1323 1045 quam
1366 986 1519 1045 aliqua
1562 987 1895 1046 praedictarum
1935 1000 2010 1032 co·

39 1060 309 1108 gnoscatur.

138 1115 262 1169 Quia
295 1131 405 1175 ergo
447 1117 631 1176 quidam
658 1128 905 1176 posuerunt
932 1118 1141 1162 ultimam
1182 1118 1447 1163 felicitatem
1484 1119 1686 1163 hominis
1712 1133 1810 1164 esse
1846 1121 1894 1164 in
1919 1119 2008 1164 hac

46 1182 154 1236 vita,
170 1196 252 1242 per
274 1182 364 1228 hoc
391 1183 515 1243 quod
542 1184 783 1242 cognoscit
798 1185 1068 1229 substantias
1086 1195 1330 1243 separatas,
1350 1186 1731 1230 considerandum
1760 1196 1828 1230 est
1854 1196 2008 1230 utrum

46 1248 192 1295 homo
217 1250 268 1294 in
289 1250 375 1295 hac
394 1250 486 1295 vita
510 1251 654 1310 possit
677 1251 949 1295 substantias
974 1261 1204 1310 separatas
1233 1265 1528 1309 cognoscere.
1561 1252 1664 1295 Hoc
1698 1262 1851 1310 autem
1878 1266 2013 1311 quae·

46 1315 245 1361 stionem
276 1316 426 1361 habet.
453 1316 716 1361 Intellectus
743 1318 866 1360 enim
899 1328 1069 1371 noster,
1097 1318 1348 1362 secundum
1375 1328 1543 1363 statum
1565 1329 1869 1377 praesentem,
1894 1318 2010 1363 nihil

0 1408 2 1413 v
45 1382 261 1443 intelligit
288 1383 386 1428 sine
417 1384 749 1442 phantasmate,
776 1383 899 1442 quod
925 1384 987 1427 ita
1013 1398 1061 1427 se
1087 1384 1223 1427 habet
1241 1385 1296 1428 ad
1311 1383 1593 1428 intellectum
1619 1384 1901 1443 possibilem,
1917 1399 2008 1444 quo

44 1445 359 1508 intelligimus,
386 1450 503 1494 sicut
543 1463 592 1494 se
632 1450 801 1494 habent
827 1449 1007 1494 colores
1034 1451 1090 1493 ad
1116 1450 1283 1503 visum,
1310 1460 1360 1494 ut
1390 1460 1512 1509 patet
1551 1465 1603 1495 ex
1629 1451 1700 1496 his
1727 1466 1845 1510 quae
1869 1453 1916 1496 in
1942 1466 2006 1496 se-

47 1515 199 1561 cundo
223 1515 286 1574 (e.
313 1515 355 1559 8.
393 1530 458 1576 59.
483 1526 526 1560 et
544 1515 637 1575 73.)
654 1525 846 1566 tractata
869 1526 985 1560 sunt.
1002 1515 1052 1560 Si
1076 1516 1228 1574 igitur,
1247 1531 1326 1575 per
1344 1517 1656 1575 cognitionem
1683 1517 2008 1562 intellectivam

42 1595 164 1641 ¹quae
187 1592 259 1627 est
280 1597 334 1627 ex
360 1583 767 1641 phantasmatibus,
783 1582 924 1641 possit
941 1583 1177 1641 pervenire
1196 1582 1358 1642 aliquis
1384 1593 1593 1627 nostrum
1611 1584 1667 1627 ad
1689 1583 2010 1643 intelligendas

0 1651 5 1699 ζ
45 1648 324 1693 substantias⁴
344 1659 590 1708 separatas,
616 1648 831 1707 possibile
872 1649 955 1692 erit
987 1649 1112 1707 quod
1137 1648 1298 1707 aliquis
1323 1650 1371 1693 in
1396 1649 1483 1693 hac
1510 1650 1602 1694 vita
1634 1650 1858 1709 intelligat
1888 1651 2010 1710 ipsas

0 1730 6 1739 τ
46 1715 329 1760 substantias-
345 1726 590 1774 separatas,
617 1725 764 1773 etper
790 1728 1075 1773 consequens
1101 1715 1299 1758 videndo
1326 1715 1447 1774 ipsas
1480 1716 1751 1760 substantias
1777 1727 2009 1775 separatas

0 1741 15 1838 i
46 1781 333 1842 participabit
357 1783 549 1826 modum
580 1781 700 1826 illius
728 1781 1004 1839 cognitionis
1030 1795 1121 1840 quo
1145 1781 1395 1825 substantia
1420 1792 1642 1840 separata,
1668 1782 1927 1841 intelligens
1946 1797 2009 1837 se,

0 1842 11 1908 ξ·
46 1848 262 1907 intelligit
286 1850 455 1893 Deum.
488 1849 540 1893 Si
575 1859 743 1901 autem,
781 1861 861 1907 per
903 1848 1217 1906 cognitionem
1258 1862 1375 1907 quae
1413 1859 1480 1893 est
1506 1863 1563 1892 ex
1600 1849 2008 1908 phantasmatibus,

0 1909 14 1965 Ξ
46 1914 175 1961 nullo
201 1916 341 1960 modo
372 1915 516 1975 possit
540 1914 779 1974 pervenire
803 1913 859 1957 ad
885 1914 1204 1973 intelligendas
1237 1915 1509 1959 substantias
1535 1926 1779 1975 separatas,
1805 1930 1900 1960 non
1923 1916 2008 1960 erit

49 1981 265 2041 possibile
296 1982 421 2041 quod
454 1982 616 2036 horno,
642 1982 687 2025 in
713 1990 832 2026 statu
863 1981 999 2040 hujus
1025 1981 1160 2035 vitae,
1187 1981 1469 2040 praedictum
1496 1982 1688 2026 modurn
1731 1982 1910 2028 divinae
1937 1997 2011 2027 co-

0 2032 12 2103 ξ
47 2049 266 2108 gnitionis
292 2060 570 2107 assequatur.

0 2105 7 2116 ⁹
139 2114 279 2168 Quod
307 2125 474 2168 autem,
508 2129 562 2159 ex
589 2114 851 2173 cognitione
878 2128 993 2173 quae
1021 2124 1089 2158 est
1114 2129 1193 2173 per
1218 2115 1553 2173 phantasmata,
1579 2117 1636 2160 ad
1657 2114 2007 2174 intelligendum

0 2174 23 2238 ‘j'
45 2182 318 2227 substantias
367 2179 596 2240 separatas
647 2181 882 2239 pervenire
922 2181 1166 2239 possimus,
1205 2181 1344 2241 aliqui
1386 2182 1692 2226 diversimode
1742 2193 2004 2241 posuerunt.

10 2259 21 2304 ’ζ
46 2242 311 2308 Avempace
337 2262 537 2307 namque
562 2248 714 2306 posuit
754 2247 891 2306 quod,
933 2262 1013 2306 per
1053 2248 1252 2291 studium
1285 2248 1666 2307 speculativarum
1699 2249 2006 2307 scientiarum,

7 2335 17 2373 3
44 2327 289 2375 possumus
315 2328 371 2359 ex
395 2314 465 2358 his
491 2314 732 2364 intellectis
758 2328 875 2372 quae
900 2328 978 2373 per
1004 2314 1322 2372 phantasmata
1346 2315 1668 2373 cognoscimus
1689 2315 1924 2374 pervenire
1951 2316 2007 2359 ad

2 2375 19 2426 Ῐὲ
45 2381 364 2442 intelligendas
389 2381 660 2425 substantias
692 2391 937 2440 separatas.
978 2381 1230 2425 Possumus
1267 2381 1391 2425 enim
1429 2383 1607 2427 actione
1647 2381 1904 2426 intellectus
1936 2396 2006 2426 ex-

10 2444 27 2503 ῖῖ
45 2448 226 2494 trahere
267 2448 565 2507 quidditatem
606 2448 672 2491 rei
713 2447 950 2505 cujuslibet
981 2447 1189 2491 habentis
1222 2448 1517 2506 quidditatem
1551 2462 1667 2507 quae
1700 2463 1794 2492 non
1827 2458 1895 2493 est
1925 2463 2007 2494 sua

3 2514 14 2562 ὲ
48 2514 296 2575 quidditas;
329 2525 397 2559 est
433 2515 556 2559 enim
590 2513 844 2558 intellectus
870 2524 1001 2558 natus
1031 2528 1312 2574 cognoscere
1345 2515 1594 2573 quamlibet
1626 2515 1938 2574 quidditatem,
1960 2516 2007 2559 in

8 2591 264 2642 quantum
296 2591 364 2625 est
389 2581 627 2640 quidditas‚
655 2595 796 2639 quum
826 2580 1082 2625 intellectus
1110 2582 1346 2640 proprium
1380 2582 1611 2639 objectum
1646 2582 1703 2625 sit
1748 2583 1871 2640 quod
1899 2582 2006 2641 quid

162 2648 213 2693 Si
244 2658 396 2693 autem
430 2647 556 2702 illud,
582 2648 706 2706 quod
731 2649 879 2705 primo
910 2661 990 2706 per
1015 2647 1298 2692 intellectum
1331 2648 1595 2708 possibilem
1628 2647 1906 2707 intelligitur,
1941 2658 2008 2693 est

4 2714 218 2774 aliquid
243 2714 416 2759 habens
443 2713 756 2772 quidditatem,
781 2727 1024 2772 possumus
1051 2729 1131 2772 per
1156 2712 1439 2758 intellectum
1465 2714 1727 2773 possibilem
1747 2714 2006 2759 abstrahere

20 2780 342 2840 „quidditatem
376 2779 498 2824 illius
540 2780 688 2838 primo
715 2779 958 2834 intellecti3
992 2790 1036 2824 et
1061 2780 1098 2823 si
1125 2779 1204 2823 illa
1241 2780 1464 2838 quidditas
1496 2781 1662 2824 habeat
1693 2780 2006 2839 quidditatem,

24 2840 261 2909 *possibile
287 2847 370 2890 erit
394 2847 558 2890 iterum
586 2846 845 2889 abstrahere
873 2846 1170 2904 quidditatem
1197 2845 1316 2889 illius
1349 2846 1635 2904 quidditatis3
1663 2856 1720 2900 et,
1742 2861 1883 2905 quum
1909 2860 2005 2890 non

32 2907 107 2960 Tsit
141 2912 389 2972 procedere
434 2913 481 2955 in
533 2912 776 2966 infinitum,
809 2922 990 2970 oportet
1035 2913 1157 2971 quod
1201 2922 1340 2957 stetur
1373 2913 1550 2956 alicubi.
1584 2914 1740 2958 Potest
1764 2913 1901 2971 igitur
1939 2913 2008 2956 in-

32 2977 252 3027 ]tellectus
288 2989 442 3024 noster
485 2980 735 3037 pervenire,
757 2980 831 3023 via
868 2979 1174 3033 resolutionis,
1209 2981 1264 3023 ad
1291 2980 1662 3038 cognoscendam
1705 2980 2004 3038 quidditatem

29 3047 326 3102 {substantiae
373 3056 605 3105 separatae
649 3060 744 3090 non
779 3046 1023 3097 habentem
1067 3046 1202 3089 aliam
1239 3047 1549 3105 quidditatem.
1585 3045 1711 3091 Talis
1749 3058 1902 3091 autern
1939 3057 2007 3092 est

29 3113 273 3173 quidditas
296 3113 572 3157 substantiae
597 3122 845 3170 separatae.
879 3114 1035 3156 Potest
1076 3113 1212 3170 igitur
1252 3112 1508 3158 intellectus
1535 3124 1702 3167 noster,
1735 3128 1814 3172 per
1847 3115 2004 3172 cogni-

33 3175 223 3237 ,jn'onem
249 3193 366 3238 quae
392 3193 447 3223 ex
473 3179 863 3237 phantasmatibus
900 3179 1131 3239 accipitur,
1173 3179 1407 3237 pervenire
1451 3181 1506 3224 ad
1547 3179 1865 3239 intelligendas
1907 3180 2006 3225 sub-

128 3246 234 3290 ·tias
260 3256 502 3303 separatas.

19 3352 42 3358 .,
135 3313 349 3357 Procedit
380 3323 533 3356 autem
561 3312 616 3356 ad
643 3312 975 3356 ostendendum
1014 3312 1135 3356 idem
1177 3327 1256 3371 per
1303 3312 1439 3356 aliam
1474 3312 1667 3357 similem
1702 3313 1839 3358 viam.
1867 3313 2005 3357 Ponit

33 3378 171 3441 gfm·
196 3380 318 3438 quod
345 3378 625 3423 intellectum
651 3374 781 3422 unius
807 3379 886 3432 rei,
909 3389 957 3423 ut
979 3390 1086 3438 puta
1113 3380 1231 3438 equi,
1260 3380 1375 3438 apud
1403 3394 1477 3423 me
1505 3390 1549 3423 et
1575 3380 1692 3439 apud
1720 3390 1762 3423 te
1790 3379 2001 3438 multipli-

122 3461 175 3490 ur
199 3446 349 3491 solum
368 3461 447 3505 per
473 3445 900 3504 multiplicationem
919 3447 1174 3504 specierum
1199 3445 1513 3504 spiritualium,
1532 3460 1647 3505 quae
1669 3457 1772 3490 sunt
1798 3447 2002 3492 diversae

63 3534 84 3549 ·
121 3526 194 3562 me
225 3514 332 3557 etin
348 3523 406 3557 te.
427 3512 624 3571 Oportet
650 3513 785 3570 igitur
806 3513 927 3571 quod
944 3513 1224 3557 intellectum
1246 3513 1366 3572 quod
1390 3527 1483 3556 non
1501 3523 1774 3557 sustentatur
1791 3513 1835 3556 in
1854 3513 2004 3574 aliqua

112 3579 312 3638 jusmodi
335 3578 488 3638 speci'e.
518 3579 575 3623 sit
600 3578 720 3623 idem
747 3579 864 3637 apud
881 3589 925 3623 te
948 3589 992 3623 et
1019 3580 1134 3638 apud
1152 3594 1240 3622 me.
1262 3580 1351 3624 Sed
1368 3580 1593 3639 quidditas
1619 3579 2003 3640 intellecti,quam

42 3645 48 3647 ξ
127 3665 130 3667 ·
187 3655 483 3691 ctusnoster
508 3655 641 3690 natus
666 3656 733 3690 est
758 3645 1032 3700 abstrahere,
1061 3656 1108 3690 ut
1133 3647 1374 3705 probatum
1402 3656 1481 3700 est,
1515 3661 1608 3692 non
1634 3647 1772 3691 habet
1799 3646 2001 3706 aliquam

182 3747 219 3782 S.
245 3747 399 3783 Τιιοιιιε
426 3748 558 3782 Summa
582 3754 691 3782 contra
717 3747 872 3782 Gentiles.
1828 3759 1869 3782 22
