2332 3854
243 154 352 222 516
878 166 1034 204 LIBER
1073 164 1557 203 111.CAP.Cval1.

239 269 462 328 sequitur:
502 270 565 314 Ne
589 270 702 327 sorte
739 269 966 326 colligentes
998 268 1177 325 zizania,
1215 265 1430 311 eradicetis
1459 250 1586 311 simul
1618 282 1711 311 cum
1737 269 1792 312 eis
1827 275 1863 313 et
1901 263 2103 315 triticum.
2129 269 2200 332 Ibi

239 350 348 394 ergo
376 336 653 379 interdicitur
679 334 905 378 malorum
934 334 1106 377 occisio
1134 333 1209 375 ubi
1234 333 1324 375 hoc
1352 332 1448 376 sine
1475 332 1678 391 periculo
1710 335 1939 378 bonorum
1972 327 2090 379 fieri
2100 337 2210 383 non·

238 413 409 460 potest;
437 403 558 461 quod
586 402 852 460 plerumque
881 400 1104 457 contingit
1126 399 1308 474 quando
1333 399 1442 441 mali
1464 400 1669 443 nondum
1688 401 2004 446 discernuntur
2022 400 2195 448 abonis
2215 458 2217 460 Ι

239 484 317 527 per
343 468 579 512 manifesta
607 478 807 525 peccata,
834 467 906 509 vel
934 467 1116 523 quando
1144 465 1327 508 timetur
1353 465 1606 523 periculum
1631 479 1689 510 ne
1716 466 1825 510 mali
1852 466 2022 527 multos
2047 467 2196 535 bonos

238 546 342 594 post
373 550 418 579 se
450 536 643 578 trahant
680 533 817 584 Quod
851 546 959 575 vero
994 531 1116 586 mali,
1153 530 1381 590 quamdiu
1399 531 1570 586 vivunt,
1604 532 1835 576 emendari
1867 524 2070 592 possunt,
2101 529 2196 581 n'on

237 602 445 660 prohibet
471 602 583 675 quin·
604 602 717 656 juste
745 600 919 657 possint
946 598 1118 651 occidi3
1147 598 1253 656 quia
1278 597 1532 655 periculum
1559 599 1681 656 quod
1714 599 1769 642 de
1803 612 1963 648 eorum
1988 594 2095 644 vita
2104 592 2196 646 im-

237 668 379 711 minet
405 677 472 710 est
497 668 642 722 majus
666 675 709 709 et
736 667 899 708 certius
926 679 1064 723 quam
1089 665 1263 708 bonum
1291 664 1413 722 quod
1439 665 1497 712 de
1522 679 1681 708 eorum
1709 657 2029 711 emendatione
2062 668 2192 744 expe-

237 744 393 778 ctatur
422 734 601 775 Habent
628 733 763 775 etiam
790 732 836 774 in
863 732 962 789 ipso
989 731 1149 775 mortis
1177 729 1366 774 articulo
1393 729 1657 774 facultatem
1685 742 1732 776 ut
1758 745 1838 790 per
1862 733 2190 791 poenitentiam

235 810 556 844 convertantur
583 799 637 841 ad
664 799 829 843 Deum.
867 797 1006 850 Quod
1040 797 1077 841 si
1110 797 1224 840 adeo
1251 806 1355 842 sunt
1381 797 1594 840 obstinati
1629 797 1750 856 quod
1783 798 1921 842 etiam
1952 798 1998 842 in
2032 798 2192 844 mortis

235 866 425 909 articulo
454 879 534 908 cor
560 879 719 909 eorum
748 879 772 908 a
800 865 974 907 malitia
1000 878 1094 907 non
1120 863 1315 917 recedat,
1344 864 1450 907 satis
1476 864 1768 922 probabiliter
1791 864 2020 913 aestimari
2040 864 2193 927 potest

236 933 357 991 quod
383 946 617 990 nunquam
645 946 670 974 a
696 931 868 975 malitia
896 931 1175 990 resipiscant.

915 1145 1169 1202 CAPUT
1213 1145 1520 1201 CXLVIIL

470 1281 676 1327 QUOD
725 1281 931 1319 HOMO
979 1281 1287 1319 INDIGET
1340 1281 1598 1319 DIVINO
1647 1248 1954 1320 AUXILIO

696 1355 770 1392 AD
813 1356 1233 1394 BEATITUDINEM
1274 1355 1746 1401 CONSEQUENDAM.

902 1465 1032 1521 (I—II.
1062 1471 1212 1524 quaest.
1237 1465 1319 1508 ΙΙΙ.
1347 1471 1427 1509 art.
1449 1465 1524 1524 5.).

322 1590 444 1642 Quia
469 1604 578 1634 vero
606 1604 659 1634 ex
685 1590 990 1649 superioribus
1014 1590 1307 1635 manifestum
1336 1600 1403 1635 est
1428 1591 1550 1649 quod
1573 1590 1725 1634 divina
1750 1590 2037 1649 providentia
2064 1587 2193 1635 aliter

231 1657 429 1716 disponit
455 1667 682 1701 creaturas
707 1658 953 1701 rationales
981 1672 1116 1716 quam
1150 1673 1220 1702 res
1254 1657 1379 1711 alias,
1406 1658 1658 1701 secundum
1692 1657 1814 1716 quod
1846 1657 1893 1701 in
1926 1656 2189 1715 conditione
2226 1681 2230 1683 -

229 1735 416 1768 naturae
438 1725 648 1783 propriae
676 1724 729 1767 ab
759 1724 857 1768 aliis
881 1723 1107 1778 differunt,
1131 1734 1268 1768 restat
1294 1724 1628 1768 ostendendum
1640 1724 1784 1783 quod,
1805 1724 1943 1768 etiam
1970 1738 2026 1768 ex
2051 1711 2193 1783 digni·

228 1801 319 1835 tate
346 1791 461 1844 finis,
489 1790 660 1835 altioris
687 1791 1026 1849 gubernationis
1054 1791 1219 1835 modus
1247 1805 1271 1834 a
1298 1791 1450 1834 divina
1477 1791 1768 1849 providentia
1795 1791 1859 1835 eis
1886 1790 2146 1835 adhibetur

318 1856 608 1900 Manifestum
637 1868 704 1901 est
730 1867 881 1900 autem
910 1857 1047 1915 quod,
1074 1857 1326 1901 secundum
1359 1857 1729 1901 convenientiam
1762 1871 1872 1902 suae
1897 1863 2101 1922 naturae,
2134 1857 2189 1901 ad

228 1923 436 1967 altiorem
463 1923 858 1982 participationem
891 1923 992 1967 finis
1025 1925 1305 1982 perveniunt.
1342 1923 1465 1976 Quia
1498 1924 1621 1967 enim
1652 1923 1972 1968 intellectualis
2002 1910 2190 1968 n'at'urae

228 2000 345 2044 sunt,
371 2004 451 2049 per
472 2004 602 2033 suam
629 1991 943 2049 operationem
967 1990 1301 2049 intelligibilem
1323 1991 1560 2034 veritatem
1586 1990 1806 2049 attingere
1828 1999 2041 2049 possunt,
2067 1989 2191 2049 quod

229 2056 326 2101 aliis
352 2058 485 2101 rebus
511 2071 605 2100 non
634 2058 853 2116 competit
878 2071 994 2116 quae
1021 2058 1253 2102 intellectu
1282 2068 1450 2101 carent.
1480 2057 1536 2100 Et
1561 2057 1813 2101 secundum
1837 2056 1960 2116 quod
1987 2056 2043 2101 ad
2065 2056 2192 2100 intel-

228 2124 450 2183 ligibilem
476 2125 713 2168 veritatem
740 2123 935 2167 naturali
963 2126 1230 2183 operatione
1258 2125 1539 2183 perveniunt,
1564 2104 1855 2167 manifestum
1879 2132 1946 2168 est
1970 2123 2035 2167 eis
2062 2122 2193 2167 aliter

226 2191 454 2267 provideri
479 2191 690 2234 divinitus
717 2205 855 2249 quam
883 2190 981 2234 aliis
1008 2191 1155 2244 rebus,
1183 2193 1228 2234 in
1257 2202 1478 2250 quantum
1497 2191 1675 2234 homini
1692 2190 1822 2234 datus
1845 2190 1914 2234 es't
1933 2187 2190 2234 intellectus

226 2267 271 2301 et
295 2258 426 2311 ratio,
451 2272 532 2333 per
557 2272 672 2316 quae
700 2259 938 2301 veritatem
972 2266 1015 2301 et
1049 2258 1304 2302 discernere
1338 2268 1382 2302 et
1413 2258 1686 2316 investigare
1717 2257 1874 2316 possit.
1907 2257 2055 2301 Datae
2085 2252 2192 2301 sunt

225 2325 363 2368 etiam
391 2327 432 2368 ei
457 2325 574 2368 vires
601 2325 857 2377 sensitivae,
876 2334 920 2368 et
944 2325 1182 2369 interiores
1209 2334 1253 2368 et
1277 2326 1536 2378 exteriores,
1555 2324 1716 2383 quibus
1745 2323 1800 2367 ad
1826 2322 2190 2385 investigandam

223 2392 462 2435 veritatem
485 2392 731 2450 adjuvetur.
764 2392 910 2435 Datus
938 2402 1006 2435 est
1028 2391 1166 2435 etiam
1194 2393 1232 2435 ei
1260 2391 1472 2450 loquelae
1495 2404 1617 2444 usus,
1641 2404 1720 2449 per
1743 2391 1870 2448 cujus
1893 2388 2096 2434 officiam
2116 2404 2190 2434 ve-

223 2458 403 2502 ritatem
431 2473 568 2517 quam
596 2458 755 2517 aliquis
778 2469 930 2502 mente
954 2459 1154 2517 concipit
1177 2458 1306 2503 alteri
1327 2457 1618 2502 manifestare
1641 2456 1807 2516 possit3
1829 2464 1879 2501 ut
1894 2456 1959 2501 sic
1977 2456 2190 2514 homines

223 2527 397 2584 seipsos
423 2527 578 2584 juvent
604 2526 650 2568 in
674 2526 938 2584 cognitione
963 2526 1180 2579 veritatis,
1203 2526 1320 2569 sicut
1345 2534 1388 2568 et
1414 2525 1460 2568 in
1488 2524 1585 2567 aliis
1611 2524 1743 2567 rebus
1764 2523 2032 2568 necessariis
2050 2522 2189 2582 Vitae,

224 2606 366 2651 quum
392 2593 448 2636 sit
472 2592 617 2636 homo
645 2591 834 2636 animal'
840 2593 1103 2636 naturaliter
1130 2591 1312 2636 sociale.
1333 2592 1423 2636 Sed
1441 2591 1627 2636 ulterius
1653 2589 1839 2634 ultimus
1862 2589 1964 2634 finis
1986 2588 2189 2634 hominis

223 2659 269 2702 in
296 2659 493 2718 quadam
529 2659 729 2702 veritatis
768 2660 1031 2737 cognitione
1070 2659 1341 2703 constitutus
1374 2668 1454 2711 est,
1487 2671 1604 2717 quae
1635 2656 1891 2701 naturalem
1921 2645 2193 2701 facultatem·

222 2726 362 2784 ipsius
389 2726 579 2780 excedit,
602 2736 650 2770 ut
665 2725 876 2770 scilicet
865 2741 1011 2784 ipsam
1034 2726 1229 2785 primam
1248 2726 1487 2770 veritatem
1502 2724 1680 2768 videat
1669 2737 1715 2767 m
1733 2723 1898 2783 seipsa,
1915 2723 2034 2778 sicut
2053 2736 2188 2783 supra

224 2802 457 2836 ostensum
487 2803 565 2837 est.
594 2793 696 2837 Hoc
725 2803 878 2836 autem
905 2791 1192 2837 inferioribus
1221 2792 1437 2836 creaturis
1465 2805 1558 2835 non
1586 2790 1820 2849 competit,
1848 2799 1897 2834 ut
1922 2789 2099 2834 scilicet
2130 2789 2186 2833 ad

223 2859 361 2903 finem
387 2859 621 2918 pervenire
657 2861 830 2919 possint
862 2861 938 2919 qui
971 2874 1131 2905 eorum
1163 2859 1426 2904 facultatem
1458 2857 1714 2902 naturalem
1747 2854 1948 2901 excedat.
1983 2856 2189 2916 Oportet

222 2926 358 2984 igitur
389 2937 437 2971 ut
470 2927 607 2971 etiam
641 2940 694 2970 ex
727 2927 816 2970 hoc
844 2926 933 2972 fine
968 2927 1226 2971 attendatur
1259 2925 1462 2969 diversus
1497 2923 1838 2983 gubernationis
1870 2922 2036 2967 modus
2062 2923 2186 2967 circa

220 2993 434 3037 homines
458 3004 502 3037 et
528 2993 638 3037 alias
665 2992 902 3037 inferiores
930 3003 1171 3037 creaturas.
1201 2992 1266 3036 Ea
1300 2992 1423 3036 enim
1452 3005 1567 3051 quae
1602 2999 1707 3035 sunt
1739 2990 1794 3033 ad
1824 2988 1966 3034 finem
1997 3001 2185 3034 necesse

223 3069 290 3103 est
315 3059 392 3102 fini
419 3074 515 3104 esse
543 3060 900 3119 proportionata.
930 3059 979 3104 Si
1001 3060 1138 3119 igitur
1155 3060 1302 3103 homo
1321 3059 1556 3103 ordinatur
1582 3058 1628 3101 in
1655 3056 1795 3100 finem
1821 3055 1903 3114 qui
1924 3055 2022 3113 ejus
2047 3054 2188 3113 facul-

222 3136 361 3170 tatem
387 3128 641 3171 naturalem
673 3129 862 3182 excedit,
889 3141 1077 3171 necesse
1104 3137 1171 3171 est
1198 3127 1237 3170 ei
1269 3125 1454 3185 aliquod
1482 3123 1701 3168 auxilium
1740 3121 1957 3167 divinitus
1981 3108 2185 3204 adhiberi

222 3193 559 3253 supernaturale
587 3208 664 3253 per
691 3194 813 3254 quod
840 3194 1033 3239 tendat
1023 3209 1068 3237 m
1102 3193 1256 3237 finem.
2100 3210 2102 3213 ·

312 3260 499 3304 Adhuc:
528 3274 597 3305 res
623 3260 848 3305 inferioris
875 3271 1063 3305 naturae
1081 3261 1128 3303 in
1156 3259 1199 3303 id
1229 3258 1351 3318 quod
1380 3267 1447 3302 est
1475 3258 1708 3317 proprium
1736 3255 1980 3316 superioris
1996 3258 2184 3301 naturae

222 3339 314 3370 non
347 3336 496 3386 potest
517 3327 699 3387 perduci
727 3327 809 3370 nisi
839 3327 1002 3371 virtute
1030 3325 1149 3370 illius
1177 3325 1426 3385 superioris
1452 3334 1655 3379 naturae,
1687 3324 1806 3370 sicut
1828 3318 2096 3387 lunaquuae
2129 3329 2184 3367 εκ

222 3405 269 3435 se
301 3407 394 3436 non
427 3393 562 3447 lucet,
594 3393 644 3437 fit
674 3392 823 3437 lucida
856 3393 1019 3438 virtute
1064 3402 1108 3438 et
1137 3392 1319 3437 actione
1347 3391 1482 3446 solis;
1510 3402 1554 3436 et
1587 3404 1717 3451 aqua,
1756 3389 1873 3450 quae
1898 3392 1981 3449 pers
2003 3392 2053 3434 se
2087 3390 2182 3432 non

224 3459 354 3511 calet,
382 3459 429 3503 fit
456 3458 600 3503 calida
626 3460 790 3507 virtute
818 3469 862 3504 et
889 3460 1068 3504 actione
1097 3460 1228 3519 ignis.
1263 3457 1429 3502 Videre
1466 3467 1619 3502 autem
1657 3457 1802 3517 ipsam
1842 3453 2039 3515 primam
2070 3454 2184 3498 veri-

222 3535 360 3570 tatem
389 3526 432 3568 in
461 3526 606 3584 seipsa
638 3526 699 3571 ita
730 3525 1007 3572 transcendit
1037 3520 1301 3571 facultatem
1334 3523 1564 3570 humanae
1590 3533 1793 3577 naturae,
1820 3521 1944 3583 qued
1962 3522 2049 3567 ‘est
2082 3532 2183 3579 pro-

2304 3751 2332 3825 qs'a„
2312 3646 2332 3741 'mnffissif
