2332 3854
247 223 355 277 412
899 221 1054 260 LIBER
1093 220 1169 259 111.
1211 221 1348 260 cAP.
1371 215 1574 261 Lxxxv.

246 323 463 368 coelestia
489 336 583 367 non
606 332 710 367 sunt
727 336 862 367 causa
879 321 1207 380 intelligentiae
1222 330 1430 377 nostrae3
1457 336 1568 385 ergo
1587 336 1737 383 neque
1759 323 1998 386 eleemonis
2019 332 2201 392 nostr-ae

242 400 434 450 possunt
463 404 561 444 effe
589 403 739 434 causa

335 457 471 503 Item:
500 469 813 515 quaecumque
842 469 895 498 ex
920 454 1220 512 impressione
1254 468 1497 514 corporum
1525 455 1793 501 coelestium
1825 457 1872 500 in
1898 456 1994 500 istis
2019 453 2203 501 inferio-

243 524 364 567 ribus
394 525 619 575 eveniunt,
643 521 905 566 naturaliter
933 521 1216 579 contingunt,
1236 535 1341 565 curn
1358 522 1473 566 haec
1500 521 1714 567 inferiora
1731 524 1819 566 sint
1834 518 2109 567 naturaliter
2119 519 2200 567 sub

238 590 328 635 illis
357 590 576 634 ordinata.
606 589 655 632 Si
682 601 793 645 ergo
821 587 1070 631 electiones
1097 597 1280 632 nostrae
1305 589 1520 632 eveniunt
1545 603 1599 633 ex
1624 583 1925 648 impressione
1952 598 2202 648 corporum

241 655 522 708 coelestium,
542 664 721 729 oportet
744 654 865 711 quod
891 652 1154 697 naturaliter
1179 655 1403 709 eveniant,
1430 665 1478 700 ut
1504 655 1676 700 scilicet
1694 656 1758 700 sic
1775 656 2040 700 naturaliter
2063 654 2204 717 eligat

239 723 384 766 homo
412 721 588 779 operari
614 734 717 764 suas
745 720 1048 795 operationes,
1075 719 1195 765 sicut
1207 721 1471 766 naturaliter
1495 722 1709 766 instinctu
1730 723 1860 766 bruta
1886 731 2142 799 operantur,
2158 731 2203 768 et

240 787 503 831 naturaliter
530 800 723 862 corpora
748 786 999 830 inanimata
1025 797 1280 832 moventur.
1314 788 1421 832 Non
1448 802 1557 846 ergo
1591 798 1721 833 erunt
1746 789 2033 849 propositum
2058 798 2105 834 et
2126 802 2204 833 na·
2251 833 2262 843 ,

239 865 337 898 tura
364 854 454 897 duo
482 853 701 911 principia
729 851 924 911 agentia,
948 853 1026 897 sed
1043 867 1186 898 unum
1216 863 1409 908 tantum,
1433 855 1555 914 quod
1578 864 1645 899 est
1665 865 1847 910 natura3
1875 856 2002 914 cujus
2028 860 2204 901 contra-

243 923 359 964 rium
378 929 500 978 patet
517 934 596 977 per
613 919 938 963 Aristotelem
927 933 973 962 m
986 921 1188 965 secundo
1210 921 1391 980 Physic.
1410 922 1461 980 (t.
1487 937 1524 966 c.
1541 922 1649 982 49.).
1675 922 1782 966 Non
1799 932 1867 966 est
1882 922 2018 982 igitur
2041 935 2201 966 verum

239 987 360 1046 quod
388 1001 441 1030 ex
467 986 766 1044 impressione
794 1000 1041 1045 corporum
1073 985 1340 1032 coelestium
1362 998 1544 1032 nostrae
1570 988 1819 1033 electiones
1837 989 2123 1047 proveniant.

327 1055 587 1097 Praeterea:
616 1066 670 1096 ea
696 1066 812 1111 quae
838 1053 1103 1098 naturaliter
1128 1053 1255 1112 fiunt,
1282 1054 1592 1099 determinatis
1625 1051 1788 1100 mediis
1813 1055 2200 1114 perducuntur-ad

238 1119 391 1164 finem.
421 1119 554 1163 Unde
582 1133 761 1178 semper
789 1119 953 1164 eodem
980 1120 1122 1164 modo
1151 1121 1444 1180 contingunt3
1477 1130 1638 1166 natura
1664 1122 1787 1166 enim
1811 1121 2112 1167 determinata
2134 1133 2202 1167 est

239 1187 293 1230 ad
320 1201 477 1230 unum.
509 1185 771 1230 Electiones
798 1196 950 1230 autem
982 1187 1213 1232 humanae
1245 1187 1432 1233 diversis
1457 1188 1540 1232 viis
1567 1189 1792 1233 tendunt·
1780 1203 1828 1232 m
1851 1188 2007 1244 finem,
2032 1197 2146 1239 tam
2152 1190 2200 1233 in

238 1253 500 1307 moralibus,
532 1267 670 1312 quam
695 1254 742 1297 in
769 1253 1089 1299 artificialibus.
1116 1253 1223 1300 Non
1249 1255 1385 1313 igitur
1411 1254 1658 1299 electiones
1683 1256 1913 1300 humanae
1937 1253 2053 1300 fiunt
2074 1265 2201 1338 natu-

236 1320 400 1364 raliter.

326 1387 561 1445 Amplius:
589 1400 642 1430 ea
669 1400 785 1446 quae
803 1387 1067 1432 naturaliter
1085 1387 1210 1443 fiunt,
1229 1399 1278 1433 ut
1303 1388 1566 1447 plurimum,
1589 1398 1711 1433 recte
1735 1388 1872 1444 fiunt3
1897 1397 2058 1435 natura
2076 1387 2199 1435 enim

234 1468 328 1498 non
356 1454 507 1498 deficit
530 1455 617 1498 nisi
642 1455 688 1498 in
715 1455 1018 1514 paucioribus.
1047 1455 1097 1499 Si
1122 1456 1258 1514 igitur
1283 1456 1429 1500 homo
1454 1455 1720 1500 naturaliter
1743 1455 1945 1515 eligeret,
1964 1455 2199 1515 ut‘in‘plu-

236 1522 372 1575 ribus,
390 1521 638 1565 electiones
665 1523 761 1580 ejus
788 1531 938 1566 essent
963 1532 1130 1576 rectae,
1157 1522 1280 1582 quod
1306 1533 1431 1582 patet
1449 1537 1547 1567 esse
1564 1521 1747 1569 falsum.
1765 1523 1873 1567 Non
1890 1523 2028 1582 igitur
2051 1520 2198 1568 homo

235 1587 498 1632 naturaliter
521 1587 669 1647 eligit3
694 1589 816 1647 quod
839 1599 1085 1647 oporteret,
1105 1590 1142 1633 si
1159 1604 1212 1634 ex
1228 1589 1427 1649 impulsu
1448 1584 1692 1647 corporum
1712 1588 2198 1649 coelestiumeligeret.

323 1656 459 1699 Item:
489 1669 542 1699 ea
568 1669 684 1714 quae
706 1665 810 1699 sunt
831 1657 1036 1715 ejusdem
1064 1657 1247 1715 speciei,
1273 1671 1367 1701 non
1391 1656 1750 1701 diversificantur
1766 1658 1812 1700 in
1829 1655 2226 1715 generationibus''

235 1722 513 1766 naturalibus
540 1737 656 1781 quae
682 1732 892 1787 naturam
924 1724 1093 1782 speciei
1125 1733 1478 1782 consequuntur.
1513 1723 1646 1767 Unde
1679 1723 1830 1767 omnis
1855 1723 2052 1768 hirundo
2078 1723 2214 1768 simi--

235 1789 336 1833 liter
362 1789 469 1832 facit
490 1789 663 1842 nidum,
691 1799 735 1833 et
761 1790 912 1834 omnis
939 1791 1083 1834 homo
1108 1790 1313 1834 similiter
1329 1790 1541 1849 intelligit
1562 1791 1709 1849 prima
1725 1787 1945 1849 principia
1962 1803 2077 1848 qnae
2092 1799 2198 1835 sunt

233 1856 495 1900 natural-iter
520 1866 642 1899 nota.
671 1856 847 1900 Electio
876 1866 1029 1900 autem
1063 1867 1130 1901 est
1156 1857 1361 1914 operatio
1389 1871 1673 1915 consequens
1706 1857 1904 1915 speciem
1929 1856 2195 1901 humanam.

235 1923 285 1966 Si
309 1923 446 1980 igitur
476 1924 620 1966 homo
648 1922 912 1966 naturaliter
945 1923 1147 1982 eligeret,
1181 1934 1412 1983 oporteret
1444 1924 1567 1982 quod
1599 1937 1760 1966 omnes
1791 1923 2003 1967 homines
2030 1923 2196 1967 eodem

234 1990 375 2033 modo
395 1989 634 2047 eligerent3
653 1989 775 2047 quod
793 1999 916 2047 patet
928 2004 1025 2034 esse
1043 1989 1208 2033 falsum
1226 1991 1383 2034 tamin
1402 1990 1650 2034 moralibus
1663 2003 1801 2048 quam
1817 1989 2195 2034 inartificialibus.

322 2056 434 2099 Item
452 2070 461 2098 ε
479 2056 667 2100 virtutes
696 2065 740 2099 et
755 2057 864 2100 vitia
886 2066 989 2100 sunt
1015 2057 1295 2101 electionum
1318 2057 1537 2116 principia
1558 2056 1765 2115 propria;
1784 2068 1892 2099 nam
1907 2055 2138 2100 virtuosus
2153 2054 2198 2100 e't

231 2122 419 2166 vitiosus
431 2121 642 2166 differunt
654 2136 708 2166 ex
720 2123 825 2176 hoc,
839 2123 962 2182 quod
981 2124 1208 2174 contraria
1221 2124 1407 2183 eligunt.
1425 2123 1625 2167 Virtutes
1644 2133 1796 2166 autem
1808 2122 2078 2181 politicaeet
2088 2123 2196 2167 vitia

230 2203 324 2233 non
341 2199 445 2233 sunt
464 2189 597 2234 nobis
621 2203 646 2232 a
662 2199 836 2244 natura,
855 2190 934 2234 sed
958 2204 1011 2234 ex
1035 2191 1337 2245 assuetudine,
1360 2201 1409 2234 ut
1426 2191 1588 2250 probat
1604 2189 1914 2248 Philosophus
1930 2188 2195 2243 insecundo

231 2256 378 2300 Ethic.
396 2257 457 2314 (c.
481 2255 555 2312 1.),
575 2269 629 2300 ex
640 2256 731 2301 hoc
750 2257 872 2315 quod
891 2257 1048 2315 quales
1072 2260 1360 2317 operationes
1380 2257 1697 2311 assuescimus,
1715 2266 1759 2301 et
1776 2256 2196 2315 maxime‘apuero,

232 2323 288 2366 ad
313 2323 426 2367 tales
451 2323 657 2366 habiturn
683 2323 919 2367 habemus.
947 2324 1069 2382 Ergo
1099 2323 1344 2368 electiones
1366 2334 1551 2368 nostrae
1573 2336 1667 2367 non
1689 2332 1795 2367 sunt
1817 2322 1998 2368 nobisa
2017 2332 2194 2368 natura.

228 2389 335 2433 Non
354 2403 464 2447 ergo
483 2399 725 2433 causantur
743 2404 798 2433 ex
819 2390 1121 2450 impressione
1139 2405 1386 2450 corporum
1404 2389 1674 2435 coelestium
1691 2384 1944 2434 secundum
1961 2403 2100 2449 quam
2120 2403 2190 2435 res

230 2456 495 2500 naturaliter
520 2457 786 2514 procedunt.

319 2522 505 2566 Adhuc:
531 2536 725 2581 corpora
753 2522 970 2568 coelestia
988 2538 1083 2568 non
1100 2524 1369 2584 imprimunt
1386 2524 1554 2569 directe
1571 2524 1660 2568 nisi
1681 2523 1727 2567 in
1746 2536 1953 2582 corpora,
1974 2533 2024 2568 ut
2045 2532 2193 2569 osten·

231 2603 331 2633 sum
360 2598 427 2633 est
451 2590 510 2648 (c.
540 2588 651 2646 82..)
677 2589 727 2633 Si
756 2589 893 2648 igitur
918 2591 1008 2634 sint
1034 2606 1170 2636 causa
1197 2590 1475 2635 electionum
1500 2601 1775 2645 nostrarum,
1802 2600 1879 2635 aut
1907 2591 1998 2636 hoc
2031 2591 2115 2641 erit
2140 2591 2192 2639 in

230 2665 451 2714 quantum
482 2656 751 2714 imprimunt
775 2657 822 2699 in
850 2672 1043 2717 corpora
1069 2667 1238 2712 nostra,
1273 2668 1349 2702 aut
1379 2658 1426 2702 in
1459 2668 1679 2717 quantum
1705 2657 1989 2716 imprimunt
1996 2650 2050 2702 in
2075 2665 2193 2703 exte·

230 2722 365 2766 riora
387 2723 563 2766 Neutro
588 2732 740 2766 autem
768 2724 908 2768 modo
936 2723 1210 2769 sufficienter
1235 2735 1427 2784 possunt
1453 2739 1552 2769 esse
1575 2738 1710 2769 causa
1733 2723 1969 2769 electionis
1993 2733 2190 2770 nostrae.

229 2789 338 2832 Non
372 2789 494 2833 enim
536 2798 603 2834 est
636 2788 864 2835 sufficiens
901 2806 1037 2836 causa
1080 2801 1265 2836 nostrae
1303 2791 1554 2846 electionis,
1590 2791 1713 2851 quod
1749 2790 1900 2850 aliqua
1936 2790 2190 2850 corporalia

228 2856 360 2899 nobis
389 2856 584 2900 exterius
611 2867 976 2914 praesententur:
995 2859 1127 2903 Patet
1153 2859 1276 2903 enim
1294 2859 1415 2918 quod
1439 2859 1494 2902 ad
1518 2872 1760 2903 occursum
1785 2857 1974 2916 alicujus
1999 2856 2201 2903 delecta-v.

227 2921 348 2977 bilis,
388 2933 495 2982 puta
522 2923 623 2979 cibi,
649 2923 723 2967 vel
749 2924 965 2979 mulieris,
991 2935 1268 2984 temperatus
1294 2939 1388 2970 non
1415 2935 1627 2970 movetur
1653 2925 1708 2970 ad
1730 2924 1993 2984 eligendum
2013 2924 2188 2984 ipsum:

227 2989 551 3048 intemperatus
580 2999 731 3035 autern
760 3001 984 3036 movetur.
1005 2992 1223 3037 Similiter
1246 2993 1384 3036 etiam
1410 3006 1503 3037 non
1526 2991 1688 3036 sufficit
1706 2992 1984 3036 adnostrarn
2010 2991 2192 3037 electio·

227 3070 336 3099 nam
365 3064 681 3116 quaecumque
712 3057 973 3102 immutatio
1007 3060 1150 3118 possit
1181 3073 1278 3103 esse
1314 3059 1359 3102 in
1394 3068 1552 3103 nostro
1591 3072 1782 3118 corpore
1809 3058 2189 3118 ab'impressione

228 3123 436 3166 coelestis
464 3124 692 3183 corporis;
721 3138 826 3168 curn
853 3139 932 3184 per
958 3126 1048 3169 hoc
1081 3140 1175 3169 non
1209 3135 1451 3184 sequantur
1484 3127 1529 3169 in
1562 3126 1693 3169 nobis
1724 3124 1813 3169 nisi
1843 3125 2066 3184 quaedam
2086 3132 2192 3184 ‘pas-

226 3189 392 3243 siones,
414 3189 488 3233 vel
514 3191 676 3249 magis,
701 3190 775 3234 vel
802 3192 952 3235 minus
978 3192 1287 3236 vehementes.
1312 3192 1553 3236 Passiones
1583 3202 1750 3247 autem,
1767 3185 2188 3251 quantumcumque

225 3256 534 3310 vehementes,
560 3271 654 3300 non
681 3267 782 3301 sunt
810 3272 946 3301 causa
973 3258 1200 3303 sufficiens
1228 3257 1478 3312 electionis,
1506 3259 1611 3317 quia
1634 3273 1712 3318 per
1739 3258 1925 3304 easdem
1951 3258 2204 3317 passiones,

226 3322 511 3366 incontinens
538 3324 764 3368 inducitur
791 3325 846 3368 ad
881 3339 956 3369 eas
993 3325 1275 3384 sequendum
1313 3338 1392 3382 per
1429 3325 1717 3379 electionem,
1754 3325 2009 3370 continens
2034 3327 2187 3369 autern

225 3402 318 3432 non
352 3390 590 3435 inducitur.
616 3390 723 3435 Non
751 3401 900 3451 potest
924 3392 1061 3451 igitur
1093 3392 1182 3436 dici
1207 3393 1329 3451 quod
1363 3405 1556 3452 corpora
1590 3389 1807 3436 coelestia
1831 3391 1922 3437 sint
1945 3390 2083 3437 causa
2108 3400 2191 3436 no-

226 3465 417 3499 strarum
447 3457 741 3502 electionum.

315 3522 550 3580 Amplius:
570 3523 695 3568 nulla
712 3524 856 3569 virtus
873 3525 1007 3578 datur
1027 3524 1162 3569 alicui
1183 3525 1249 3569 rei
1269 3523 1455 3570 frustra:
1482 3525 1628 3570 homo
1646 3535 1799 3570 autern
1819 3524 1969 3570 habet
1970 3523 2185 3570 virtutem

226 3587 456 3645 judicandi
478 3599 523 3634 et
549 3590 821 3636 consiliandi
847 3592 902 3637 de
930 3591 1143 3638 omnibus
1170 3605 1286 3652 quae
1312 3605 1392 3651 per
1422 3592 1572 3652 ipsum
1598 3591 1848 3651 operabilia
1872 3600 1990 3648 sunt,
2008 3592 2112 3639 >sive
2135 3592 2184 3638 in

2299 2891 2332 3147 .-'«}R‘2ffl*=n?„ffl-
2308 2739 2332 2886 amdam&
2317 2673 2332 2713 ·:·¹.=-⁴
2328 2652 2332 2654 .
2318 2622 2326 2643 2·‹
