2332 3854
238 207 345 263 304
917 206 1073 245 LIBER
1111 205 1189 244 111.
1231 204 1353 249 CAP.
1393 205 1505 252 xm,

993 439 1250 496 CAPUT
1292 440 1446 497 XIV.

611 584 770 629 QUOD
812 583 1008 622 MALUM
1038 584 1140 623 EST
1176 583 1354 623 CAUSA
1392 585 1492 623 PER
1531 583 1823 625 ACCIDENS.

328 693 393 737 Ex
421 694 591 737 eisdem
619 693 757 736 etiam
783 701 905 752 patet
932 692 1053 752 quod
1080 692 1270 748 malum,
1298 694 1381 738 etsi
1405 708 1500 738 non
1526 694 1583 739 sit
1605 709 1742 739 causa
1763 708 1844 753 per
1870 709 1936 749 se,
1955 703 2022 740 est
2042 700 2198 753 tamen

241 775 376 804 causa
403 775 482 818 per
510 760 734 803 accidens

330 827 380 870 Si
406 827 527 870 enim
556 826 742 885 aliquid
751 836 819 870 est
856 841 991 871 causa
1027 825 1219 886 alicujus
1253 842 1335 887 per
1370 842 1434 882 se,
1466 827 1512 872 id
1540 828 1662 887 quod
1698 827 1864 873 accidit
1895 828 1939 874 ei
1969 838 2038 875 est
2061 842 2200 875 causa

240 893 360 937 illius
393 908 472 952 per
495 893 727 947 accidens;
755 894 872 937 sicut
908 893 1063 938 album
1096 893 1218 954 quod
1253 894 1417 939 accidit
1453 894 1732 939 aedificatori
1765 905 1832 940 est
1864 892 2002 943 causa
2032 895 2199 942 domus

241 975 320 1019 per
342 960 565 1003 accidens.
590 960 745 1004 Omne
778 970 931 1004 autem
957 960 1132 1005 malum
1160 971 1228 1005 est
1252 961 1298 1005 in
1322 960 1475 1020 aliquo
1501 962 1650 1016 bono3
1677 961 1852 1007 bonum
1879 973 2032 1009 autem
2051 966 2198 1010 ‘omne

242 1037 308 1070 est
325 1026 514 1084 alicujus
532 1026 683 1085 aliquo
703 1027 844 1071 modo
874 1041 1034 1082 causa;
1061 1028 1250 1072 materia
1269 1027 1391 1082 enim
1408 1037 1475 1072 est
1491 1028 1836 1087 quodammodo
1855 1043 1993 1076 causa
2007 1028 2199 1084 formae,

242 1104 286 1138 et
316 1094 662 1152 quodammodo
691 1108 714 1138 e
742 1109 988 1148 converso;
1017 1105 1061 1139 et
1082 1094 1292 1141 similiter
1318 1104 1386 1139 est
1411 1095 1467 1139 de
1491 1106 1653 1153 agente
1677 1106 1722 1140 et
1746 1095 1858 1150 fine;
1880 1097 1999 1141 unde
2020 1110 2115 1140 non
2137 1110 2202 1140 se-

242 1160 391 1218 quitur
416 1174 655 1218 processus
682 1160 729 1204 in
755 1160 1019 1204 infinitum
1009 1176 1056 1204 m
1084 1161 1230 1206 causis
1263 1172 1307 1206 et
1339 1161 1548 1215 causatis,
1581 1162 1619 1205 si
1650 1162 1884 1220 quodlibet
1913 1172 1981 1208 est
2012 1162 2202 1224 alicujus

243 1241 394 1280 causa,
421 1236 605 1285 propter
633 1227 854 1271 circulum
882 1229 1117 1272 inventum
1144 1229 1189 1272 in
1217 1228 1364 1272 causis
1392 1238 1437 1272 et
1458 1227 1653 1272 causatis
1671 1229 1923 1274 secundum
1945 1231 2145 1291 species
2141 1228 2203 1276 di-

240 1308 393 1337 versas
421 1308 676 1337 causarum.
702 1294 878 1338 Malum
905 1295 1043 1352 igitur
1070 1304 1135 1340 est
1161 1309 1240 1354 per
1267 1295 1480 1339 accidens
1513 1309 1663 1339 causa.

331 1361 521 1404 Adhuc:
550 1360 725 1404 malum
759 1371 826 1405 est
852 1362 1045 1420 privatio
1074 1362 1316 1421 quaedam,
1350 1372 1399 1406 ut
1426 1376 1478 1405 ex
1511 1362 1751 1421 praedictis
1779 1364 1840 1422 (c.
1869 1360 1934 1421 6.)
1959 1373 2095 1423 patet.
2113 1363 2206 1408 Pri-

241 1427 365 1471 vatio
400 1438 552 1471 autem
580 1437 647 1472 est
671 1428 945 1487 principium
973 1443 1052 1486 per
1087 1429 1335 1472 accidens
1324 1443 1370 1471 1n
1405 1429 1537 1485 rebus
1575 1429 1834 1484 mobilibus,
1866 1431 1982 1475 sicut
2012 1430 2203 1477 materia

243 1504 287 1538 et
311 1494 460 1538 forma
487 1509 565 1553 per
592 1509 653 1539 se.
686 1494 862 1538 Malum
889 1496 1027 1553 igitur
1050 1506 1117 1540 est
1144 1495 1332 1554 alicujus
1357 1509 1494 1539 causa
1515 1510 1595 1554 per
1622 1496 1846 1541 accidens.

333 1562 597 1606 Praeterea:
623 1576 676 1606 ex
694 1561 871 1606 defectu
898 1577 1060 1607 causae
1079 1563 1281 1622 sequitu-r
1307 1561 1510 1606 defectus
1535 1563 1582 1605 in
1601 1562 1778 1606 effectu.
1805 1562 2024 1608 Defectus
2050 1574 2204 1608 autem

243 1629 290 1672 in
319 1642 454 1672 causa
483 1638 551 1672 est
578 1628 762 1687 aliquod
790 1629 990 1683 malum3
1025 1644 1120 1673 non
1146 1640 1302 1673 tamen
1328 1639 1478 1688 potest
1504 1644 1601 1673 esse
1635 1626 1774 1674 'causa
1800 1644 1880 1690 per
1905 1645 1970 1687 se,
1996 1631 2102 1690 quia
2132 1645 2204 1676 res

245 1710 340 1739 non
367 1706 435 1739 est
461 1710 598 1740 causa
622 1711 701 1755 per
726 1695 817 1740 hoc
837 1697 960 1755 quod
987 1707 1056 1741 est
1072 1697 1301 1749 deficiens,
1328 1696 1407 1740 sed
1434 1710 1513 1754 per
1538 1695 1628 1740 hoc
1657 1697 1778 1755 quod
1797 1706 1866 1741 est
1886 1710 1994 1752 ens;
2015 1698 2054 1742 si
2079 1698 2203 1743 enim

245 1772 342 1806 tota
369 1762 594 1817 deficeret,
621 1762 788 1807 nullius
823 1774 940 1808 esset
977 1778 1128 1808 causa.
1156 1763 1332 1807 Malum
1358 1763 1495 1822 igitur
1531 1773 1598 1807 est
1634 1763 1824 1823 alicujus
1858 1777 1996 1809 causa
2030 1777 2110 1824 per
2135 1778 2232 1808 ac·-

245 1829 413 1873 cidens.

327 1897 470 1942 Item:
497 1897 749 1942 secundum
777 1912 938 1941 omnes
964 1898 1136 1957 species
1164 1911 1404 1941 causarum
1436 1896 1728 1940 discurrendo
1755 1897 1981 1943 invenitur
2011 1896 2194 1943 malum

243 1977 340 2008 esse
366 1978 445 2021 per
472 1964 680 2008 accidens
707 1978 857 2008 causa.
893 1965 946 2008 In
982 1965 1133 2023 specie
1175 1963 1360 2023 quidem
1396 1978 1557 2008 causae
1596 1962 1846 2017 efficientis,
1873 1964 1978 2023 quia
2008 1972 2197 2023 propter

245 2044 409 2074 causae
436 2031 612 2088 agentis
639 2031 926 2075 deficientem
952 2032 1164 2075 virtutem
1191 2031 1391 2090 sequitur
1418 2029 1619 2074 defectus
1659 2031 1707 2073 ln
1733 2029 1897 2076 effectu
1924 2040 1970 2076 et
1999 2031 2194 2089 actione.

241 2098 294 2141 In
321 2097 471 2155 specie
503 2111 612 2142 vero
641 2112 804 2142 causae
841 2097 1102 2152 materialis,
1135 2098 1239 2157 quia
1273 2112 1325 2141 ex
1363 2097 1579 2141 materiae
1610 2097 1959 2155 indispositione
1991 2107 2204 2154 causqtur

244 2164 291 2207 in
316 2163 481 2208 effectu
508 2164 722 2210 defectus.
750 2166 802 2208 In
829 2166 979 2224 specie
1005 2179 1113 2209 vero
1142 2179 1306 2209 causae
1332 2163 1553 2218 formalis,
1586 2164 1692 2223 quia
1713 2163 1792 2208 uni
1816 2163 1994 2209 formae
2019 2178 2202 2224 semper
2233 2224 2235 2227 ι

245 2231 506 2290 adjungitur
532 2232 715 2276 alterius
740 2232 917 2276 formae
944 2232 1150 2291 privatio.
1177 2232 1230 2275 In
1256 2231 1410 2291 specie
1434 2245 1544 2275 vero
1568 2245 1733 2276 causae
1758 2230 1920 2286 finalis,
1953 2232 2060 2291 quia
2083 2231 2203 2289 inde,

243 2298 339 2342 bito
367 2298 446 2342 fini
474 2299 733 2358 adjungitur
765 2298 954 2354 malum,
980 2300 1028 2343 in
1054 2308 1274 2358 quantum
1300 2312 1380 2357 per
1405 2298 1554 2357 ipsum
1579 2296 1682 2342 finis
1709 2298 1885 2342 debitus
1909 2292 2166 2357 impeditur.

334 2365 465 2409 Patet
488 2365 626 2424 igitur
652 2366 774 2425 quod
792 2365 967 2410 malum
995 2376 1063 2411 est
1088 2380 1224 2409 causa
1250 2379 1330 2423 per
1355 2364 1581 2420 accidens,
1599 2373 1643 2409 et
1667 2378 1762 2409 non
1779 2373 1934 2423 potest
1952 2378 2051 2411 esse
2067 2379 2205 2420 causa

244 2446 324 2491 per
349 2446 412 2477 se.

1019 2674 1275 2731 CAPUT
1318 2675 1441 2731 XV.

438 2820 641 2866 QUOD
698 2819 841 2859 NON
887 2820 1015 2858 EST
1070 2818 1396 2865 ALIQUOD
1445 2819 1744 2857 SUMMUM
1784 2815 2032 2886 MALUM

610 2902 769 2949 QUOD
812 2902 898 2941 SIT
940 2902 1163 2942 OMNIUM
1201 2901 1473 2940 MALORUM
1512 2876 1848 2940 PRINCIPIUM.

299 3042 405 3086 Ex
430 3041 522 3086 hoc
550 3051 704 3086 autem
726 3051 850 3101 patet
875 3041 997 3117 quod
1015 3055 1110 3085 non
1130 3049 1279 3101 potest
1297 3054 1395 3085 esse
1421 3039 1606 3099 aliquod
1632 3052 1867 3084 summum
1892 3036 2068 3090 malum
2085 3037 2208 3098 quod
2278 3034 2302 3101 3'
2328 3042 2331 3043 ’

251 3108 310 3152 sit
336 3110 545 3152 omnium
569 3107 797 3152 malorum
826 3109 1113 3167 principium.

340 3176 586 3220 Summum
610 3175 733 3220 enim
760 3175 934 3218 malum
952 3184 1133 3234 oportet
1158 3188 1258 3219 esse
1277 3174 1445 3233 absque
1465 3173 1698 3218 consortio
1717 3171 1870 3221 omnis
1892 3135 2019 3228 bom,
2032 3170 2149 3219 sicut
2164 3180 2210 3216 et
2282 3199 2299 3218 ,-
2325 3204 2332 3240 1

250 3257 486 3287 summum
513 3236 686 3286 bonum
714 3252 781 3286 est
807 3242 930 3318 quod
957 3251 1024 3286 est
1041 3242 1231 3286 omnino
1252 3250 1511 3300 separatum
1539 3255 1564 3284 a
1590 3239 1730 3284 malo.
1746 3239 1855 3285 Non
1880 3248 2032 3298 potest
2055 3247 2208 3290 autem
2276 3257 2311 3290 ss

254 3324 352 3355 esse
376 3309 562 3368 aliquod
589 3308 764 3353 malum
792 3309 983 3353 omnino
1009 3318 1271 3368 separatum
1299 3322 1324 3352 a
1350 3308 1488 3361 bono,
1515 3321 1657 3367 quum
1683 3316 1918 3353 ostensum
1944 3305 2002 3351 sit
2026 3303 2209 3363 (tt-11.)
2274 3307 2324 3370 {2³5

251 3377 374 3436 quod
402 3376 574 3420 malum
604 3375 849 3420 fundatur
839 3391 885 3420 m
912 3377 1048 3420 bono.
1073 3375 1207 3434 Ergo
1227 3373 1341 3418 nihil
1368 3384 1436 3419 est
1467 3388 1646 3419 summe
1679 3372 1868 3418 malum.

342 3444 530 3488 Adhuc:
559 3443 597 3487 si
625 3443 794 3502 aliquid
820 3453 886 3488 est
912 3456 1093 3487 summe
1119 3441 1309 3496 malum,
1343 3451 1524 3500 oportet
1548 3440 1671 3500 quod
1698 3454 1778 3500 per
1809 3436 2054 3484 essentiam
2079 3410 2213 3492 suam
2259 3454 2277 3498 j
2308 3448 2315 3504 ἢ

253 3512 309 3554 sit
336 3510 524 3564 malum,
550 3510 666 3554 sicut
693 3522 737 3554 et
762 3524 941 3554 summe
963 3511 1136 3554 bonum
1165 3519 1232 3554 est
1258 3509 1379 3568 quod
1406 3523 1485 3567 per
1511 3522 1642 3553 suam
1665 3506 1911 3552 essentIam
1929 3504 2105 3550 bonum
2126 3513 2208 3550 est.

253 3577 355 3622 Hoc
390 3588 542 3623 autem
570 3587 638 3622 est
662 3577 958 3640 impossibile,
985 3592 1126 3637 quum
1160 3576 1332 3623 malum
1354 3590 1447 3621 non
1463 3576 1629 3621 habeat
1655 3574 1855 3637 aliquam
1879 3571 2138 3628 essentiam,
2159 3579 2211 3618 ut
