2332 3854
238 236 303 274 10
953 234 1108 274 LIBER
1145 234 1183 272 1.
1224 234 1343 274 CAP-
1359 263 1361 268 ,
1377 233 1458 276 IX..

317 335 392 381 Ad
417 336 590 396 primae
615 336 751 395 igitur
775 335 974 380 veritatis
1000 334 1424 381 manifestationem
1444 342 1526 395 ,per
1554 333 1755 381 rationes
1786 332 2178 384 demonstrativas,

230 402 391 462 quibus
417 403 697 448 advers'arius
724 402 934 447 convinci
951 405 1107 460 possit,
1129 401 1470 460 procedendum
1496 411 1576 446 est.
1599 400 1690 446 Sed
1716 400 1820 460 quia
1846 399 1960 445 tales
1979 398 2179 443 rationes

230 469 288 515 ad
313 469 560 514 secundam
586 470 821 514 veritatem
846 469 1004 513 haberi
1029 482 1124 512 non
1149 477 1352 528 possunt,
1376 481 1470 511 non
1497 466 1630 512 debet
1653 481 1753 513 esse
1778 467 1835 512 ad
1856 467 1947 511 hoc
1973 464 2180 519 intentio,

231 546 280 581 ut
304 537 585 582 ’adversarius
611 537 858 581 rationibus
886 536 1197 589 convincatur,
1222 535 1300 579 sed
1327 544 1376 579 ut
1401 535 1497 591 ejus
1521 534 1736 589 rationes,
1763 547 1874 592 quas
1896 542 2055 596 contra
2069 530 2182 576 veri-

227 612 373 648 tatem
395 603 547 657 habet,
574 603 820 656 solvantur,
847 616 989 661 quum
1014 602 1190 646 veritati
1215 601 1321 647 fidei
1344 600 1461 646 ratio
1485 600 1702 647 naturalis
1725 600 1950 649 contraria
1971 612 2070 645 esse
2085 612 2180 648 non

230 669 386 727 possit,
412 680 461 713 ut
487 680 719 714 ostensum
747 679 814 713 est
836 671 894 726 (c.
919 670 996 726 7.).

319 735 571 794 Singularis
597 750 705 779 vero
732 737 896 779 modus
923 735 1227 780 convincendi
1252 734 1560 780 adversarium
1588 744 1746 779 contra
1770 732 2034 792 hujusmodi
2064 731 2182 777 veri·

229 812 387 858 tatem,
408 812 476 847 est
494 817 547 846 ex
566 801 832 846 auctoritate
852 802 1108 861 Scripturae
1127 801 1340 846 divinitus
1359 801 1627 846 confirmata
1643 800 1888 845 miraculis.
1906 800 2042 853 Quae
2057 797 2181 844 enim

230 883 364 928 supra
375 871 596 913 rationem
613 869 861 912 humanam
880 877 996 922 sunt,
1012 882 1107 913 non
1125 868 1365 922 credimus,
1383 867 1471 912 nisi
1485 869 1589 912 Deo
1611 866 1854 912 revelante.
1878 867 1996 912 Sunt
2010 875 2180 920 tamen,

231 937 287 980 ad
311 936 575 994 huiusmodi
599 936 836 979 veritatem
862 934 1257 989 manifestandam,
1274 935 1473 979 rationes
1492 934 1668 992 aliquae
1685 932 1954 979 verisimiles
1969 932 2182 987 inducen-

230 1003 329 1057 dae,
348 1002 402 1046 ad
429 1001 629 1046 fidelium
647 1002 831 1060 quidem
849 1002 1115 1046 exercitium
1132 1011 1177 1046 et
1192 1001 1425 1056 solatium,
1441 1015 1536 1045 non
1549 1010 1701 1045 autem
1713 1001 1770 1045 ad
1786 999 2069 1049 adversarios
2086 1011 2177 1044 con

228 1068 501 1121 vincendos;
529 1069 631 1126 quia
649 1068 746 1127 ipsa
771 1068 999 1112 rationum
1017 1067 1333 1112 insufficientia
1351 1082 1430 1112 eos
1448 1068 1594 1126 magis
1612 1068 1758 1111 in·suo
1776 1081 1928 1111 errore
1945 1065 2182 1111 confirma-

229 1145 310 1189 ret,
327 1134 435 1178 dum
454 1135 745 1179 aestimarent
759 1148 859 1190 nos,
872 1144 1055 1193 propter
1070 1144 1165 1179 tam
1182 1133 1353 1179 debiles
1365 1135 1579 1188 rationes,
1591 1134 1770 1178 veritati
1785 1133 1892 1178 fidei
1908 1131 2179 1177 consentire.

317 1201 458 1244 Modo
486 1215 595 1259 ergo
622 1201 772 1259 posito
798 1202 1045 1259 procedere
1070 1201 1371 1254 intendentes,
1397 1201 1596 1259 primum
1621 1200 1819 1244 nitemur
1845 1200 1901 1244 ad
1926 1198 2182 1244 manifesta-

228 1267 402 1311 tionem
427 1266 547 1311 illius
578 1267 792 1320 veritatis,
819 1281 956 1325 quam
989 1266 1101 1310 fides
1131 1266 1365 1325 profitetur
1401 1276 1445 1311 et
1480 1267 1595 1311 ratio
1631 1266 1888 1325 investigat,
1922 1265 2182 1327 inducendo

230 1333 425 1377 rationes
458 1333 835 1377 demonstrativas
868 1343 912 1376 et
943 1333 1214 1392 probabiles,
1250 1347 1441 1391 quarum
1478 1332 1699 1392 quasdam
1737 1347 1791 1376 ex
1824 1328 1949 1376 libris
1983 1330 2184 1391 philoso-

228 1400 425 1459 phorum
449 1410 493 1445 et
518 1410 782 1445 sanctorum
807 1400 1093 1458 collegimus,
1125 1415 1205 1459 per
1237 1414 1348 1459 quas
1379 1400 1545 1444 veritas
1578 1399 1872 1444 confirmetur
1903 1399 2183 1445 etadversa-
2257 1459 2262 1462 Ι

230 1468 320 1511 rius
348 1467 656 1511 convincatur.
968 1510 973 1514 ,
2045 1502 2048 1505 s

316 1534 508 1588 Deinde,
533 1543 583 1578 ut
607 1547 633 1578 a
659 1532 1042 1578 manifestioribus
1067 1533 1200 1577 nobis
1227 1533 1282 1577 ad
1309 1533 1459 1578 minus
1485 1532 1726 1578 manifesta
1750 1531 1829 1577 fiat
1852 1531 2182 1591 pronesssus‚.ad

228 1600 348 1645 illius
373 1600 572 1645 veritatis
598 1600 1015 1645 manifestationem
1029 1600 1346 1659 procedemus,
1363 1614 1478 1659 quae
1499 1600 1727 1644 rationem
1744 1597 2183 1653 excedinsnlventes

227 1668 424 1712 rationes
451 1667 828 1721 adversariorum,
855 1677 899 1711 et
923 1665 1173 1711 rationibus
1195 1666 1501 1725 probabilibus
1519 1676 1565 1711 et
1580 1666 2181 1725 auctoritatibus-(quantum

228 1735 354 1778 Deus
381 1734 573 1791 dederit)
602 1735 839 1778 veritatem
865 1733 972 1778 fidei
999 1732 1292 1778 declarantes.

316 1800 655 1845 Intendentibus
681 1801 817 1858 igitur
833 1800 963 1844 nobis
980 1815 1060 1859 per
1076 1802 1198 1844 viam
1216 1799 1403 1844 rationis
1419 1799 1632 1859 prosequi
1651 1813 1717 1855 ea,
1735 1813 1850 1858 quae
1867 1798 1923 1843 de
1938 1798 2045 1849 Deo
2063 1797 2183 1847 ratio

229 1867 430 1911 humana
456 1867 726 1926 investigare
751 1877 937 1927 potestt.

316 1933 474 1978 Primo
501 1934 699 1979 occurrit
724 1933 1028 1979 consideratio
1055 1933 1110 1978 de
1135 1933 1222 1989 his,
1247 1948 1363 1993 quae
1393 1934 1513 1988 Deo,
1544 1933 1795 1979 secundum
1826 1932 2041 1992 seipsum,
2070 1942 2183 1979 con·

227 2001 414 2045 veniunt
439 2001 559 2058 (Lib.
586 2001 656 2059 L).
1984 2024 1986 2026 v

316 2067 531 2112 Secundo
555 2081 682 2121 vero,
708 2068 763 2112 de
788 2081 1003 2126 processu
1030 2078 1338 2112 creaturarum
1366 2067 1419 2113 ab
1445 2067 1545 2126 ipso
1573 2063 1692 2124 (Lib.
1719 2067 1812 2124 IL).

317 2133 477 2197 Tertio
495 2144 662 2189 autem,
689 2134 746 2179 de
769 2134 927 2179 ordine
959 2144 1267 2179 creaturarum
1285 2135 1331 2178 in
1359 2135 1525 2194 ipsum,
1556 2134 1673 2179 sicut
1702 2134 1750 2178 in
1779 2133 1923 2179 finem
1949 2132 2072 2192 (Lib.
2103 2132 2181 2179 111.

229 2210 274 2244 et
299 2200 414 2258 IV.).
918 2244 921 2246 ,

317 2269 438 2313 Inter
463 2282 517 2314 ea
542 2282 669 2322 vero,
696 2282 811 2328 quae
838 2267 894 2314 de
919 2269 1022 2313 Deo
1050 2269 1302 2314 secundum
1329 2269 1528 2327 seipsum
1555 2269 1886 2314 consideranda
1909 2278 2028 2324 sunt,
2058 2281 2184 2328 prae-

228 2334 448 2380 mittenda
474 2345 554 2390 est,
580 2335 709 2394 quasi
732 2335 872 2380 totius
894 2336 1043 2395 operis
1060 2337 1367 2380 necessarium
1384 2335 1747 2392 fundamentum,
1770 2336 2075 2383 consideratio
2093 2349 2183 2396 qua

228 2401 562 2447 demonstratur
586 2403 739 2447 Deum
765 2417 877 2447 esse.
906 2403 1016 2455 Quo
1042 2417 1135 2447 non
1161 2404 1332 2459 habito,
1359 2405 1590 2463 supposita
1616 2403 1766 2449 omnis
1791 2402 2095 2450 consideratio
2126 2402 2182 2447 de

190 2517 192 2519 μ
229 2469 360 2514 rebus
387 2469 548 2515 divinis
573 2470 834 2514 necessario
860 2470 1046 2514 tollitur.

1021 2617 1276 2674 CAPUT
1316 2618 1385 2673 X.
1422 2648 1425 2651 >

230 2753 301 2790 DE
316 2752 575 2791 OPINIONE
593 2752 903 2791 DICENTIUM
923 2752 1081 2798 QUOD
1099 2752 1253 2790 DEUM
1269 2752 1396 2790 ESSE
1413 2751 1801 2790 DEMONSTRARI
1816 2729 1934 2791 NON
1949 2750 2182 2804 POTEST,

809 2825 968 2872 QUUM
1009 2827 1092 2863 SIT
1134 2827 1231 2865 PER
1273 2826 1333 2864 SE
1371 2826 1588 2865 NOTUM.
2048 2827 2050 2829 ’

317 2933 443 2978 Haec
471 2943 620 2978 autem
651 2933 968 2987 consideratio,
996 2948 1084 2992 qua
1110 2934 1208 2991 quis
1235 2933 1389 2978 nititur
1415 2933 1471 2977 ad
1497 2933 1902 2977 demonstrandum
1924 2933 2065 2979 Deum
2090 2947 2181 2987 csse,

229 3000 452 3060 superflua
478 3000 669 3045 fortasse
695 3000 964 3060 quibusdam
990 3001 1225 3055 videbitur,
1253 3001 1329 3060 qui
1362 3011 1568 3045 asserunt
1593 3001 1714 3059 quod
1736 3001 1889 3045 Deum
1915 3013 2014 3046 esse
2033 3014 2113 3060 per
2134 3015 2182 3045 se

227 3077 387 3123 notum
417 3077 508 3121 est;
534 3067 594 3111 ita
620 3067 742 3126 quod
770 3068 864 3126 ejus
892 3067 1169 3112 contrarium
1197 3068 1389 3127 cogitari
1406 3081 1500 3112 non
1526 3068 1688 3127 possit3
1716 3077 1762 3112 et
1780 3067 1845 3112 sic
1862 3068 2003 3113 Deum
2019 3082 2095 3113 esse
2111 3066 2187 3112 de-

229 3136 469 3178 monstrari
497 3147 590 3178 non
618 3143 779 3192 potest.

319 3200 459 3252 Quod
486 3201 668 3259 quidem
695 3201 871 3244 videtur
898 3214 952 3244 ex
978 3200 1070 3245 his:

318 3267 400 3311 Illa
427 3268 548 3311 enim
576 3281 654 3326 per
680 3281 727 3312 se
755 3281 854 3311 esse
879 3278 989 3311 nota
1015 3267 1239 3321 dicuntur,
1268 3282 1384 3326 quae
1417 3269 1584 3321 statim,
1611 3268 1732 3312 netis
1763 3267 1984 3323 terminis,
2015 3280 2186 3326 eogno-

229 3344 437 3387 scuntur3
464 3334 608 3378 sicut:
637 3333 840 3393 Cognito
868 3334 973 3393 quid
1003 3344 1071 3379 est
1094 3343 1242 3379 totum
1269 3345 1314 3379 et
1339 3335 1445 3394 quid
1473 3345 1540 3380 est
1565 3348 1682 3394 pars,
1708 3334 1862 3380 statim
1890 3334 2185 3397 cognosci-tur

230 3401 350 3461 quod
379 3415 515 3444 omne
533 3411 678 3445 totum
699 3411 764 3445 est
781 3402 926 3459 majus
944 3415 1023 3446 sua
1042 3411 1179 3460 parte.
1201 3402 1471 3458 Huiusmodi
1492 3412 1643 3446 autem
1662 3411 1729 3446 est
1745 3402 1835 3447 hoc
1851 3399 1975 3462 quod
1991 3400 2185 3447 dicimus

228 3468 368 3513 Deum
390 3482 492 3519 csse:
521 3482 629 3511 nam
654 3469 841 3512 nomine
874 3468 963 3513 Dei
997 3467 1294 3526 intelligimus
1332 3468 1514 3528 aliquid,
1551 3483 1643 3527 quo
1676 3469 1824 3527 majus
1859 3466 2055 3529 cogitati
2088 3481 2183 3513 non

229 3543 388 3593 potest.
421 3534 521 3578 Hoc
549 3545 699 3579 autem
727 3536 771 3578 in
798 3534 1029 3580 intellectu
1055 3534 1277 3579 formatur
1304 3535 1357 3580 ab
1384 3549 1442 3581 eo
1468 3535 1545 3595 qui
1570 3536 1694 3580 audit
1710 3545 1755 3581 et
1778 3533 2179 3595 intelligitnomen

230 3601 331 3654 Dei,
358 3611 404 3645 ut
431 3600 509 3654 sic,
536 3600 696 3645 saltem
725 3601 767 3644 in
796 3600 1044 3657 intellectu,
1065 3602 1157 3660 jam
1184 3603 1337 3647 Deum
1364 3615 1462 3648 esse
1488 3612 1710 3662 oporteat.
1746 3601 1844 3648 Nec
1869 3601 2094 3662 potestin
2119 3603 2184 3648 in·
