2332 3854
272 187 343 255 96
947 197 1101 237 LIBER
1140 199 1174 236 1.
1218 197 1338 237 CAP.
1381 197 1542 236 Lxxx.

273 319 424 354 autem
451 310 546 367 ejus
572 318 640 352 est
664 322 742 367 per
763 322 811 353 se
828 322 1014 353 necesse
1027 322 1140 364 esse,
1162 317 1211 352 ut
1235 321 1370 366 supra
1387 309 1448 367 (c.
1472 308 1560 366 13.)
1577 304 1819 367 probatum
1842 319 1922 354 est.
1944 309 2072 355 Deus
2088 310 2225 370 igitur

272 391 325 420 ex
349 376 619 420 necessitate
643 374 741 419 vult
765 389 814 420 se
841 389 951 419 esse.
2195 384 2198 386 ’

359 443 623 487 Praeterea:
652 442 802 486 omnis
828 441 1045 501 perfectio
1072 451 1117 484 et
1141 440 1336 495 bonitaS,
1362 456 1478 500 quae
1495 442 1542 486 in
1560 443 1776 487 creaturis
1793 453 1874 497 est,
1890 443 1994 487 Deo
2012 446 2226 490 convenit

273 510 583 563 essentialiter,
602 519 651 553 ut
676 524 809 567 supra
827 511 887 567 (c.
907 509 998 566 28.)
1021 507 1265 566 probatum
1284 518 1366 552 est.
1392 508 1595 568 Diligere
1615 520 1766 554 autem
1781 511 1934 554 Deum
1962 519 2030 554 est
2045 523 2226 573 summa

271 577 487 636 perfectio
514 575 748 620 rationalis
772 585 1018 628 creaturae,
1037 588 1178 633 quum
1195 588 1276 633 per
1291 575 1382 618 hoc
1397 575 1743 635 quodammodo
1770 576 1872 620 Deo
1891 576 2084 620 uniatur.
2101 576 2225 637 Ergo

270 646 317 688 in
342 645 445 689 Deo
474 644 771 689 essentialiter
798 653 886 697 est;
914 656 1023 701 ergo
1051 655 1104 686 ex
1130 643 1398 687 necessitate
1426 642 1572 702 diligit
1596 658 1658 698 se,
1687 653 1732 688 et
1756 643 1821 688 sic
1846 642 1944 688 vult
1968 657 2016 688 se
2043 657 2154 689 esse.

973 855 1228 912 CAPUT
1269 856 1528 912 LXXXI.

456 999 614 1045 QUOD
656 998 797 1036 DEUS
838 999 955 1038 NON
995 1000 1068 1037 DE
1107 999 1481 1038 NECESSITATE
1520 1000 1667 1047 VULT
1708 1000 1836 1039 ALIA
1874 1001 1910 1038 A
1950 1000 2029 1039 SE.

889 1108 943 1166 (I.
963 1115 1081 1168 part.
1109 1115 1259 1168 quaest.
1287 1109 1402 1153 XIX.
1430 1115 1512 1154 art.
1532 1124 1567 1168 3.
1567 1109 1606 1167 ).

359 1237 408 1281 Si
434 1247 587 1281 autem
615 1236 768 1280 divina
792 1235 1004 1280 voluntas
1041 1245 1110 1280 est
1135 1236 1314 1280 divinae
1339 1236 1555 1280 bonitatis
1589 1245 1633 1280 et
1658 1235 1800 1280 divini
1825 1250 1925 1281 esse
1952 1250 2008 1281 ex
2031 1238 2225 1282 necessi-

269 1314 374 1358 tate,
400 1313 555 1363 posset
571 1303 708 1347 alicui
732 1303 875 1347 videri
893 1303 1015 1362 quod
1033 1303 1172 1347 etiam
1196 1302 1391 1347 aliorum
1410 1317 1463 1347 ex
1479 1303 1750 1347 necessitate
1763 1313 1896 1357 esset,
1918 1317 2060 1362 quum
2072 1303 2230 1348 omnia

269 1371 358 1416 alia
382 1370 491 1415 velit
515 1369 715 1414 volendo
743 1384 873 1414 suam
909 1370 1176 1425 bonitatem,
1209 1379 1258 1414 ut
1282 1384 1418 1429 supra
1444 1370 1505 1427 (c.
1540 1370 1631 1427 75.)
1659 1370 1903 1428 probatum
1928 1379 2009 1415 est.
2041 1369 2133 1414 Sed
2163 1379 2228 1415 ta·

269 1452 376 1483 men
402 1447 524 1481 recte
552 1437 944 1481 considerantibus
972 1447 1159 1496 apparet
1185 1436 1308 1496 quod
1334 1451 1429 1481 non
1454 1446 1521 1481 est
1544 1437 1740 1480 aliorum
1767 1450 1820 1480 ex
1845 1436 2130 1482 necessitate.

357 1504 437 1548 Est
462 1504 586 1548 enim
612 1503 808 1548 aliorum
835 1513 884 1547 ut
909 1503 1225 1547 ordinatorum
1252 1504 1307 1547 ad
1334 1503 1473 1547 finem
1504 1517 1613 1547 suae
1636 1503 1866 1548 bonitatis.
1892 1502 2120 1548 Voluntas
2142 1516 2230 1547 *au-

268 1582 362 1616 tern
388 1586 482 1615 non
509 1587 564 1615 ex
588 1571 858 1615 necessitate
889 1570 1029 1615 fertur
1053 1571 1100 1614 in
1119 1584 1172 1614 ea
1199 1585 1315 1629 quae
1342 1580 1447 1615 sunt
1473 1571 1529 1614 ad
1555 1569 1709 1624 finem,
1727 1570 1766 1614 si
1791 1570 1893 1615 finis
1919 1570 2016 1615 sine
2042 1571 2114 1615 his
2131 1584 2229 1616 esse

268 1640 434 1698 possit;
459 1653 554 1683 non
581 1639 703 1682 enim
736 1639 872 1682 habet
907 1652 1095 1682 necesse
1131 1638 1352 1691 medicus,
1387 1652 1440 1681 ex
1467 1638 1779 1697 suppositione
1805 1637 2053 1683 voluntatis
2091 1652 2230 1698 quam

269 1706 408 1750 habet
434 1705 488 1748 de
525 1705 745 1758 sanando,
781 1704 860 1748 illa
894 1705 1231 1749 medicamenta
1272 1704 1486 1749 adhibere
1523 1705 1706 1748 infirmo
1745 1706 1841 1749 sine
1883 1704 2045 1764 quibus
2080 1715 2231 1764 potest

268 1772 569 1816 nihilominus
610 1771 844 1815 infirmum
886 1786 1060 1816 sanare.
1105 1772 1263 1824 Quum
1289 1772 1426 1830 igitur
1453 1771 1605 1816 divina
1646 1771 1825 1815 bonitas
1861 1771 1958 1816 sine
2000 1771 2098 1816 aliis
2131 1786 2232 1828 esse

267 1841 424 1899 possit,
452 1841 706 1898 quinimmo
733 1853 816 1883 nec
835 1853 913 1898 per
935 1838 1023 1883 alia
1050 1839 1092 1883 ei
1110 1839 1278 1897 aliquid
1306 1848 1550 1893 accrescat,
1573 1838 1699 1883 nulla
1715 1839 1833 1883 inest
1854 1839 1896 1883 ei
1916 1839 2162 1884 necessitas
2181 1849 2230 1884 ut

271 1906 358 1950 alia
383 1906 506 1961 velit,
529 1920 582 1949 ex
608 1907 698 1949 hoc
727 1906 848 1964 quod
874 1905 972 1950 vult
997 1920 1127 1949 suam
1152 1906 1419 1950 bonitatem.

357 1973 543 2017 Adhuc:
559 1987 699 2031 quum
715 1973 889 2016 bonum
906 1972 1188 2016 intellectum
1202 1973 1258 2015 sit
1266 1972 1500 2031 proprium
1520 1972 1752 2030 objectum
1768 1971 2031 2026 voluntatis,
2053 1972 2232 2032 cujusli-

268 2041 344 2084 bet
355 2055 434 2099 per
445 2039 728 2083 intellectum
747 2040 957 2098 concepti
974 2049 1124 2098 potest
1145 2053 1242 2083 esse
1259 2039 1485 2092 voluntas,
1504 2039 1579 2082 ubi
1596 2039 1796 2083 salvatur
1812 2039 1927 2083 ratio
1944 2039 2078 2095 boni;
2096 2040 2230 2095 unde,

270 2107 478 2166 quamvis
506 2120 604 2150 esse
636 2106 886 2164 cujuslibet,
913 2106 959 2149 in
993 2115 1214 2164 quantum
1239 2106 1517 2163 hujusmodi,
1544 2106 1718 2149 bonum
1745 2106 1815 2160 sit,
1840 2119 2052 2151 non-esse
2077 2103 2232 2151 autem

274 2173 464 2227 malum,
491 2174 641 2232 ipsum
668 2183 823 2217 tamen
848 2187 1060 2217 non-esse
1088 2172 1278 2232 alicujus
1305 2182 1455 2231 potest
1482 2173 1643 2217 cadere
1670 2174 1750 2217 sub
1775 2171 2026 2229 voluntate,
2054 2173 2232 2219 ratione

271 2241 459 2299 alicujus
485 2241 595 2284 boni
622 2242 821 2299 adjuncti
848 2240 970 2299 quod
997 2240 1211 2293 salvatur,
1243 2239 1350 2284 licet
1375 2255 1469 2284 non
1497 2254 1550 2284 ex
1581 2242 1873 2296 necessitate;
1901 2251 1969 2285 est
2001 2240 2124 2285 enirn
2155 2241 2235 2286 bo-

268 2322 380 2351 num
408 2307 575 2366 aliquid
599 2321 711 2361 esse,
739 2308 877 2351 etiam
899 2307 990 2351 alio
1017 2321 1111 2350 non
1131 2307 1385 2351 exsistente.
1407 2306 1570 2351 Solum
1591 2307 1728 2366 igitur
1743 2306 1854 2351 illud
1879 2307 2055 2352 bonum
2074 2307 2234 2352 volun-

270 2385 353 2428 tas,
380 2375 631 2419 secundum
658 2375 727 2419 sui
757 2375 999 2428 rationem,
1027 2389 1121 2418 non
1147 2384 1297 2434 potest
1321 2374 1438 2418 velle
1464 2389 1560 2419 non
1598 2389 1710 2430 esse,
1738 2389 1829 2434 quo
1854 2389 1949 2420 non
1975 2374 2231 2428 exsistente,

271 2442 445 2487 tollitur
470 2442 669 2486 totaliter
695 2443 808 2486 ratio
845 2443 969 2486 boni.
1011 2441 1126 2485 Tale
1169 2452 1322 2486 autern
1349 2441 1526 2486 nullum
1555 2453 1635 2496 est,
1667 2453 1844 2502 praeter
1869 2443 2036 2488 Deum.
2073 2442 2231 2501 Potest

271 2510 407 2569 igitur
432 2510 658 2564 voluntas,
685 2510 936 2554 secundum
969 2509 1039 2553 sui
1065 2509 1305 2564 rationem,
1342 2509 1460 2553 velle
1497 2524 1591 2554 non
1615 2524 1711 2554 esse
1746 2523 2083 2571 quamcumque
2113 2502 2230 2565 rern,

271 2587 448 2637 praeter
470 2577 638 2623 Deum.
667 2577 756 2621 Sed
782 2577 830 2620 in
855 2577 957 2620 Deo
986 2587 1052 2620 est
1078 2576 1291 2621 voluntas
1318 2576 1568 2621 secundum
1600 2587 1746 2621 totam
1778 2591 1910 2621 suam
1940 2576 2229 2623 facultatem:

271 2644 428 2688 omnia
454 2645 578 2688 enirn
604 2644 650 2687 in
677 2645 775 2703 ipso
803 2653 906 2688 sunt
932 2643 1245 2688 universaliter
1270 2643 1481 2703 perfecta.
1505 2645 1662 2688 Potest
1687 2645 1824 2703 igitur
1845 2644 1971 2688 Deus
1997 2643 2115 2689 velle
2135 2658 2231 2689 non

270 2726 367 2756 esse
395 2725 731 2771 quamcumque
757 2725 855 2755 rem
879 2711 1016 2755 aliam
1043 2720 1220 2770 praeter
1245 2726 1306 2756 se.
1338 2711 1446 2756 Non
1472 2711 1607 2770 igitur
1629 2711 1683 2755 de
1715 2712 1984 2756 necessitate
2000 2710 2098 2756 vult
2124 2725 2223 2758 esse

272 2778 358 2823 alia
386 2794 410 2823 a
432 2794 492 2823 se.

360 2848 597 2907 Amplius:
626 2847 767 2901 Deus,
791 2846 990 2890 volendo
1017 2846 1270 2891 bonitatem
1297 2860 1442 2900 suam,
1469 2846 1566 2891 v‘ult
1593 2847 1731 2891 etiam
1755 2845 1843 2891 alia
1861 2860 1887 2891 a
1913 2860 1976 2901 se,
2001 2855 2138 2906 prout
2151 2846 2230 2891 bo-

271 2914 458 2959 nitatem
488 2917 585 2974 ejus
611 2915 895 2973 participant.
927 2913 1086 2965 Quum
1114 2924 1266 2958 autem
1294 2914 1444 2958 divina
1475 2914 1655 2958 bonitas
1671 2914 1738 2958 'sit
1763 2914 1953 2968 infinita,
1975 2923 2019 2958 et
2044 2912 2231 2959 infinitis

272 2982 419 3026 modis
448 2981 770 3041 participabilis
795 2981 953 3037 (etiam
974 2980 1071 3024 aliis
1100 2981 1250 3024 modis
1277 2995 1415 3039 quam
1443 2982 1496 3024 ab
1516 2981 1586 3025 his
1610 2981 1824 3025 creaturis
1848 2994 1964 3040 quae
1988 2994 2110 3025 nunc
2128 2990 2234 3026 sunt

271 3049 598 3108 participetur),
625 3049 662 3092 si
690 3062 744 3091 ex
776 3048 865 3091 hoc
894 3049 1015 3106 quod
1048 3048 1145 3091 vult
1170 3049 1422 3092 bonitatem
1449 3062 1595 3101 suam,
1624 3048 1762 3092 vellet
1789 3048 1844 3092 de
1875 3047 2146 3093 necessitate
2178 3061 2232 3093 ea

271 3130 385 3175 quae
412 3116 558 3174 ipsam
585 3115 870 3174 participant,
913 3125 1176 3173 sequeretur
1202 3116 1324 3174 quod
1356 3114 1494 3158 vellet
1521 3129 1618 3159 esse
1644 3114 1841 3159 infinitas
1880 3123 2107 3160 creaturas
2137 3113 2234 3159 infi-

270 3185 372 3227 nitis
399 3185 548 3227 modis
577 3183 898 3242 participantes
935 3196 1064 3226 suam
1091 3183 1369 3236 bonitatem3
1404 3183 1526 3241 quod
1554 3191 1674 3240 patet
1702 3196 1798 3226 esse
1826 3181 2006 3238 falsum,
2042 3181 2162 3243 quia,
2194 3182 2232 3227 si

270 3250 420 3303 vellet,
445 3260 606 3304 essent,
627 3263 768 3309 quum
786 3263 866 3293 sua
890 3248 1100 3293 voluntas
1119 3249 1174 3292 sit
1192 3249 1464 3308 principium
1483 3249 1662 3293 essendi
1679 3250 1825 3304 rebus,
1846 3258 1894 3294 ut
1905 3248 2021 3294 infra
2037 3248 2156 3306 (Lib.
2174 3248 2231 3294 ΙΙ.

273 3331 311 3360 c.
340 3318 430 3374 23.)
459 3317 735 3361 ostendetur.
760 3316 867 3359 Non
894 3315 1031 3374 igitur
1058 3330 1110 3359 ex
1148 3316 1417 3359 necessitate
1444 3315 1541 3360 vult
1580 3316 1718 3360 etiam
1746 3330 1798 3360 ea
1825 3330 1940 3376 quae
1965 3330 2086 3361 nunc
2112 3325 2230 3361 sunt.

362 3384 500 3427 Item:
530 3384 744 3443 sapientis
768 3383 993 3438 voluntas,
1021 3397 1074 3426 ex
1100 3382 1191 3426 hoc
1220 3383 1341 3441 quod
1367 3392 1433 3427 est
1460 3382 1514 3426 de
1543 3397 1693 3437 causa,
1722 3393 1791 3428 est
1816 3384 1871 3428 de
1898 3382 2063 3428 effectu
2084 3381 2231 3444 quiex

2320 2292 2332 2358 Arm-§M
2330 2258 2332 2262 .
2329 2224 2332 2238 -,

273 3464 409 3495 causa
434 3452 488 3495 de
515 3451 783 3495 necessitate
812 3451 1033 3510 sequitur3
1062 3449 1249 3494 stultum
1273 3450 1396 3494 enim
1423 3460 1542 3494 esset
1566 3450 1684 3495 velle
1703 3450 1849 3496 solem
1867 3450 2079 3496 exsistere
2095 3463 2232 3510 super

270 3527 451 3577 terram,
478 3527 521 3562 et
547 3532 641 3562 non
664 3532 760 3563 esse
789 3517 877 3562 diei
905 3517 1173 3562 claritatem.
1200 3516 1290 3562 Sed
1319 3516 1549 3571 effectum,
1576 3516 1653 3577 qui
1678 3531 1772 3562 non
1799 3532 1853 3563 ex
1877 3517 2149 3563 necessitate
2165 3527 2232 3562 se·
2304 3525 2308 3533 ’

274 3585 423 3643 quitur
449 3600 503 3630 ex
530 3599 681 3638 causa,
707 3599 799 3629 non
824 3595 891 3631 est
922 3599 1109 3630 necesse
1138 3583 1337 3644 aliquem
1359 3583 1492 3639 velle,
1510 3597 1561 3629 ex
1588 3585 1679 3630 hoc
1707 3585 1829 3645 quod
1845 3582 1944 3631 vult
1969 3596 2168 3630 causam.
2185 3582 2228 3629 A
