2332 3854
3 3024 25 3107 vm*
3 2965 26 3006 :r
3 2943 5 2947 ·

795 228 951 268 LxssER
989 227 1066 266 111.
1109 227 1228 267 cap,
1273 226 1458 266 cxxut.
1995 196 2101 280 483

153 340 223 379 est
246 330 548 384 conveniens;
584 342 700 389 quae
739 329 923 388 quidem
961 343 1173 374 mensura
1204 329 1243 374 si
1274 327 1669 388 praetermittatur,
1701 325 1751 371 fit
1781 326 1961 371 homini
1986 326 2114 371 noci-

151 412 278 453 vum,
302 398 418 443 sicut
444 406 628 455 apparet
651 395 699 439 in
724 396 985 453 sumptione
1012 395 1266 439 inordinata
1284 394 1504 438 ciborum.
1533 393 1648 438 Sunt
1667 393 1804 452 igitur
1825 392 1964 452 aliqui
1986 403 2114 438 actus

150 465 342 511 humani
365 462 628 509 naturaliter
654 463 992 515 convenientes,
1021 473 1065 506 et
1090 461 1228 521 aliqui
1254 460 1515 506 naturaliter
1541 460 1933 506 inconvenientes.

151 578 153 581 ,
240 532 377 576 Item:
403 530 654 575 secundum
670 528 925 573 naturalem
944 528 1151 572 ordinem
1180 542 1344 587 corpus
1370 528 1570 573 hominis
1597 538 1663 572 est
1689 537 1872 586 propter
1893 526 2115 581 animam,

153 608 198 644 et
221 597 458 643 inferiores
487 597 605 642 vires
624 595 820 640 'animae
848 605 1032 654 propter
1058 596 1297 649 rationem,
1330 595 1446 640 sicut
1478 597 1616 640 etiam
1647 594 1694 639 in
1725 594 1825 639 aliis
1858 594 1990 639 rebus
2023 608 2115 638 ma·

152 666 266 711 teria
297 675 364 710 est
395 656 578 724 propter
602 661 815 716 formam,
848 672 893 706 et
922 662 1222 706 instrumenta
1250 672 1433 721 propter
1464 660 1761 721 principalem
1794 671 2023 720 agentem.
2049 661 2115 705 Ex

152 745 208 778 eo
236 742 388 777 autem
414 731 536 790 quod
575 740 644 775 est
669 728 873 774 adaliud
915 728 1189 782 ordinatum,
1217 728 1379 772 dicitur
1412 728 1454 773 ei
1481 728 1698 773 auxilium
1731 727 1985 787 provenire,
2018 742 2114 772 non

152 809 306 844 autem
337 797 520 856 aliquod
557 796 951 855 impedimentum.
985 795 1063 839 Est
1095 795 1230 853 igitur
1262 795 1465 839 naturale
1497 806 1675 840 rectum
1700 795 1822 855 quod
1857 795 1920 840 sic
1957 798 2113 855 procu-

150 875 273 910 retur
297 864 352 909 ab
379 864 568 908 homine
597 877 777 921 corpus,
804 872 848 906 et
873 861 1108 906 inferiores
1126 862 1243 906 vires
1266 862 1462 916 animae,
1489 873 1536 907 ut
1559 876 1614 906 ex
1638 863 1729 907 hoc
1757 873 1802 907 et
1827 871 1955 907 actus
1982 862 2117 907 ratio·

150 931 236 985 nis,
262 940 307 975 et
330 930 504 975 bonum
526 930 666 988 ipsius
685 929 875 973 minime
891 929 1178 987 impediatur,
1197 929 1343 986 magis
1360 939 1513 973 autem
1529 930 1719 987 juvetur.
1745 929 1794 973 Si
1812 939 1966 973 autem
1982 943 2116 975 secus

152 997 391 1051 accideret,
417 997 501 1041 erit
526 995 790 1040 naturaliter
816 1006 1070 1054 peccatum.
1098 995 1389 1039 vinolentiae
1420 996 1571 1053 igitur,
1604 1006 1648 1040 et
1674 995 2048 1049 comessationes,
2071 1003 2115 1040 et

150 1064 434 1110 inordinatus
459 1076 762 1108 venereorum
795 1077 916 1115 usus,
943 1076 1021 1120 per
1053 1076 1169 1120 quae
1197 1072 1322 1106 actus
1345 1063 1532 1106 rationis
1564 1062 1809 1120 impeditur
1842 1071 1886 1106 et
1911 1061 2116 1110 subditur

151 1131 452 1191 passionibus,
489 1144 604 1189 quae
630 1129 822 1175 liberum
854 1129 1074 1187 judicium
1102 1129 1288 1173 rationis
1322 1143 1419 1174 esse
1450 1143 1545 1174 non
1574 1129 1739 1183 sinunt,
1771 1139 1876 1174 sunt
1906 1127 2118 1174 naturali·

152 1208 224 1244 ter
246 1197 385 1243 mala.

241 1265 502 1310 Praeterea:
517 1264 761 1323 unicuique
772 1262 1036 1307 naturaliter
1059 1264 1336 1307 conveniunt
1355 1277 1406 1307 ea
1419 1262 1580 1321 quibus
1601 1262 1745 1307 tendit
1763 1262 1810 1306 in
1822 1276 1957 1306 suum
1975 1261 2116 1307 finem

150 1330 429 1386 naturalem3
452 1344 568 1390 quae
595 1340 748 1375 autem
766 1345 790 1375 e
816 1330 1043 1375 contrario
1061 1343 1108 1374 se
1130 1330 1312 1382 habent,
1331 1339 1434 1373 sunt
1450 1328 1713 1373 naturaliter
1733 1328 2116 1373 inconvenientia.

154 1398 403 1444 Ostensum
423 1408 490 1442 est
508 1407 661 1442 autem
687 1411 820 1456 supra
836 1398 896 1455 (c.
922 1411 937 1440 1
952 1396 1038 1454 15.)
1058 1397 1178 1455 quod
1199 1397 1342 1440 homo
1366 1395 1630 1440 naturaliter
1648 1395 1881 1440 ordinatur
1896 1396 2116 1440 in‘Deum

151 1465 269 1510 sicut
299 1465 347 1509 in
379 1464 530 1509 finem.
558 1464 623 1508 Ea
649 1465 785 1523 igitur
810 1464 972 1522 quibus
998 1464 1143 1507 homo
1169 1463 1396 1507 inducitur
1423 1463 1468 1506 in
1492 1462 1805 1520 cognitionem
1833 1472 1878 1507 et
1903 1476 2113 1507 amorem

150 1532 241 1576 Dei
265 1542 370 1576 sunt
394 1530 657 1576 naturaliter
682 1541 832 1575 recta:
861 1544 976 1589 quae
1004 1540 1156 1574 autem
1183 1544 1208 1573 e
1236 1529 1482 1583 contrario,
1505 1538 1608 1573 sunt
1640 1529 1904 1574 naturaliter
1936 1529 2117 1574 homini

153 1598 288 1645 mala.
315 1599 446 1643 Patet
476 1598 612 1656 igitur
644 1597 765 1657 quod
798 1597 971 1641 bonum
1007 1607 1052 1641 et
1084 1596 1258 1641 malum
1300 1598 1346 1640 in
1381 1596 1595 1640 humanis
1632 1596 1805 1640 actibus
1837 1610 1932 1640 non
1964 1595 2116 1647 solum

153 1676 259 1711 sunt
282 1664 534 1710 secundum
560 1664 674 1723 legis
701 1664 992 1722 positionem,
1019 1663 1098 1707 sed
1125 1662 1377 1707 secundum
1402 1661 1659 1706 naturalem
1685 1663 1906 1707 ordinem.

243 1732 363 1776 Hinc
390 1740 458 1776 est
487 1730 610 1790 quod
637 1730 778 1788 (Psal.
810 1730 977 1774 XVIII.
1017 1731 1104 1786 10.)
1138 1730 1313 1783 dicitur,
1346 1729 1469 1788 quod
1490 1729 1655 1787 judicia
1681 1731 1766 1774 Dei
1791 1739 1897 1774 sunt
1926 1744 2044 1783 vera,
2077 1736 2116 1774 et

149 1800 376 1858 justificata
401 1800 446 1843 in
469 1799 701 1857 semetipsis.

243 1864 332 1910 Per
351 1864 447 1910 hoc
474 1874 627 1910 autern
660 1863 911 1909 excluditur
936 1862 1103 1923 positio
1135 1863 1384 1908 dicentium
1417 1863 1538 1922 quod
1571 1864 1690 1922 justa
1717 1873 1761 1909 et
1781 1873 1904 1908 recta
1922 1873 2027 1909 sunt
2051 1877 2118 1909 se-

155 1932 366 1977 cundum·
387 1931 539 1991 legem
569 1931 732 1991 posita.

870 2085 1127 2142 CAPUT
1169 2086 1401 2143 CXXX.

488 2212 649 2260 QUOD
694 2213 930 2253 DIVINUM
975 2214 1216 2253 REGIMEN
1260 2214 1334 2251 AD
1382 2213 1626 2253 HOMINES
1677 2215 1777 2252 EST

735 2288 898 2326 SICUT
934 2288 1176 2328 REGIMEN
1210 2288 1523 2328 PATERNUM.

239 2396 430 2443 Videtur
457 2407 608 2442 autem
635 2407 874 2457 paternum
899 2398 1105 2458 regimen
1132 2398 1332 2457 aliquam
1359 2397 1707 2442 similitudinem
1729 2398 1898 2443 habere
1921 2412 2027 2443 cum
2054 2399 2116 2443 di-

152 2464 259 2510 vino
286 2465 523 2523 regimine.
550 2464 671 2509 Nam
699 2465 839 2509 etiam
864 2475 990 2524 pater
1017 2479 1174 2510 curam
1200 2465 1338 2509 habet
1363 2465 1419 2509 de
1445 2464 1556 2518 filio,
1582 2479 1677 2509 non
1709 2464 1860 2509 solum
1893 2475 2116 2524 quantum

152 2532 209 2577 ad
235 2545 290 2576 ea
314 2531 362 2575 in
387 2531 551 2591 quibus
577 2524 812 2576 ordinatur
839 2532 894 2576 ad
924 2531 1053 2586 alios,
1080 2534 1197 2576 sicut
1218 2546 1312 2585 rex,
1334 2531 1412 2576 sed
1436 2532 1574 2576 etiam
1597 2542 1817 2590 quantum
1846 2532 1900 2576 ad
1928 2547 1981 2576 ea
1999 2546 2115 2591 quae

152 2598 379 2658 pertinent
405 2597 459 2641 ad
486 2597 637 2657 ipsum
668 2598 920 2642 secundum
946 2599 1156 2657 se,'quod
1183 2599 1238 2642 de
1264 2599 1368 2643 Deo
1393 2598 1532 2643 etiam
1555 2613 1689 2657 supra
1715 2599 1835 2655 (Lib.
1857 2599 1934 2643 III.
1960 2613 1998 2643 c.
2023 2601 2116 2658 93.)

153 2674 390 2709 ostensum
416 2673 504 2708 est:
533 2673 576 2708 et
602 2664 693 2708 hoc
719 2664 1000 2709 rationaliter
1026 2665 1214 2718 accidit;
1240 2678 1350 2708 nam
1377 2665 1494 2708 sicut
1519 2665 1660 2718 Deus,
1687 2665 1749 2708 ita
1775 2674 1819 2708 et
1844 2675 1971 2724 pater
1991 2675 2117 2710 natu-

154 2729 299 2775 ralem
332 2730 558 2788 originem
592 2730 774 2775 homini
806 2740 1016 2790 praestat.
1056 2731 1190 2775 Unde
1227 2731 1432 2775 divinum
1469 2731 1674 2789 regimen
1711 2741 1756 2775 et
1791 2742 2032 2790 paternum
2058 2732 2115 2777 ad

155 2795 355 2856 aliquem
380 2796 621 2841 hominem
652 2798 920 2853 extenditur,
945 2811 1040 2841 non
1066 2796 1217 2841 solum
1250 2797 1500 2841 secundum
1533 2798 1654 2856 quod
1688 2797 1900 2857 politicus
1928 2809 2009 2853 est,
2035 2799 2115 2844 sed

156 2862 295 2908 etiam
320 2862 571 2907 secundum
598 2863 720 2922 quod
747 2863 794 2907 in
820 2877 901 2907 sua
926 2874 1088 2908 natura
1114 2863 1327 2908 subsistit.

242 2930 296 2974 In
320 2928 412 2973 hoc
438 2939 594 2973 tamen
619 2939 862 2988 utrumque
887 2930 1093 2988 regimen
1121 2929 1282 2983 differt,
1309 2929 1432 2988 quod
1459 2938 1699 2988 paternum
1722 2931 1926 2989 regimen
1955 2931 2011 2976 ad
2037 2930 2115 2977 illa

153 3006 332 3040 tantum
354 3007 403 3040 se
424 2995 666 3040 extendere
683 3005 833 3055 potest
849 3010 966 3055 quae
987 2997 1033 3040 in
1055 2996 1245 3040 homine
1263 3007 1482 3055 apparent
1499 2997 1716 3050 exterius3
1739 2997 1943 3042 divinum
1961 3007 2115 3045 autem

153 3063 357 3122 regimen
384 3061 524 3106 etiam
548 3061 605 3106 ad
631 3076 686 3106 ea
712 3076 828 3121 quae
853 3063 1038 3107 interius
1066 3073 1181 3107 sunt.
1211 3062 1334 3107 Cura
1361 3065 1481 3107 enim
1512 3063 1700 3121 alicujus
1722 3077 1815 3107 non
1842 3074 1993 3123 potest
2015 3078 2114 3110 esse

154 3129 210 3174 de
235 3129 307 3173 his
328 3142 444 3188 quae
470 3128 620 3187 ipsum
647 3128 811 3183 latent3
838 3129 1050 3174 homines
1079 3140 1230 3173 autem
1258 3129 1440 3174 occulta
1462 3130 1671 3174 cordium
1697 3129 1840 3175 latent
1865 3145 1981 3189 quae
2008 3131 2114 3176 Deo

153 3205 260 3241 sunt
285 3194 537 3249 manifesta,
563 3204 611 3239 ut
636 3209 691 3240 ex
715 3196 1021 3253 superioribus
1049 3196 1167 3253 (Lib.
1195 3197 1229 3239 Ι.
1258 3211 1295 3239 c.
1329 3197 1416 3254 59.)
1443 3207 1579 3254 patet.
1603 3196 1809 3255 Requirit
1829 3197 1965 3255 igitur
1988 3198 2115 3243 Deus

155 3263 210 3307 ab
236 3261 427 3306 homine
459 3275 553 3306 non
584 3260 736 3306 solum
769 3263 891 3321 quod
927 3264 1119 3308 exterius
1148 3272 1268 3320 agat,
1295 3263 1372 3306 sed
1400 3263 1538 3307 etiam
1571 3263 1762 3322 qualiter
1794 3265 1989 3309 exterius
2023 3263 2116 3309 affi-

155 3330 313 3382 ciatur,
340 3339 384 3372 et
411 3328 517 3387 quid
552 3327 702 3374 facere
727 3329 850 3383 velit,
885 3339 931 3374 et
965 3331 1071 3389 quid
1099 3344 1152 3374 ex
1186 3330 1256 3373 his
1288 3343 1404 3388 quae
1434 3329 1542 3375 facit
1573 3330 1788 3375 intendat.
1828 3330 1966 3375 Circa
1997 3332 2112 3378 haec

155 3406 309 3442 autem
331 3395 532 3440 hominis
559 3410 666 3440 cura
698 3409 796 3440 esse
826 3410 922 3442 non
947 3406 1111 3456 potest,
1137 3397 1221 3441 nisi
1249 3405 1469 3455 quatenus
1501 3411 1580 3456 per
1612 3398 1858 3443 exteriores
1891 3407 2017 3444 actus
2051 3399 2114 3443 in-

154 3463 293 3508 terior
317 3462 557 3523 dispositio
585 3462 846 3522 explicatur.

242 3530 571 3590 ¹Unusquisque
608 3539 760 3575 autem
793 3544 950 3575 curam
980 3530 1116 3575 habet
1149 3530 1405 3589 aliquorum
1437 3531 1689 3576 secundum
1721 3531 1842 3590 quod
1875 3531 1932 3577 ad
1962 3531 2113 3591 ipsum

155 3596 407 3658 pertinent3
438 3611 546 3656 nam
573 3597 696 3658 quod
721 3597 776 3643 de
799 3596 873 3643 his
899 3611 1014 3658 quae
1048 3597 1102 3642 ad
1135 3598 1285 3657 ipsum
1317 3611 1411 3643 non
1444 3598 1669 3657 pertinent
1701 3611 1856 3645 curam
1889 3608 2031 3658 gerat,
2065 3608 2113 3645 ut
