2332 3854
786 245 941 283 LIBER
980 243 1036 282 11.
1077 243 1197 282 CAP.
1241 241 1423 281 LXXIV.
1823 284 1825 287 ,
1967 241 2074 296 227

73 385 74 388 ,
136 364 142 375 ³
211 348 352 393 Item:
385 355 544 407 postea
569 345 726 406 (tertio
752 345 823 390 De
851 346 1018 400 anima,
1044 355 1075 390 t.
1119 358 1157 389 c.
1195 344 1260 403 8.)
1296 342 1527 402 subjungit
1563 342 1703 402 quod,
1739 342 1923 402 quando
1953 341 2082 387 intel-

120 413 267 465 lectus
291 412 517 473 possibilis
545 413 735 472 acquirit
760 413 1013 466 scientiam,
1040 422 1108 457 est
1132 421 1294 471 potens
1317 410 1498 470 operari
1514 424 1594 469 per
1611 410 1828 468 seipsum,
1854 408 1961 454 licet
1982 423 2077 454 non

119 488 227 528 'acm
252 479 489 540 intelligat.
516 479 623 524 Non
647 479 783 539 igitur
809 479 983 538 indiget
1008 478 1242 523 influentia
1267 477 1458 535 alicujus
1490 476 1738 536 superioris
1766 476 1956 535 agentis.

209 546 333 592 Dicit
349 547 488 591 etiarn
514 547 560 590 in
593 556 759 590 octavo
786 545 969 604 Physic.
997 547 1049 604 (t.
1078 559 1116 589 c.
1148 544 1237 603 32.)
1265 544 1403 604 quod,
1430 553 1534 588 ante
1567 542 1816 596 addiscere,
1839 552 1907 587 est
1931 543 2078 587 homo

110 613 170 662 -in
194 612 396 673 potentia
424 611 653 657 essentiali
679 612 735 655 ad
762 612 1016 665 scientiam,
1045 621 1089 656 et
1113 612 1217 655 ideo
1249 611 1423 669 indiget
1454 620 1634 655 motore
1667 623 1748 669 per
1779 623 1916 669 quern
1948 610 2077 654 redu-

111 688 250 729 ·‘entur
273 678 320 723 in
347 688 523 733 actum;
549 692 643 723 non
670 688 838 732 autem,
871 688 1114 737 postquam
1151 679 1243 736 iam
1282 678 1452 732 didicit,
1484 677 1659 736 indiget
1689 690 1770 735 per
1806 690 1854 721 se
1881 686 2077 721 motore.

116 743 245 806 Ergo
269 759 364 791 non
389 745 564 805 indiget
588 744 822 789 influentia
842 744 1099 788 intellectus
1134 744 1324 803 agentis..

208 811 335 857 Dicit
358 812 494 856 etiam
521 812 567 855 in
598 811 732 856 tertio
763 811 835 855 De
868 811 1021 855 anima
1049 812 1099 868 (t.
1134 825 1171 854 c.
1204 811 1307 869 30.)‚
1335 810 1456 870 quod
1490 810 1810 870 phantasmata
1834 823 1883 855 se
1909 809 2083 854 habent

40 876 64 936 ξ,
111 878 180 925 *nd
202 878 485 924 intellectum
511 877 775 938 possibilem
802 878 916 922 sicut
943 876 1172 922 sensibilia
1205 878 1260 921 ad
1293 891 1505 932 sensum;
1538 877 1658 922 unde
1688 886 1812 937 patet
1838 878 1961 936 quod
1988 891 2084 937 spe-

113 945 212 991 eies
234 944 541 1005 intelligibiles
567 954 671 990 sunt
695 945 741 988 in
767 943 999 989 intellectu
1026 944 1230 1004 possibili
1258 958 1283 988 a
1308 944 1717 1003 phantasmatibus,
1743 954 1788 989 et
1813 957 1910 988 non
1933 958 1960 989 a
1982 944 2082 989 sub-

46 1053 54 1069 ,Γ
112 1011 288 1059 &tantia
313 1022 535 1071 separata.

114 1086 121 1093 ”
206 1078 427 1124 Rationes
453 1088 606 1123 autem
631 1092 747 1138 quae
763 1078 973 1123 videntur
989 1078 1036 1122 in
1055 1077 1334 1123 contrarium
1362 1091 1460 1122 esse
1477 1091 1571 1121 non
1592 1086 1658 1122 est
1680 1076 1863 1122 difficile
1886 1077 2081 1124 solvere.

40 1182 74 1208 ,Ι
206 1145 467 1191 Intellectus
499 1146 622 1191 enim
649 1145 875 1204 possibilis
902 1156 969 1190 est
994 1146 1041 1189 in
1068 1156 1171 1190 actu
1198 1144 1402 1204 perfecto
1429 1145 1682 1189 secundum
1709 1144 1884 1204 species
1912 1144 2083 1190 intelli-

40 1227 65 1264 ξς,
112 1211 294 1274 ἲεἰὶήΙεε,
320 1227 461 1273 quum
484 1214 741 1258 considerat
767 1222 892 1267 actu3
920 1226 1061 1271 quum
1092 1225 1204 1257 vero
1239 1226 1334 1256 non
1372 1212 1631 1256 considerat
1657 1222 1776 1266 actu,
1802 1225 1898 1256 non
1932 1221 2001 1256 est
2030 1211 2079 1256 in

99 1283 225 1329 mm
250 1278 452 1338 perfecto
478 1279 730 1324 secundum
761 1279 863 1324 illas
889 1279 1079 1338 species,
1112 1278 1191 1323 sed
1226 1292 1275 1323 se
1312 1278 1451 1322 habet
1482 1278 1636 1323 medio
1674 1278 1816 1323 modo
1853 1278 1973 1323 inter
1998 1292 2080 1338 po-

84 1345 310 1399 'fantiam
345 1355 391 1390 et
426 1355 593 1390 actum.
637 1346 693 1391 Et
723 1346 815 1391 hoc
857 1356 924 1390 est
959 1346 1082 1405 quod
1115 1344 1385 1390 Aristoteles
1421 1344 1532 1389 dicit
1564 1345 1612 1388 in
1647 1345 1783 1389 tertio
1825 1345 1897 1390 De
1924 1345 2078 1389 anima
2149 1369 2151 1371 ·

107 1412 175 1473 (t.
201 1426 241 1458 c.
268 1413 332 1470 8.)
359 1413 497 1472 quod,
528 1427 710 1472 «quum
734 1413 849 1457 haec
876 1426 979 1471 pars
998 1411 1193 1470 (scilicet
1218 1412 1475 1456 intellectus
1503 1411 1754 1471 possibilis)
1781 1426 2080 1471 unaquaeque

47 1478 81 1540 fg
113 1478 390 1533 &aciens
412 1479 582 1524 dicitur
607 1480 863 1525 secundum
884 1489 1058 1534 actum3
1083 1479 1176 1524 hoc
1199 1489 1351 1523 autem
1374 1478 1552 1532 accidit,
1575 1493 1716 1538 quum
1734 1479 1878 1538 possit
1899 1479 2079 1538 operari

110 1559 205 1608 *per
222 1546 437 1607 seipsum.
463 1546 542 1591 Est
567 1547 753 1606 quidem
779 1546 943 1600 simile,
969 1555 1014 1590 et
1038 1556 1146 1590 tunc
1172 1545 1375 1604 potentia
1397 1545 1771 1605 quodammod03
1797 1560 1893 1591 non
1922 1555 2080 1591 tamen

112 1613 325 1661 'similiter
350 1623 420 1659 est
446 1623 549 1658 ante
577 1614 809 1658 addiscere
837 1624 913 1658 aut
938 1613 1200 1657 invenire».

209 1680 438 1725 Memoria
462 1694 574 1725 vero
600 1680 646 1724 in
672 1690 798 1740 parte
825 1680 1041 1725 sensitiva
1066 1680 1263 1739 ponitur,
1282 1679 1387 1737 quia
1404 1688 1472 1723 est
1498 1678 1686 1738 alicujus
1713 1689 1849 1737 prout
1865 1679 1985 1724 cadit
2001 1679 2083 1725 sub

34 1747 67 1800 31.
124 1747 426 1794 determinato
452 1757 684 1806 tempore;
709 1761 804 1791 non
831 1747 954 1791 enim
981 1756 1049 1791 est
1079 1747 1167 1790 nisi
1198 1745 1447 1805 praeteriti;
1477 1755 1522 1790 et
1551 1746 1673 1800 ideo,
1705 1760 1847 1805 quum
1878 1760 1973 1790 non
2005 1746 2082 1791 ab-

1 1858 3 1862 ,
121 1813 346 1860 strahatur
370 1828 397 1858 a
421 1813 724 1872 singularibus
750 1813 1103 1867 conditionibus,
1130 1827 1224 1857 non
1241 1812 1437 1872 pertinet
1453 1813 1509 1856 ad
1531 1822 1708 1870 partem
1734 1812 2078 1867 intellectivam,

121 1894 239 1942 quae
264 1890 332 1926 est
355 1881 695 1926 universalium.
723 1881 814 1926 Sed
841 1895 922 1939 per
945 1881 1036 1925 hoc
1053 1894 1147 1924 non
1171 1878 1424 1924 excluditur
1447 1879 1555 1938 quin
1572 1879 1831 1924 intellectus
1849 1880 2077 1938 possibilis

34 1944 59 2010 Ϊξ
106 1948 180 1994 sit
204 1948 545 1994 conservativus
570 1947 940 2008 intelligibilium,
962 1961 1079 2007 quae
1102 1947 1421 1992 abstrahuntur
1439 1946 1492 1990 ab
1511 1947 1724 1991 omnibus
1742 1947 2081 1992 conditionibus

122 2014 482 2076 particularibus.

839 2185 1095 2242 CAPUT
1138 2185 1366 2241 LXXV.

414 2319 658 2359 SOLUTIO
700 2320 992 2360 RATIONUM
1032 2320 1231 2367 QUIBUS
1272 2320 1518 2359 VIDETUR
1557 2306 1790 2360 PROBARI

615 2394 816 2434 UNITAS
859 2395 1239 2435 INTELLECTUS
1280 2394 1592 2433 POSSIBILIS.

696 2497 750 2554 (I.
772 2503 886 2556 part.
913 2504 1065 2557 quaest.
1098 2498 1296 2543 LXXVI.
1330 2505 1411 2542 art.
1435 2498 1509 2557 3.).

6 2660 15 2672 vs
49 2656 80 2672 ψ
210 2606 285 2651 Ad
316 2607 603 2666 probandum
637 2619 790 2653 autem
820 2609 1042 2654 unitatem
1076 2608 1333 2653 intellectus
1367 2609 1594 2668 possibilis
1623 2609 1852 2668 quaedam
1885 2611 2084 2655 rationes

39 2672 417 2728 {fjiadducuntun
446 2688 557 2733 quas
583 2685 766 2734 oportet
791 2675 1030 2720 ostendere
1059 2675 1268 2721 efficaces
1294 2690 1389 2720 non
1417 2690 1530 2721 esse.

55 2742 114 2807 ξςςῑ
140 2774 159 2782 2,
210 2739 402 2785 Videtur
433 2741 557 2785 enim
598 2742 721 2800 quod
757 2742 908 2786 omnis
942 2741 1091 2787 forma
1126 2756 1242 2801 quae
1281 2752 1347 2787 est
1381 2757 1471 2786 una
1514 2743 1765 2787 secundum
1798 2744 2000 2802 speciem
2037 2754 2084 2789 et

9 2806 14 2814 ’
42 2803 452 2866 3U{*³÷1multiplicatur
477 2808 729 2852 secundum
764 2822 1021 2862 numerum,
1054 2809 1358 2854 individuetur
1392 2824 1471 2869 per
1503 2810 1770 2864 materiam3
1802 2825 1919 2869 quae
1957 2811 2082 2856 enirn

8 2887 20 2910 :b
47 2882 230 2921 2:12sunt
252 2886 394 2917 unum
420 2874 571 2932 specie
598 2884 644 2918 et
668 2874 811 2919 multa
837 2876 1089 2919 secundum
1111 2889 1371 2930 numerum,
1399 2876 1679 2921 conveniunt
1710 2877 1756 2920 in
1782 2876 1932 2921 forma
1954 2888 1999 2922 et
2021 2878 2084 2922 di-

14 2953 17 2957 ’
56 2948 79 3002 Αζ
105 2939 411 2999 ῑιᾱῃςιωηωτ
435 2942 686 2986 secundum
720 2943 974 2986 materiam.
1009 2943 1058 2987 Si
1090 2943 1226 3001 igitur
1256 2942 1514 2987 intellectus
1550 2943 1779 3002 possibilis
1814 2944 1861 2987 in
1893 2944 2082 2990 diversis

46 3000 67 3069 {J
115 3005 386 3051 hominibus
410 3007 468 3051 sit
492 3007 818 3067 multiplicatus
851 3010 1104 3053 secundum
1136 3023 1394 3063 numerum,
1421 3024 1564 3069 quum
1596 3011 1653 3054 sit
1684 3024 1800 3054 unus
1827 3012 2080 3056 secundum

14 3097 25 3128 3,
99 3072 338 3132 speciem,
363 3083 544 3132 oportet
569 3075 691 3134 quod
718 3075 775 3119 sit
799 3075 1105 3120 individuatus
1130 3076 1177 3120 in
1203 3076 1295 3120 hoc
1322 3085 1366 3121 et
1392 3077 1437 3120 in
1464 3076 1544 3120 illo
1579 3091 1658 3134 per
1684 3077 1951 3132 materiam3
1983 3092 2079 3123 non

100 3148 279 3185 ‘antem
309 3154 390 3200 per
414 3141 654 3185 materiam
681 3156 797 3201 quae
824 3143 880 3187 sit
905 3157 1007 3201 pars
1034 3144 1117 3197 sui,
1145 3144 1250 3202 quia
1277 3143 1340 3188 sic
1360 3153 1479 3188 esset
1495 3144 1695 3202 receptio
1720 3145 1815 3202 eJus
1838 3145 1893 3189 de
1911 3158 2079 3204 genere

18 3206 20 3209 ’
43 3217 73 3226 ’
122 3206 395 3264 receptionis
421 3207 638 3252 materiae
655 3210 829 3267 primae
847 3219 891 3253 et
915 3211 1137 3268 reciperet
1152 3209 1325 3254 formas
1344 3210 1667 3264 individuales;
1696 3210 1816 3269 quod
1837 3220 1904 3255 est
1921 3221 2082 3257 contra

99 3282 332 3318 maturam
357 3273 628 3319 intellectus,
655 3274 943 3335 Relinquitur
969 3291 1079 3335 ergo
1106 3277 1229 3336 quod
1256 3277 1562 3321 individuetur
1586 3291 1666 3336 per
1697 3278 1935 3321 materiam
1964 3293 2081 3338 quae

81 3347 192 3384 eet
214 3353 381 3399 corpus
406 3340 608 3385 hominis
634 3343 761 3399 cujus
777 3343 960 3400 ponitur
978 3342 1139 3387 forma.
1162 3344 1331 3388 Omnis
1358 3354 1511 3388 autem
1527 3343 1675 3387 forma
1701 3343 1980 3390 individuata
2001 3359 2082 3405 per

98 3406 364 3450 >¹*nutteriam
400 3407 527 3465 cujus
564 3416 632 3452 est
672 3417 797 3453 actus
834 3419 902 3453 est
935 3408 1085 3453 forma
1125 3410 1396 3463 materialis;
1438 3419 1617 3468 oportet
1653 3410 1776 3454 enim
1812 3411 1937 3470 quod
1980 3426 2080 3459 esse

102 3470 364 3529 *cujuslibet
385 3473 450 3517 rei
474 3473 725 3533 dependeat
750 3475 804 3519 ab
830 3488 888 3520 eo
915 3490 940 3519 a
966 3490 1057 3535 quo
1084 3476 1309 3535 dependet
1332 3476 1633 3520 individuatio
1660 3478 1780 3535 ejus;
1806 3478 1923 3522 sicut
1955 3480 2080 3524 enim

106 3537 346 3598 *principia
371 3539 638 3583 communia
662 3550 767 3584 sunt
790 3540 846 3586 de
869 3542 1062 3587 essentia
1089 3542 1271 3601 speciei,
1298 3542 1359 3586 ita
1384 3542 1605 3602 principia
1625 3542 1953 3590 individuantia
1975 3557 2081 3591 sunt

103 3602 403 3661 adementia
426 3605 817 3670 hujusindividui.
837 3607 1050 3672 Sequitur
1067 3622 1176 3670 ergo
1195 3609 1317 3669 quod
1335 3608 1592 3658 intellectus
1607 3609 1835 3673 possibilis
1853 3611 1909 3660 sit
1929 3612 2079 3660 forma
