2332 3854
792 207 947 248 LmER
986 207 1043 246 11.
1085 207 1204 246 CAP.
1245 205 1434 246 xcvm.
1981 189 2084 244 281

138 320 327 357 naturae
351 309 567 365 similior3
594 319 640 355 et
662 309 767 355 ideo
795 321 862 356 est
893 311 1043 356 minus
1075 319 1324 365 contracta,
1355 317 1512 369 utpote
1543 306 1839 367 propinquius
1871 308 2093 353 accedens

139 378 196 424 ad
222 392 302 423 ens
328 375 595 431 universale,
620 376 871 436 perfectum
897 388 942 423 et
965 379 1156 433 bonum,
1184 387 1228 423 et
1252 386 1436 436 propter
1460 375 1551 420 hoc
1577 373 1953 419 universaliorem
1983 374 2094 419 boni

139 454 186 491 et
209 444 323 490 entis
347 443 742 505 participationem
768 444 970 499 habens;
1003 455 1048 489 et
1079 444 1184 490 ideo
1219 442 1536 490 similitudines
1572 440 1880 500 intelligibiles
1913 442 1960 485 in
1996 441 2094 485 sub-

138 511 301 557 stantia
325 511 546 571 superiori
583 511 845 556 exsistentes
874 522 978 556 sunt
1009 512 1158 556 minus
1183 509 1511 571 multiplicatae
1542 519 1587 554 et
1621 509 1768 568 magis
1802 508 2094 553 universales.

137 577 196 623 Et
217 578 309 623 hoc
337 589 403 623 est
428 578 550 638 quod
577 578 826 638 Dionysius
855 578 962 623 dicit
986 579 1032 622 in
1066 579 1248 623 decimo
1272 577 1476 629 secundo
1506 575 1705 622 Coelest.
1728 576 1856 630 hier„
1879 576 2000 635 quod
2023 589 2098 619 an·

138 644 231 704 geli
247 646 502 705 superiores
519 645 688 689 habent
704 645 943 690 scientiam
961 645 1107 704 magis
1124 644 1452 699 universalem;
1470 654 1514 688 et
1529 644 1575 687 in
1592 643 1707 688 libro
1724 643 1795 688 De
1813 643 1960 687 causis
1976 642 2096 701 (pro-

136 723 235 771 pos.
267 712 355 769 10.)
382 711 545 756 dicitur
569 711 692 771 quod
717 711 1043 770 intelligentiae
1070 712 1323 771 superiores
1355 712 1524 756 habent
1553 710 1725 755 formas
1750 710 1897 769 magis
1921 709 2096 753 univer-

138 777 270 825 sales.
297 778 542 823 Summum
570 788 722 823 autem
748 778 1011 837 hujusmodi
1038 778 1385 823 universalitatis
1412 788 1480 823 est
1504 778 1550 822 in
1576 778 1694 832 Deo,
1720 777 1797 837 qui
1821 790 1902 836 per
1935 790 2093 830 unum,

138 844 312 890 scilicet
341 860 422 904 per
448 846 691 890 essentiam
718 859 863 900 suam,
887 846 1043 889 omnia
1071 846 1331 904 cognoscit;
1363 845 1571 889 infimum
1601 854 1751 889 autem
1782 844 1830 888 in
1861 842 2093 889 intellectu

137 911 359 966 humano,
384 912 462 971 qui
488 913 542 956 ad
570 912 926 972 unumquodque
955 911 1238 971 intelligibile
1264 913 1437 971 indiget
1453 913 1601 971 specie
1618 910 1892 970 intelligibili
1911 912 2094 970 propria

139 989 185 1024 et
208 980 251 1023 ei
277 988 541 1038 coaequata.

224 1044 334 1090 Non
359 1055 426 1090 est
450 1046 587 1123 igitur
612 1061 692 1105 per
717 1045 888 1090 formas
914 1045 1262 1091 universaliores
1289 1046 1406 1106 apud
1433 1045 1701 1090 substantias
1735 1045 1988 1105 superiores
2013 1045 2096 1089 im·

67 1113 72 1120 “
138 1111 337 1172 perfecta
364 1113 583 1172 cognitio,
610 1113 727 1157 sicut
753 1113 872 1172 apud
897 1128 1006 1167 nos3
1023 1128 1102 1172 per
1119 1113 1461 1158 similitudinem
1480 1113 1602 1158 enim
1619 1112 1844 1167 animalis,
1861 1126 2093 1172 perquam

138 1179 462 1239 cognoscimus
490 1179 688 1239 aliquid
676 1195 723 1223 m
741 1194 906 1239 genere
925 1189 1117 1235 tantum,
1135 1180 1518 1240 imperfectiorem
1538 1180 1849 1239 cognitionem
1872 1179 2094 1223 habemus

137 1260 276 1306 quam
293 1261 373 1307 per
389 1246 734 1292 similitudinem
750 1247 965 1302 hominiS,
983 1261 1063 1306 per
1081 1261 1216 1306 quam
1236 1247 1778 1306 cognoscimusspeciem
1790 1245 2094 1305 completam3

137 1326 420 1373 cognoscere
447 1314 570 1357 enim
597 1313 765 1372 aliquid
793 1313 1044 1358 secundum
1071 1328 1213 1372 genus
1239 1323 1416 1358 tantum
1434 1323 1501 1358 est
1517 1327 1799 1372 cognoscere
1814 1311 2094 1372 imperfecte,

137 1388 183 1424 et
207 1381 334 1440 quasi
360 1380 407 1424 in
433 1381 659 1439 potentia3
688 1394 968 1439 cognoscere
995 1390 1146 1425 autem
1173 1381 1220 1424 in
1246 1381 1396 1440 specie
1423 1390 1490 1424 est
1511 1394 1791 1439 cognoscere
1822 1379 2018 1439 perfecte
2052 1388 2097 1424 et

135 1445 184 1491 in
210 1457 328 1491 actu.
354 1446 615 1491 Intellectus
639 1456 791 1491 autem
818 1457 987 1501 noster,
1014 1447 1119 1506 quia
1144 1447 1354 1490 infimum
1382 1447 1573 1505 gradum
1605 1457 1729 1492 tenet
1758 1447 1805 1490 in
1837 1446 2094 1491 substantiis

136 1512 532 1568 intellectualibus,
559 1514 675 1558 adeo
702 1513 993 1573 particulatas
1019 1513 1335 1557 similitudines
1368 1514 1554 1572 requirit
1590 1515 1711 1572 quod
1746 1513 1990 1572 unicuique
2023 1527 2096 1557 co-

137 1580 379 1640 gnoscibili
404 1581 589 1640 proprio
616 1590 798 1640 oportet
822 1581 1095 1638 respondere
1121 1580 1351 1640 propriam
1377 1579 1722 1624 similitudinem
1747 1581 1794 1624 in
1819 1581 1944 1639 ipso3
1976 1580 2095 1624 unde

136 1661 217 1707 per
242 1647 585 1706 similitudinem
613 1647 823 1692 animalis
848 1661 942 1691 non
970 1647 1207 1705 cognoscit
1238 1646 1476 1700 rationale,
1509 1657 1553 1691 et
1584 1661 1663 1706 per
1695 1661 1978 1706 consequens
2010 1661 2094 1691 nec

137 1713 391 1769 hominem,
416 1713 504 1758 nisi
534 1714 786 1758 secundum
819 1713 939 1772 quid.
976 1713 1236 1758 Similitudo
1275 1723 1427 1758 autem
1464 1713 1760 1772 intelligibilis
1799 1728 1915 1773 quae
1951 1723 2018 1758 est
2048 1714 2095 1757 in

138 1781 389 1826 substantia
413 1790 619 1840 separata
645 1791 713 1825 est
737 1780 1076 1825 universalioris
1101 1781 1291 1835 virtutis,
1318 1780 1375 1824 ad
1405 1779 1534 1839 plura
1566 1780 1944 1841 repraesentanda
1975 1779 2095 1825 suffi-

137 1847 277 1903 ciens,
303 1857 347 1892 et
370 1847 476 1892 ideo
502 1862 596 1892 non
628 1846 735 1892 facit
765 1847 1151 1907 imperfectiorem
1184 1848 1512 1906 cognitionem,
1545 1849 1622 1893 sed
1655 1847 1997 1907 perfectiorem3
2030 1857 2098 1892 est

137 1914 262 1960 enim
286 1913 553 1960 universalis
578 1915 740 1958 virtute
757 1914 823 1958 -ad
850 1915 1040 1958 modum
1067 1913 1242 1958 formae
1269 1916 1444 1973 agentis
1470 1915 1516 1958 in
1543 1929 1679 1959 causa
1703 1914 1961 1975 universali,
1979 1929 2095 1974 quae

138 1991 306 2041 quanto
331 1980 466 2026 fuerit
489 1980 802 2036 universalior,
826 1990 954 2026 tanto
982 1981 1037 2025 ad
1063 1981 1191 2040 plura
1223 1996 1271 2026 se
1305 1981 1506 2026 extendit
1536 1990 1580 2026 et
1611 1982 1839 2026 efficacius
1871 1981 2094 2041 producit.

137 2048 227 2092 Per
246 2047 594 2094 similitudinem
619 2048 756 2107 igitur
781 2062 919 2092 unam
947 2048 1185 2107 cognoscit
1211 2058 1255 2092 et
1287 2047 1459 2092 animal
1490 2058 1534 2092 et
1565 2047 1838 2093 differentias
1871 2048 2095 2103 animalis,

138 2124 216 2159 aut
246 2114 383 2159 etiam
410 2114 723 2159 universaliori
750 2115 891 2159 modo
919 2125 963 2159 et
989 2115 1297 2169 contractiori,
1324 2115 1575 2159 secundum
1603 2116 1811 2161 ordinem
1833 2115 2097 2160 substantia-

137 2195 239 2225 rum
264 2181 610 2241 praedictarum.
638 2181 858 2239 Exempla
883 2182 1021 2240 igitur
1045 2181 1193 2240 hujus,
1220 2192 1268 2226 ut
1293 2182 1465 2226 dictum
1493 2191 1574 2236 est,
1599 2183 1646 2226 in
1679 2183 1854 2227 duobus
1886 2183 2097 2227 extremis

138 2247 342 2308 accipere
368 2261 624 2307 possumus,
651 2247 823 2292 scilicet
849 2250 894 2292 in
927 2248 1161 2293 intellectu
1193 2248 1347 2292 divino
1381 2259 1425 2293 et
1455 2249 1674 2293 humano.
1704 2250 1836 2294 Deus
1863 2249 1985 2293 enirn
2017 2264 2096 2309 per

135 2319 295 2370 unum,
320 2316 443 2374 quod
470 2325 536 2359 est
562 2329 643 2359 sua
670 2315 878 2369 essentia,
906 2317 1146 2375 cognoscit
1171 2317 1356 2370 omnia3
1379 2317 1524 2360 homo
1552 2327 1704 2361 autem
1733 2318 1789 2361 ad
1815 2317 1991 2362 diversa
2024 2331 2098 2361 co-

137 2382 400 2441 gnoscenda
427 2381 626 2426 diversas
657 2382 977 2427 similitudines
1011 2383 1210 2442 requirit,
1243 2383 1351 2442 quin
1385 2384 1521 2427 etiarn
1555 2394 1726 2443 quanto
1760 2382 1931 2428 altioris
1963 2383 2099 2428 fuerit

135 2447 409 2503 intellectus,
434 2458 561 2493 tanto
589 2463 644 2493 ex
669 2449 958 2509 paucioribus
985 2449 1114 2509 plura
1141 2464 1422 2508 cognoscere
1449 2461 1621 2509 potest;
1648 2450 1767 2495 unde
1793 2451 1864 2495 his
1896 2451 1973 2509 qui
1994 2459 2098 2495 sunt

134 2515 252 2561 tardi
262 2515 519 2561 intellectus
536 2526 717 2576 oportet
733 2515 941 2577 exempla
956 2517 1245 2576 particularia
1263 2517 1487 2562 adducere
1499 2518 1553 2562 ad
1565 2518 1879 2577 cognitionem
1891 2517 1947 2562 de
1963 2518 2096 2562 rebus

136 2582 423 2627 sumendam.

228 2649 388 2703 Quum
413 2660 567 2694 autern
593 2650 843 2695 substantia
860 2660 1080 2710 separata,
1098 2653 1144 2695 in
1160 2665 1242 2696 sua
1258 2661 1418 2695 natura
1437 2651 1735 2706 considerata,
1758 2652 1815 2696 sit
1831 2653 1875 2696 in
1893 2651 2097 2711 potentia

131 2715 195 2762 ad
219 2715 536 2762 similitudines
558 2718 718 2777 quibus
742 2727 892 2762 totum
919 2732 997 2762 ens
1032 2728 1351 2777 cognoscatur,
1383 2732 1478 2762 non
1511 2728 1578 2762 est
1610 2719 1942 2763 aestimandum
1974 2718 2096 2778 quod

137 2782 195 2828 sit
219 2782 443 2828 denudata
470 2784 523 2828 ab
551 2785 763 2829 omnibus
788 2785 1054 2844 hujusmodi
1079 2785 1468 2839 similitudinibus;
1495 2785 1611 2830 haec
1637 2786 1760 2830 enim
1778 2796 1847 2831 est
1860 2786 2096 2845 dispositio

136 2848 392 2895 intellectus
410 2850 636 2909 possibilis
655 2861 896 2910 antequam
914 2850 1151 2910 intelligat,
1170 2861 1218 2896 ut
1235 2852 1396 2896 dicitur
1408 2852 1455 2895 in
1467 2853 1600 2896 tertio
1618 2853 1689 2896 De
1707 2852 1859 2896 anima
1872 2854 1923 2911 (t.
1935 2866 1973 2896 c.
1992 2853 2096 2910 14).

135 2916 299 2976 Neque
324 2926 393 2961 est
423 2917 562 2961 etiam
596 2917 928 2962 aestimandum
963 2918 1085 2977 quod
1113 2918 1285 2977 aliquas
1314 2933 1471 2963 earum
1497 2919 1662 2963 habeat
1686 2919 1732 2963 in
1760 2929 1878 2974 actu,
1910 2929 1955 2964 et
1984 2919 2096 2964 alias

31 2974 63 3031 s,
137 2983 185 3028 in
209 2983 411 3043 potentia
436 2994 638 3040 tantum3
656 2985 771 3029 sicut
788 2986 976 3029 materia
993 2985 1141 3044 prima
1156 2985 1203 3028 in
1223 2985 1486 3044 corporibus
1502 2985 1787 3030 inferioribus
1803 2986 1941 3031 habet
1956 3001 2096 3031 unam

137 3049 337 3095 formam
361 3050 408 3094 in
435 3061 553 3105 actu,
580 3061 623 3096 et
650 3051 759 3096 alias
788 3053 834 3095 in
859 3052 1086 3111 potentia3
1107 3061 1150 3096 et
1172 3052 1234 3095 sic
1253 3051 1508 3096 intellectus
1525 3053 1752 3111 possibilis
1769 3063 1937 3107 noster,
1955 3067 2096 3112 quum

137 3118 234 3176 jam
258 3131 416 3162 sumus
441 3118 651 3173 scientes,
677 3128 745 3163 est
776 3129 879 3163 actu
911 3119 1163 3163 secundum
1197 3118 1346 3178 aliqua
1378 3118 1692 3178 intelligibilia,
1725 3120 1975 3164 secundum
2009 3119 2098 3164 alia

138 3197 248 3229 vero
289 3184 336 3228 in
371 3185 589 3244 potentia.
625 3184 784 3238 Quum
817 3186 940 3229 enim
971 3185 1077 3230 illae
1110 3186 1386 3230 substantiae
1419 3195 1653 3245 separatae
1685 3200 1779 3230 non
1812 3196 2098 3240 moveantur,

139 3263 287 3310 neque
313 3264 394 3309 per
418 3265 481 3306 se,
506 3266 654 3311 neque
680 3267 760 3312 per
785 3252 1011 3307 accidens,
1038 3263 1085 3297 ut
1112 3263 1347 3298 ostensum
1381 3263 1445 3298 est
1478 3254 1539 3311 (c.
1571 3267 1641 3314 97.
1645 3254 1680 3311 )‚
1707 3267 1845 3298 omne
1877 3254 1998 3313 quod
2031 3264 2099 3299 est
2171 3299 2174 3303 ,

139 3315 187 3361 in
211 3316 276 3362 eis
301 3317 347 3361 in
372 3319 575 3377 potentia
601 3329 780 3378 oportet
806 3334 905 3364 esse
931 3319 978 3363 in
1007 3330 1134 3374 actu3
1162 3319 1272 3364 alias
1300 3321 1472 3364 exirent
1497 3320 1551 3364 de
1573 3320 1775 3379 potentia
1796 3320 1843 3364 in
1866 3330 2032 3375 actum,
2055 3330 2100 3365 et

141 3382 206 3429 sic
232 3395 525 3429 moverentur
550 3399 629 3444 per
655 3400 719 3440 se,
745 3385 818 3430 vel
844 3400 924 3446 per
951 3386 1175 3431 accidens.
1208 3386 1288 3431 Est
1320 3386 1456 3444 igitur
1487 3387 1533 3430 in
1566 3387 1630 3431 eis
1662 3387 1864 3446 potentia
1896 3397 1941 3431 et
1972 3396 2099 3432 actus

140 3460 361 3510 quantum
386 3452 443 3496 ad
470 3457 569 3497 es‘se
593 3451 892 3511 intelligibile,
920 3454 1035 3498 sicut
1051 3454 1097 3498 in
1117 3453 1381 3513 corporibus
1400 3453 1672 3498 coelestibus
1690 3464 1909 3513 quantum
1927 3454 1983 3498 ad
1999 3468 2099 3499 esse

141 3516 358 3563 naturale.
392 3517 583 3563 Materia
615 3519 737 3563 enim
771 3520 976 3579 corporis
1017 3519 1227 3565 coelestis
1264 3520 1326 3565 ita
1360 3519 1590 3580 perficitur
1624 3534 1704 3580 per
1735 3534 1866 3566 suam
1900 3520 2098 3566 formam

142 3582 266 3642 quod
290 3597 384 3629 non
410 3594 616 3631 remanet
641 3586 686 3631 in
711 3586 913 3644 potentia
940 3586 995 3631 ad
1024 3586 1197 3646 aliquas
1223 3585 1419 3643 formas3
1446 3596 1491 3633 et
1506 3587 1715 3633 similiter
1729 3586 1984 3634 intellectus
2001 3586 2100 3633 sub-
