2332 3854
253 185 364 254 416
872 198 1027 237 LIBER
1066 197 1142 235 111.
1186 197 1305 236 cAP.
1347 168 1568 251 Lxxxx'u.

253 299 527 358 quandoque
563 300 767 359 produci.
796 299 872 344 Sic
899 299 1022 343 enirn
1048 297 1325 342 Albumasar
1349 297 1396 341 in
1422 298 1571 357 primo
1597 299 1668 344 sui
1692 300 2019 345 Introductorii
2057 299 2207 346 deien-

253 367 359 411 dere
384 367 538 411 nititur
564 366 792 425 possibile.

339 434 448 477 Non
474 443 541 477 est
567 443 719 477 autem
745 431 960 491 possibile
978 430 1100 490 quod
1117 445 1195 490 per
1212 431 1334 476 hunc
1353 431 1546 478 modum
1562 433 1779 492 possibile
1797 434 2089 489 defendatur3
2109 447 2208 495 posz

251 499 380 544 sibile
407 502 530 544 enim
557 499 788 558 quoddam
815 508 895 551 est,
923 496 1045 556 quod
1073 498 1128 541 ad
1150 499 1460 543 necessarium
1483 503 1698 559 sequitur.
1723 500 1848 545 Nam
1873 500 1996 559 quod
2021 514 2208 546 necesse

252 577 320 610 est
344 581 456 620 esse,
480 565 693 625 possibile
717 575 783 608 est
809 579 930 608 esse:
959 563 1081 622 quod
1108 564 1231 608 enim
1256 579 1351 609 non
1375 566 1589 623 possibile
1613 577 1680 611 est
1703 581 1815 620 esse,
1838 567 2120 626 impossibile
2141 577 2209 612 est

253 647 374 687 esse3
403 643 445 676 et
471 633 592 691 quod
618 630 898 690 impossibile
926 640 994 674 est
1019 644 1133 684 esse,
1154 644 1341 676 necesse
1367 641 1434 676 est
1462 646 1555 676 non
1579 647 1691 677 esse.
1713 633 1854 692 Igitur
1876 633 1999 692 quod
2021 646 2207 679 necesse

251 709 319 743 est
344 713 455 752 esse,
482 713 668 742 necesse
695 708 763 741 est
787 711 882 740 non
909 694 1020 741 esse.
1047 697 1157 742 Hoc¹
1178 708 1330 742 autern
1359 709 1427 743 est
1450 699 1747 758 impossibile.
1776 700 1899 758 Ergo
1925 699 2207 758 impossibile

252 776 318 809 est
349 766 470 823 quod
506 764 673 822 aliquid
698 778 886 807 necesse
912 763 968 808 sit
994 777 1108 818 esse,
1135 774 1181 808 et
1204 775 1359 809 tamen
1380 779 1475 809 non
1500 766 1556 810 sit
1578 765 1793 825 possibile
1815 766 1928 810 illud
1950 780 2064 811 esse.
2085 766 2207 826 Ergo

250 831 462 889 possibile
488 831 598 873 illud
626 831 827 888 sequitur
855 830 909 873 ad
937 844 1125 874 necesse
1152 845 1263 875 esse.
1292 832 1394 876 Hoc
1418 842 1571 877 autem
1597 832 1814 890 possibile
1841 847 1937 877 non
1962 843 2030 878 est
2056 847 2210 879 neces-

243 898 418 941 sarium
444 896 699 949 defendere,
726 906 886 940 contra
911 897 1002 940 hoc
1028 897 1150 955 quod
1177 897 1364 942 effectus
1392 912 1445 942 ex
1471 900 1743 943 necessitate
1771 900 1950 944 causari
1984 900 2207 963 dicuntur,

249 964 328 1008 sed
355 963 568 1021 possibile
594 962 718 1021 quod
745 963 988 1021 opponitur
1012 965 1288 1019 necessario,
1314 975 1450 1023 prout
1476 966 1638 1010 dicitur
1662 966 1879 1024 possibile
1904 967 2043 1026 quod
2056 977 2209 1027 potest

249 1044 346 1074 esse
373 1040 417 1073 et
441 1044 535 1073 non
562 1044 672 1073 esse.
704 1029 812 1074 Non
839 1029 1002 1073 dicitur
1028 1040 1181 1075 autem
1208 1031 1376 1090 aliquid
1403 1046 1482 1090 per
1514 1032 1637 1079 hunc
1675 1033 1868 1077 modum
1903 1033 2134 1093 possibile,
2162 1034 2207 1079 e‘t

249 1098 518 1155 contingens
546 1112 600 1142 ex
625 1098 715 1142 hoc
742 1097 909 1151 solum,
936 1099 1059 1156 quod
1085 1100 1359 1158 quandoque
1385 1100 1445 1144 sit
1467 1114 1516 1143 ιιι
1542 1101 1760 1159 potentia,
1787 1111 1832 1146 et
1858 1101 2205 1160 quandoquein

249 1175 366 1218 actu,
393 1175 441 1209 ut
466 1165 696 1222 praedicta
721 1166 957 1223 responsio
984 1167 1320 1225 praesupponit.
1353 1167 1474 1211 Nam
1500 1168 1564 1211 sic
1592 1168 1730 1212 etiam
1755 1169 1803 1212 in
1834 1168 2042 1225 motibus·
2058 1168 2207 1228 coele-

247 1233 387 1276 stibus
413 1242 481 1276 est
497 1232 711 1291 possibile
736 1242 780 1277 et
797 1233 1089 1291 contingens:
1116 1248 1212 1278 non
1238 1233 1360 1278 enim
1383 1248 1563 1292 semper
1589 1244 1657 1279 est
1683 1235 1960 1294 conjunctim
1977 1234 2052 1289 vel
2067 1227 2207 1295 opp-o·

247 1299 351 1343 sitio
378 1298 502 1353 solis,
534 1309 612 1343 aut
645 1298 781 1343 lunae
814 1300 861 1343 in
899 1310 1016 1353 acta,
1054 1300 1133 1345 sed
1171 1301 1443 1377 quandoque
1477 1301 1661 1360 quidem
1695 1303 1741 1346 in
1774 1311 1893 1356 actu,
1929 1302 2203 1362 quandoque

247 1376 399 1411 autem
423 1368 470 1410 in
496 1368 712 1426 potentia.
742 1368 876 1420 Quae
901 1378 1057 1412 tamen
1083 1368 1341 1413 necessaria
1365 1379 1484 1422 sunt,
1517 1383 1624 1412 cum
1647 1368 1706 1413 de
1730 1369 1802 1413 his
1827 1368 2007 1429 dentur
2020 1368 2206 1423 demon-

246 1435 499 1478 strationes.
528 1434 619 1479 Sed
651 1434 879 1492 possibile,
904 1434 979 1478 vel
1004 1435 1290 1493 contingens,
1318 1436 1441 1493 quod
1473 1435 1719 1494 opponitur
1749 1435 2023 1494 necessario,
2044 1435 2205 1481 hocin

246 1515 328 1545 sua
354 1502 530 1545 ratione
550 1501 703 1555 habet,
725 1501 847 1560 quod
868 1515 962 1545 non
989 1501 1047 1546 sit
1070 1515 1257 1546 necesse
1282 1501 1395 1546 illud
1421 1501 1518 1546 fieri
1541 1502 1724 1561 quando
1749 1516 1845 1546 non
1866 1511 1947 1556 est,
1972 1502 2096 1563 quod
2113 1504 2206 1563 qui·

247 1568 352 1612 dem
378 1578 458 1622 est,
485 1568 590 1626 quia
615 1582 710 1612 non
737 1568 792 1612 de
817 1568 1088 1613 necessitate
1114 1569 1316 1627 sequitur
1341 1583 1397 1612 ex
1423 1583 1561 1613 causa
1586 1572 1681 1613 sua.
1709 1569 1838 1614 Sicut
1863 1570 1990 1628 enimv
2013 1569 2205 1630 dicimus

249 1635 488 1679 Socratem
522 1649 752 1679 sessurum
786 1648 885 1680 esse
919 1644 986 1678 est
1017 1635 1315 1693 contingens:
1349 1635 1499 1693 ipsum
1532 1646 1685 1679 autem
1711 1650 1810 1680 esse
1837 1636 2208 1697 moriturumjest

249 1703 576 1756 necessarium,
602 1702 707 1760 quia
731 1701 983 1746 secundum
1000 1701 1167 1745 horum
1187 1715 1242 1745 ex
1269 1716 1406 1745 causa
1422 1716 1503 1746 sua
1525 1702 1580 1746 de
1598 1703 1867 1747 necessitate
1883 1702 2102 1762 sequitur,
2114 1715 2214 1763 nort

247 1779 399 1812 autem
425 1770 637 1826 primum.
666 1769 716 1812 Si
743 1782 853 1826 ergo
881 1782 934 1811 ex
961 1768 1158 1812 motibus
1187 1767 1456 1812 coelestibus
1485 1769 1540 1812 de
1561 1769 1830 1813 necessitate
1857 1769 2058 1828 sequitur
2082 1768 2206 1830 quod

247 1849 407 1879 eorum
435 1835 621 1879 effectus
654 1835 743 1878 sint
774 1834 1047 1893 quandoque
1073 1834 1224 1888 futuri,
1255 1834 1430 1879 tollitur
1464 1835 1677 1894 possibile
1704 1845 1750 1880 et
1773 1837 2056 1894 contingens,
2083 1835 2204 1896 quod

246 1902 504 1946 necessario
532 1902 2116 1960 opponitur...

336 1969 585 2012 Sciendum
617 1978 769 2012 autem
806 1968 928 2027 quod
955 1968 1011 2011 ad
1037 1969 1323 2027 probandum
1355 1968 1542 2013 effectus
1576 1969 1845 2014 coelestium
1876 1943 2124 2027 corporum
2150 1960 2205 2013 ex

243 2037 511 2080 necessitate
537 2035 790 2094 provenire,
815 2035 1052 2079 Avicenna
1077 2036 1124 2078 in
1150 2035 1332 2079 decimo
1349 2036 1549 2094 Metaph.
1570 2037 1629 2093 (c.
1662 2038 1719 2093 1.)
1748 2036 1890 2080 utitur
1911 2035 1990 2081 tali
2013 2037 2203 2086 ratione.

245 2103 295 2147 Si
321 2103 444 2146 enim
471 2102 632 2160 aliquis
659 2101 846 2146 effectus
874 2101 1142 2146 coelestium
1176 2116 1420 2160 corporum
1458 2103 1714 2162 impeditur,
1748 2113 1933 2162 oportet
1959 2103 2102 2162 quod
2112 2102 2204 2147 hoc

243 2170 300 2214 sit
324 2184 404 2228 per
430 2169 631 2227 aliquam
656 2183 844 2212 causam
864 2168 1172 2212 voluntariam
1198 2169 1273 2213 vel
1298 2169 1569 2214 naturalem.
1595 2170 1763 2215 Omnis
1785 2180 1940 2218 autem
1966 2183 2113 2219 causa
2128 2183 2206 2214 vo·

242 2237 436 2280 luntaria
461 2237 533 2280 vel
560 2235 776 2279 naturalis
799 2235 1027 2279 reducitur
1050 2236 1106 2279 ad
1133 2236 1318 2295 aliquod
1342 2236 1539 2281 coeleste
1562 2237 1849 2296 principium.
1873 2237 2003 2296 Ergo
2017 2227 2207 2297 impedi-

244 2313 450 2347 mentum
484 2302 730 2347 effectuum
766 2302 1035 2347 coelestium
1072 2317 1320 2361 corporum
1354 2304 1560 2362 procedit
1585 2318 1638 2347 ex
1671 2304 1894 2364 aliquibus
1930 2302 2202 2355 coelestibus

242 2370 486 2429 principiis.
527 2369 813 2428 Impossibile
849 2379 917 2414 est
954 2384 1080 2427 ergo,
1117 2370 1255 2428 quod,
1288 2370 1326 2414 si
1360 2379 1483 2415 totus
1515 2371 1629 2415 ordo
1662 2370 1932 2415 coelestium
1957 2383 2203 2431 corporum

241 2437 379 2482 simul
405 2438 664 2502 accipiatur,
691 2437 878 2481 effectus
912 2438 1007 2495 ejus
1039 2452 1242 2496 unquam
1275 2448 1488 2482 cassetur.
1521 2438 1657 2482 Unde
1689 2437 1923 2488 concludit
1953 2437 2076 2496 quod
2104 2451 2206 2483 cor·

241 2518 353 2563 pora
380 2498 596 2548 coelestia
614 2503 787 2547 faciunt
811 2504 1070 2548 necessario
1098 2518 1198 2548 esse
1224 2504 1387 2549 debere
1414 2504 1637 2549 effectus
1627 2519 1673 2549 m
1698 2505 1771 2549 his
1795 2504 2083 2550 inferioribus
2107 2512 2204 2549 tam

240 2570 538 2624 voluntarios,
576 2585 715 2629 quam
750 2570 995 2614 naturales.
1030 2571 1156 2617 Haec
1196 2580 1348 2614 autem
1375 2572 1506 2625 ratio,
1533 2581 1582 2616 ut
1612 2571 1882 2616 Aristoteles
1916 2571 1963 2615 in
1998 2570 2202 2617 secundo

240 2637 423 2696 Physic.
451 2638 503 2694 (t.
531 2651 569 2680 c.
601 2650 643 2691 4.
671 2647 716 2681 et
746 2637 881 2694 infra)
915 2637 1037 2691 dicit,
1073 2637 1157 2681 fuit
1191 2638 1496 2696 quorumdam
1533 2638 1838 2697 antiquorum,
1870 2637 1946 2698 qui
1976 2638 2204 2699 negabant

242 2718 400 2747 casum
427 2714 471 2748 et
495 2703 740 2758 fortunam,
773 2718 852 2763 per
876 2705 967 2748 hoc
996 2704 1118 2780 quod
1142 2704 1380 2762 cujuslibet
1405 2704 1591 2749 effectus
1618 2715 1685 2749 est
1711 2705 1863 2763 aliqua
1887 2718 2026 2753 causa,
2057 2703 2202 2756 deter—

241 2771 426 2814 minata
444 2771 600 2815 Posita
623 2781 774 2814 autem
803 2784 953 2824 causa,
971 2771 1153 2829 ponitur
1170 2770 1357 2816 effectus
1377 2772 1431 2815 de
1453 2773 1745 2826 necessitate3
1764 2781 1809 2815 et
1825 2771 1890 2815 sic
1917 2785 2027 2848 cum
2045 2770 2203 2816 omnia

241 2851 295 2881 ex
319 2837 589 2881 necessitate
616 2838 897 2895 proveniant,
924 2852 1018 2882 non
1046 2848 1113 2882 est
1139 2837 1309 2896 aliquid
1334 2837 1571 2882 fortuitum
1596 2838 1671 2882 vel
1698 2836 1915 2883 casuale..

329 2905 458 2949 Hanc
478 2914 630 2948 autem
651 2906 878 2949 rationem
896 2905 991 2962 ipse
1015 2905 1184 2949 solvit
1175 2920 1222 2948 in
1244 2915 1370 2949 sexto
1398 2906 1599 2963 Metaph.
1623 2907 1675 2962 (t.
1703 2919 1740 2949 e.
1766 2918 1805 2963 7.
1807 2904 1844 2962 ),
1860 2904 2072 2964 negando
2091 2882 2202 2950 duas

239 2972 573 3029 propositiones
601 2972 761 3030 quibus
793 2972 907 3015 haec
943 2972 1056 3015 ratio
1089 2972 1239 3015 utitur.
1276 2971 1486 3024 Quarum
1513 2986 1602 3015 una
1630 2982 1711 3026 est,
1737 2971 1860 3031 quod
1892 2972 2041 3031 posita
2065 2984 2203 3017 causa

240 3052 542 3096 quacumque,
564 3052 752 3082 necesse
784 3040 840 3082 sit
873 3039 966 3095 ejus
999 3037 1214 3082 effectum
1250 3041 1372 3096 poni.
1410 3039 1511 3082 Hoc
1551 3039 1673 3082 enim
1705 3052 1799 3082 non
1831 3038 2082 3098 oportet-Vin
2108 3051 2204 3085 om·

238 3104 368 3148 nibus
378 3108 537 3158 causis,
555 3105 660 3163 quia
674 3105 825 3163 aliqua
843 3119 994 3159 causa,
1007 3105 1115 3149 licet
1131 3105 1187 3149 sit
1204 3119 1283 3163 per
1299 3119 1347 3149 se
1368 3115 1412 3149 et
1424 3105 1604 3164 proprie
1618 3119 1754 3162 causa
1766 3103 1996 3159 sufficiens
2010 3103 2200 3164 alicujus

241 3170 442 3225 effectus,
460 3183 609 3230 potest
625 3182 779 3216 tamen
793 3172 1002 3231 impediri
1020 3186 1071 3215 ex
1091 3186 1316 3216 concursu
1335 3172 1516 3216 alterius
1536 3186 1714 3226 causae,
1731 3182 1780 3217 ut
1796 3186 1891 3217 non
1911 3169 2203 3231 sequaturfef-

238 3237 395 3282 fectus.
424 3238 528 3282 Alia
556 3239 808 3297 propositio
833 3249 900 3282 est
920 3253 1059 3297 quam
1085 3249 1235 3297 negat,
1263 3238 1384 3297 quod
1407 3253 1502 3282 non
1520 3253 1660 3284 omne
1677 3239 1799 3298 quod
1822 3247 1889 3283 est
1899 3251 2201 3298 quocumque

241 3305 382 3350 modo
401 3306 537 3350 habet
564 3319 751 3350 causam
778 3320 857 3364 per
883 3319 945 3360 se,
972 3306 1049 3349 sed
1074 3305 1225 3350 solum
1248 3320 1301 3350 ea
1329 3320 1444 3363 quae
1468 3316 1570 3350 sunt
1591 3321 1670 3365 per
1691 3320 1766 3360 se;
1787 3318 1904 3365 quae
1929 3307 2082 3365 autem
2094 3313 2205 3364 sunt

239 3386 316 3429 per
340 3373 563 3426 accidens,
589 3386 684 3416 non
709 3373 877 3417 habent
911 3371 1111 3431 aliquam
1148 3386 1356 3416 causam:
1393 3373 1510 3416 sicut
1540 3373 1663 3432 quod
1699 3373 1756 3417 sit
1788 3372 2047 3429 musicum,
2061 3359 2200 3419 habet

239 3437 438 3495 aliquam
463 3453 648 3483 causam
665 3439 711 3482 in
725 3439 936 3493 homine3
959 3438 1081 3497 quod
1108 3448 1261 3483 autern
1277 3438 1422 3482 homo
1436 3439 1493 3483 sit
1509 3439 1647 3483 simul
1663 3438 1810 3484 albus
1806 3448 1855 3485 et
1870 3437 2084 3498 musicus,
2105 3450 2199 3489 non

238 3504 375 3548 habet
407 3505 606 3563 aliquam
634 3519 833 3549 causam.
865 3505 1199 3564 Quaecumque
1226 3505 1350 3549 enim
1374 3516 1479 3549 sunt
1500 3505 1637 3549 simul
1662 3515 1847 3564 propter
1868 3504 2071 3565 aliquam
2095 3517 2199 3549 cau·

239 3584 352 3624 sam,
380 3571 587 3615 ordinem
613 3572 782 3617 habent
815 3572 870 3616 ad
903 3573 1103 3617 invicem
1131 3587 1184 3617 ex
1210 3570 1288 3616 illa
1315 3585 1475 3626 causa3
1508 3586 1623 3631 quae
1651 3582 1804 3617 autem
1829 3578 2044 3632 sung-fn&
2081 3570 2200 3617 acci·
