2332 3854
97 196 115 235 ‘
818 218 971 260 uana
1011 218 1087 260 111.
1127 219 1249 262 CAP.
1289 215 1433 258 xmv.
1993 214 2095 273 345

144 324 210 371 >sit
239 322 427 371 felicitas
458 322 675 386 inquam
695 322 843 367 tendit
865 321 1071 371 naturale
1089 322 1236 382 ipsius
1268 319 1558 374 desiderium,
1579 332 1674 363 non
1700 327 1848 378 potest
1873 319 1983 376 poni
2009 318 2101 369 feli-

127 391 263 437 -zcitas
287 388 487 437 hominis
503 387 628 433 ineo
656 388 711 433 ad
731 388 860 446 *quod
886 388 1032 433 homo
1054 390 1288 448 pervenire
1305 401 1400 432 non
1418 395 1582 445 potest,
1609 385 1812 444 alioquin
1837 394 2101 444 sequeretur

140 457 274 516 quod
304 457 447 503 horno
473 464 591 500 esset
616 454 661 498 in
692 468 877 508 vanum,
905 465 948 499 et
979 454 1181 500 naturale
1209 456 1305 512 ejus
1330 453 1603 499 desiderium
1636 461 1754 497 esset
1784 452 1945 496 inane:
1979 450 2101 510 quod

128 532 220 571 ‘est
235 521 535 581 impossibile.
561 520 702 573 Quod
730 531 881 565 autem
904 521 1158 579 intelligere
1179 521 1451 566 substantias
1477 530 1706 579 separatas
1730 518 1911 567 homini
1943 517 1999 562 sit
2022 518 2103 561 im-

135 589 365 648 :possibile
391 587 641 633 secundum
664 587 919 646 praedictas
946 588 1210 646 positiones,
1238 602 1292 631 ex
1319 587 1448 632 dictis
1470 596 1537 631 est
1562 584 1867 633 manifestum.
1899 585 2006 629 Non
2035 593 2103 629 est

141 654 286 713 ⁴igitur
308 655 363 698 in
393 653 472 699 tali
503 653 764 712 cognitione
798 653 1149 697 substantiarum
1191 663 1500 712 separatarum
1538 650 1733 701 felicitas
1759 650 1965 698 :hominis
1999 662 2103 694 con-

150 720 317 765 stituta.

238 787 499 831 Praeterea:
529 786 583 830 ad
605 786 696 831 hoc
724 785 846 845 quod
872 784 1128 829 intellectus
1149 800 1288 844 agens
1307 787 1484 829 uniatur
1500 785 1631 829 nobis
1650 794 1698 829 ut
1718 784 1880 838 forma,
1902 783 1962 828 ita
1981 782 2104 842 quod

149 867 230 913 per
249 853 399 912 ipsum
426 852 733 911 intelligamus
758 853 1029 896 substantias
1047 862 1288 910 separatas,
1313 846 1554 910 requiritur
1576 851 1697 910 quod
1721 851 1955 908 generatio
1978 848 2105 893 intel-

149 918 293 964 lectus
305 920 350 962 in
366 919 522 963 habitu
541 922 596 963 sit
614 918 856 978 completa,
871 919 1122 964 secundum
1132 918 1447 965 Alexandrum
1461 918 1673 977 (Paraph.
1687 919 1756 962 De
1771 918 1936 971 anima,
1954 917 2102 969 tertio,

149 996 180 1031 t.
209 1000 247 1030 c.
277 984 380 1045 36),
406 985 478 1029 vel
497 986 618 1045 quod
645 986 799 1030 omnia
827 985 1104 1044 speculativa
1137 985 1225 1029 sint
1246 985 1365 1029 facta
1391 985 1437 1028 in
1469 985 1601 1028 nobis
1626 985 1672 1028 in
1700 995 1817 1038 actu,
1851 983 2103 1029 secundum

150 1054 542 1113 Averroequuae
569 1053 660 1101 duo
683 1053 733 1100 in
760 1052 882 1101 idem
908 1054 1110 1102 redeunt.
1137 1052 1259 1096 Nam
1279 1052 1532 1101 secundum
1559 1052 1651 1096 hoc
1671 1051 1931 1096 intellectus
1958 1052 2002 1094 in
2024 1049 2102 1093 ha·

148 1120 244 1164 bitu
269 1130 509 1179 generatur
533 1120 579 1163 in
604 1120 751 1174 nobis,
773 1119 1025 1165 secundum
1051 1119 1173 1178 quod
1199 1119 1432 1164 intellecta
1457 1118 1734 1177 speculativa
1760 1117 1873 1161 fiunt
1897 1118 1943 1160 in
1968 1116 2100 1162 nobis

149 1186 196 1230 in
222 1196 348 1241 actu3
375 1201 536 1231 omnes
570 1197 722 1230 autem
748 1187 922 1245 species
947 1200 1099 1230 rerum
1126 1185 1406 1230 sensibilium
1432 1195 1536 1228 sunt
1561 1183 1791 1228 intellecta
1813 1184 1857 1227 in
1885 1182 2102 1243 potentia.

148 1253 222 1297 Ad
239 1253 328 1297 hoc
346 1253 482 1312 igitur
507 1254 628 1312 quod
645 1252 899 1299 intellectus
925 1267 1064 1311 agens
1085 1251 1322 1311 copuletur
1340 1251 1489 1305 alicui,
1516 1260 1695 1310 oportet
1727 1250 1849 1309 quod
1875 1249 2100 1308 intelligat

0 508 17 551 1»

0 1336 16 1385 ἒ
149 1319 196 1363 in
222 1329 326 1364 actu
352 1333 432 1378 per
456 1319 737 1364 intellectum
774 1318 1105 1377 speculativum
1143 1332 1305 1362 omnes
1341 1330 1524 1361 naturas
1556 1331 1709 1361 rerum
1734 1315 2034 1369 sensibilium,
2061 1323 2105 1358 et

10 1391 15 1426 Γ
149 1386 529 1430 οωιιεε»νὶηῑιῑες
561 1395 606 1430 et
628 1385 925 1445 :operationes
948 1395 997 1433 et
1026 1395 1180 1433 motus
1207 1398 1382 1433 eorum.
1411 1383 1551 1436 Quod
1580 1393 1766 1432 nonest
1787 1381 2002 1442 possibile
2031 1381 2106 1425 ali-

0 1430 15 1517 Ξ
69 1483 80 1487 -
140 1452 715 1511 <quemmhominem-1scire
745 1465 830 1509 ,per
861 1451 1082 1510 principia
1109 1451 1412 1499 scientiarum
1454 1449 1853 1509 speculativarum,
1884 1463 1962 1509 per
1993 1462 2105 1507 quas

144 1531 392 1563 movemur
418 1517 473 1563 ad
507 1518 900 1563 continuationem
922 1517 1184 1567 intellectus
1211 1517 1400 1576 agentis,
1421 1527 1477 1561 ,ut
1502 1517 1587 1574 ipsi
1619 1517 1794 1577 dicunt,
1807 1530 1921 1561 cum
1947 1529 2015 1560 ex·
2031 1514 2106 1567 ,his

128 1598 269 1644 aquae
293 1586 461 1629 nostris
485 1585 687 1631 sensibus
704 1584 906 1637 subsunt,
934 1598 987 1631 ex
1010 1583 1170 1642 quibus
1192 1595 1430 1628 sumuntur
1451 1583 1672 1642 principia
1698 1582 2107 1640 scientiarum-spe-

130 1651 465 1705 culativarum,
491 1665 586 1696 non
604 1651 756 1710 possit
771 1650 995 1709 perveniri
1013 1651 1066 1694 ad
1086 1650 1243 1695 omnia
1263 1650 1496 1709 ,praedicta
1514 1649 1850 1708 cognoscenda.
1869 1649 1949 1693 Est
1969 1649 2106 1706 igitur

144 1717 429 1777 {impossibile
447 1718 568 1776 quod
586 1718 747 1776 aliquis
765 1717 909 1763 horno
929 1718 984 1761 ad
1001 1717 1130 1761 illam
1148 1718 1539 1766 continuationem
1563 1717 1797 1776 perveniat
1812 1731 1891 1776 per
1913 1717 2104 1764 modum

151 1784 205 1829 ab
224 1784 612 1843 ,eis-assignatum.
630 1784 742 1832 ,Non
767 1794 835 1829 est
854 1784 996 1843 ,igitur
1021 1784 1235 1844 possibile
1263 1785 1455 1844 quod-in
1480 1785 1561 1829 tali
1586 1784 1928 1835 continuatione
1949 1784 2005 1835 sit
2027 1784 2107 1828 ho-

144 1850 286 1895 minis
304 1849 517 1896 felicitas.

240 1917 430 1976 Adhuct
463 1917 570 1961 dato
603 1917 725 1976 quod
757 1917 860 1962 talis
893 1917 1176 1962 continuatio
1203 1918 1404 1962 hominis
1428 1918 1483 1961 ad
1506 1917 1788 1969 intellectum
1812 1917 2108 1977 agentemsit

146 1983 395 2042 possibilis,
427 1983 609 2042 qualem
645 1984 732 2043 ipsi
766 1984 1039 2038 describunt,
1072 1984 1260 2043 planum
1300 1994 1380 2038 est,
1412 1984 1535 2043 quod
1560 1984 1662 2034 talis
1680 1983 1908 2044 ‘perfectio
1934 1985 2107 2044 paucis-

153 2050 281 2095 simis
296 2051 540 2096 hominurn
560 2051 742 2096 advenit
766 2052 812 2095 in
833 2061 1008 2101 tantum
1036 2052 1159 2110 quod
1184 2066 1268 2096 nec
1286 2052 1386 2110 ipsi,
1411 2066 1496 2095 nec
1516 2052 1668 2110 aliqui,
1686 2062 2105 2110 quantumcumque

149 2117 428 2163 inrscientiis
453 2117 744 2176 speculativis
775 2119 967 2163 studiosi
994 2129 1036 2162 et
1068 2118 1214 2178 periti,
1253 2119 1350 2168 ausi
1385 2129 1491 2163 sunt
1514 2118 1654 2162 talem
1687 2117 2016 2177 perfectionem
2038 2118 2104 2164 ,de

151 2198 201 2228 se
225 2184 440 2244 profiteri.
454 2184 585 2237 Quin
613 2185 760 2230 immo
787 2199 949 2232 omnes
964 2184 1165 2244 'plurima
1193 2199 1292 2233 ase
1318 2196 1523 2232 asserunt
1545 2185 1767 2243 ignorata,
1794 2185 2107 2230 sicut-Aristo-

126 2250 615 2310 =1eles›‹quadraturam
631 2251 814 2306 circuli,
834 2262 886 2296 et
911 2253 1086 2296 ratione
1112 2252 1260 2298 ordini
1286 2252 1553 2298 coelestium
1577 2265 1837 2311 corporum,
1862 2253 1906 2302 in
1929 2251 2106 2310 quibus,

128 2327 200 2362 :att
222 2317 422 2376 >ipsemet
452 2318 562 2362 dicit
577 2319 631 2362 ⁷in
663 2319 868 2363 secundo
893 2319 965 2363 De
993 2318 1125 2364 coelo
1158 2319 1208 2375 (t.
1238 2333 1276 2362 c.
1310 2317 1404 2375 61),
1437 2333 1531 2363 non
1571 2319 1659 2362 nisi
1698 2318 1874 2377 topicas
1906 2318 2106 2369 rationes

127 2384 340 2440 -reddere
352 2394 542 2444 v..potest3
560 2395 613 2429 et
638 2385 744 2444 quid
771 2386 828 2429 sit
851 2386 904 2430 *in
931 2385 996 2430 eis
1021 2386 1330 2432 necessa-rium
1357 2396 1411 2430 et,
1433 2400 1594 2435 eorum
1621 2386 1888 2440 motoribus,
1921 2385 2018 2436 aliis
2038 2399 2109 2430 ,τε-

144 2461 300 2496 ¹servat
328 2451 582 2496 indecimo
614 2451 816 2496 secundo
842 2452 1044 2511 Metaph.
1072 2453 1123 2509 (t.
1152 2466 1190 2496 c.
1222 2450 1327 2511 36.).
1359 2452 1569 2499 Felicitas
1602 2463 1755 2501 autem
1782 2463 1850 2501 est
1874 2452 2107 2511 quoddam

135 2532 398 2563 commune
419 2518 617 2574 bonum,
641 2519 707 2563 ad
733 2518 855 2577 quod
880 2518 1050 2577 plures?
1059 2519 1296 2578 pervenire
1322 2530 1511 2578 possunt
1536 2520 1732 2564 nisisint
1758 2519 1917 2572 orbati,
1940 2529 1988 2563 ut
2010 2519 2109 2564 Ari-

149 2585 335 2630 stoteloe
359 2585 471 2629 dicit
498 2585 546 2629 in
578 2586 726 2643 primo
754 2585 955 2630 Ethicor.
983 2586 1043 2643 (c.
1081 2587 1183 2644 13.).
1215 2586 1272 2632 Et
1303 2586 1394 2630 hoc
1413 2586 1567 2632 ⁴etiam
1598 2600 1760 2635 verum
1790 2596 1858 2630 est
1890 2586 1946 2630 de
1979 2586 2107 2636 omni

127 2650 242 2696 :fine
270 2650 465 2700 naturali
491 2650 686 2710 alicujus
718 2651 902 2711 speciei,
936 2652 1041 2710 quia
1073 2653 1221 2710 ipsum
1244 2662 1588 2711 consequentur
1620 2666 1673 2696 ea
1705 2667 1821 2711 quae
1851 2661 1956 2697 sunt
1986 2651 2107 2703 illius

125 2718 334 2777 ‘zspecieL
350 2728 401 2762 ut
428 2718 476 2762 in
500 2718 714 2776 pluribus.
740 2718 847 2763 Non
874 2728 941 2763 est
967 2732 1077 2777 ergo
1109 2718 1324 2777 possibile
1358 2719 1479 2777 quod
1502 2718 1663 2763 ultima
1687 2718 1889 2763 hominis
1914 2718 2106 2769 felicitas

142 2786 201 2829 in¹
224 2785 567 2829 continuatione
592 2785 818 2843 praedicta
848 2784 1077 2831 consistat.

219 2850 370 2895 *Patet
395 2861 547 2895 autem
563 2851 697 2909 <quod
722 2864 806 2896 nec
833 2849 1119 2905 AristoteleS,
1146 2852 1275 2909 cujus
1300 2853 1571 2898 sententiam
1591 2852 1722 2911 sequi
1738 2862 1963 2903 conantur
1983 2867 2106 2912 prae-

152 2916 260 2960 dicti
285 2915 560 2981 philosophi,
593 2919 638 2961 in
664 2916 743 2962 tali
762 2918 1113 2964 continuatione
1146 2918 1356 2965 ultimam
1387 2917 1651 2966 felicitatem
1672 2919 1873 2967 hominis
1896 2919 2105 2978 opinatus

141 2992 219 3027 ωε
245 2996 356 3028 esse.
380 2983 691 3028 Probatenim
717 2983 764 3028 in
782 2984 938 3042 primo
962 2985 1107 3030 Ethic.
1132 2986 1192 3042 (c.
1220 2986 1307 3042 17.)
1331 2986 1454 3045 quod
1473 2985 1665 3033 felicitas
1687 2986 1888 3034 hominis
1908 2996 1983 3035 est
2002 3000 2108 3044 ope-

123 3070 130 3079 >·
144 3049 265 3095 ratio
297 3049 438 3108 ipsius
461 3050 713 3095 secundum
737 3050 951 3095 vuirtutem
978 3050 1248 3110 perfectam.
1283 3052 1415 3098 Unde
1442 3066 1630 3099 necesse
1661 3051 1745 3096 fuit
1777 3052 1900 3111 quod
1923 3052 1988 3102 -de
2011 3053 2107 3097 -vir-

139 3116 318 3160 tutibus
331 3115 666 3171 determinaret,
682 3131 793 3176 quas
811 3117 959 3161 divisit
977 3118 1023 3161 in
1041 3113 1228 3163 virtutes
1248 3119 1443 3164 morales
1465 3128 1509 3163 et
1526 3118 1870 3165 intellectuales.
1895 3119 2108 3169 Ostendit

129 3191 308 3226 autem
340 3182 420 3240 (X.
451 3196 549 3241 cap.
587 3184 790 3241 ejusdem
823 3183 961 3240 libri),
987 3184 1109 3243 quod
1136 3184 1296 3229 ultima
1322 3183 1514 3229 felicitas
1548 3185 1749 3230 hominis
1783 3195 1852 3235 est
1882 3186 1928 3229 in
1954 3197 2110 3244 specu·

135 3247 337 3293 ..latione⁸
357 3248 498 3292 Unde
516 3259 651 3308 patet,
679 3250 799 3308 quod
826 3264 919 3294 non
947 3251 1083 3294 estin
1108 3262 1211 3295 actu
1245 3252 1434 3308 alicujus
1459 3252 1641 3297 virtutis
1667 3250 1869 3305 moralis,
1896 3265 1980 3295 nec
2006 3265 2110 3310 pru-

154 3313 346 3368 dentiae,
379 3329 462 3359 nec
492 3315 611 3369 artis,
645 3329 759 3374 quae
777 3326 931 3361 tamen
965 3328 1068 3361 sunt
1094 3318 1439 3362 intellectuales.
1466 3318 1751 3376 Relinquitur
1777 3318 1899 3376 quod
1926 3318 1983 3362 sit
2004 3331 2107 3376 ope·

30 3419 37 3427 2
153 3381 269 3425 ratio
285 3382 537 3432 secundum
553 3382 838 3440 sapientiam,
855 3397 971 3443 quae
989 3394 1056 3428 est
1073 3385 1316 3442 praecipua
1332 3385 1447 3429 inter
1460 3399 1530 3429 res
1547 3385 1747 3429 residuas
1763 3383 2108 3440 intellectuales,

125 3461 271 3506 ..quae
295 3458 400 3492 sunt
421 3449 656 3507 sapientia,
681 3449 942 3495 scientiaet
961 3449 1231 3505 intellectus,
1259 3461 1308 3496 ut
1339 3452 1536 3496 ostendit
1553 3452 1599 3497 in
1625 3464 1752 3497 sexto
1779 3452 1925 3497 Ethic.
1942 3454 2006 3512 (c.
2026 3453 2105 3510 4.).

40 3569 42 3571 ¹
154 3513 367 3568 Unde,in
383 3514 564 3559 decimo
575 3514 726 3560 Ethic.
745 3517 806 3575 (c.
825 3516 903 3574 8.),
919 3519 1173 3576 sapientem
1189 3518 1358 3576 judicat
1375 3533 1473 3564 esse
1492 3517 1686 3565 felicem.
1706 3518 1936 3578 Sapientia
1952 3530 2106 3567 autem

122 3580 403 3626 -‹secundum
433 3580 584 3640 ipsum
609 3592 677 3627 est
701 3595 792 3628 una
816 3582 872 3629 de
896 3584 1096 3630 scientiis
1121 3584 1426 3643 speculativis,
1458 3596 1593 3644 caput
1626 3586 1831 3642 aliarum,
1863 3595 1913 3631 ut
1937 3585 2101 3635 dicitur
