2332 3854
868 213 1021 252 LIBER
1061 213 1097 251 1.
1138 213 1259 251 cAP.
1301 212 1414 251 xm.
2058 214 2120 269 17

120 315 127 323 ’
171 324 378 361 moveret
398 324 444 360 et
468 324 729 360 moveretur
743 314 995 360 secundum
1012 314 1207 360 eandem
1223 314 1422 374 speciem
1439 323 1607 369 motus,
1634 324 1679 359 et
1700 316 1821 374 quod
1840 315 1979 359 simul
2001 326 2123 360 esset

170 381 218 427 in
243 381 445 442 potentia
470 392 515 427 et
539 392 657 436 actu,
685 392 731 428 et
751 381 937 427 ulterius
963 382 1085 441 quod
1111 391 1260 427 totum
1286 395 1380 425 non
1407 391 1527 426 esset
1551 381 1701 440 primo
1729 394 1920 426 movens
1948 396 2010 436 se,
2043 382 2121 427 sed

170 449 347 495 ratione
373 450 511 508 partis
527 449 685 509 (Phys.
704 448 826 493 VIII.
853 458 883 493 t.
912 462 950 494 c.
982 448 1055 506 5.).
1078 447 1364 507 Relinquitur
1385 461 1510 507 ergo,
1533 448 1655 507 quod
1674 449 1900 493 moventis
1922 449 2123 507 seipsum

171 524 352 576 oportet
377 529 518 560 unam
544 525 720 575 partem
746 529 844 560 esse
869 514 1157 560 immobilem
1185 525 1230 560 et
1261 524 1525 559 moventem
1560 514 1697 558 aliam
1723 524 1913 574 partem.

261 581 351 627 Sed
383 582 489 641 quia
519 582 566 626 in
603 582 890 627 moventibus
926 595 975 627 se
1002 596 1118 641 quae
1150 591 1254 626 sunt
1279 581 1397 641 apud
1429 595 1528 636 nos,
1566 581 1741 626 scilicet
1771 581 1818 625 in
1852 581 2122 626 animalibus

170 661 275 708 pars
299 661 507 702 movens,
540 647 716 693 scilicet
747 649 914 703 anima,
947 649 1030 693 etsi
1062 649 1100 692 si
1131 648 1381 693 immobilis
1412 662 1493 707 per
1524 662 1585 701 se,
1618 658 1828 692 movetur
1859 658 2014 692 tamen
2047 662 2127 706 per

172 715 397 769 accidens,
424 714 610 760 ulterius
642 715 839 760 ostendit
870 716 992 775 quod
1024 715 1159 774 primi
1191 715 1416 759 moventis
1444 715 1643 774 seipsum
1670 728 1773 774 pars
1814 728 2006 759 movens
2032 729 2126 759 non

171 790 383 827 movetur
398 795 546 842 neque
564 796 644 841 per
664 796 712 826 se
729 796 876 841 neque
899 796 978 842 per
1001 782 1224 826 accidens.
1252 781 1485 826 Moventia
1509 783 1630 826 enim
1647 794 1709 836 se,
1737 794 1852 840 quae
1879 791 1983 825 sunt
2009 781 2127 840 apud

170 861 272 901 nos,
298 847 472 893 scilicet
496 848 726 903 animalia,
754 863 859 894 cum
886 849 977 893 sint
1010 847 1330 906 corruptibilia,
1363 862 1464 906 pars
1497 862 1688 893 movens
1739 850 1784 892 in
1818 847 1881 892 eis
1918 858 2128 892 movetur

171 929 251 975 per
267 915 493 961 accidens.
517 915 716 960 Necesse
738 925 806 960 est
827 925 979 959 autem
1006 916 1239 959 moventia
1261 928 1308 958 se
1342 914 1649 974 corruptibilia
1675 914 1831 959 reduci
1856 915 1912 958 ad
1940 913 2126 974 aliquod

172 981 371 1041 primum
389 995 581 1026 movens
600 996 665 1036 se,
678 982 799 1041 quod
817 982 876 1027 sit
892 981 1243 1041 sempiternum3
1261 995 1371 1040 ergo
1388 995 1575 1026 necesse
1595 991 1662 1026 est
1679 980 1878 1040 aliquem
1897 991 2128 1025 motorem

173 1061 272 1093 esse
289 1046 478 1110 alicujus
496 1049 723 1093 moventis
743 1049 942 1108 seipsum
961 1050 1036 1108 qui
1057 1063 1205 1108 neque
1218 1063 1298 1107 per
1309 1062 1371 1102 se,
1389 1062 1537 1107 neque
1550 1063 1628 1107 per
1651 1048 1862 1093 accidens
1875 1058 2127 1092 moveatur.

263 1114 404 1168 Quod
437 1125 589 1160 autem
615 1130 801 1160 necesse
827 1116 885 1160 sit
909 1115 1160 1160 secundum
1188 1129 1319 1159 suam
1344 1115 1622 1174 positionem
1650 1114 1835 1174 aliquod
1861 1128 2053 1159 movens
2076 1128 2124 1158 se

172 1179 273 1227 esse
303 1182 645 1240 sempiternum,
675 1193 812 1242 patet.
842 1183 891 1227 Si
925 1185 1046 1227 enim
1080 1191 1232 1227 motus
1266 1192 1333 1227 est
1363 1184 1680 1241 sempiternus,
1707 1191 1756 1225 ut
1785 1181 1882 1240 ipse
1915 1182 2129 1241 supponit

172 1248 333 1309 (Phys.
359 1247 482 1293 VIII.
508 1259 540 1294 t.
572 1263 610 1294 c.
636 1248 709 1304 46.
743 1260 788 1294 et
823 1248 985 1308 seqq.)‚
1013 1259 1194 1308 oportet
1225 1248 1348 1309 quod
1381 1250 1615 1307 generatio
1648 1248 1934 1293 moventium
1966 1248 2128 1307 seipsa,

172 1328 289 1375 quae
313 1325 418 1360 sunt
448 1315 726 1375 generabilia
758 1326 804 1361 et
835 1315 1158 1375 corruptibilia,
1186 1316 1243 1360 sit
1274 1325 1504 1375 perpetua.
1540 1315 1630 1360 Sed
1656 1316 1791 1375 hujus
1817 1315 2129 1374 perpetuitatis

172 1395 267 1428 non
283 1391 435 1442 potest
459 1396 557 1427 esse
584 1397 720 1427 causa
748 1382 932 1442 aliquod
958 1384 1163 1442 ipsorum
1190 1383 1477 1427 moventium
1504 1396 1566 1436 se,
1593 1382 1698 1441 quia
1724 1396 1819 1426 non
1845 1395 2026 1440 semper
2048 1391 2128 1438 est,

173 1462 259 1495 nec
283 1449 422 1494 simul
442 1450 613 1504 omnia,
638 1460 736 1494 tum
767 1450 873 1509 quia
897 1449 1071 1494 infinita
1098 1460 1261 1503 essent,
1287 1459 1386 1493 tum
1419 1449 1524 1508 quia
1555 1462 1650 1492 non
1672 1447 1809 1492 simul
1834 1458 1950 1492 sunt.
1975 1447 2131 1492 Relin-

172 1516 324 1575 quitur
347 1531 457 1576 ergo
490 1517 611 1576 quod
645 1527 826 1576 oportet
862 1531 962 1561 esse
999 1516 1183 1575 aliquod
1221 1530 1414 1559 movens
1451 1516 1651 1574 seipsum
1688 1525 1972 1574 perpetuum,
2006 1515 2129 1574 quod

173 1592 329 1628 causat
353 1584 702 1642 perpetuitatem
729 1584 1036 1643 generationis
1061 1584 1108 1627 in
1139 1583 1236 1627 istis
1267 1583 1554 1627 inferioribus
1587 1583 1877 1627 moventibus
1904 1597 1968 1637 se,
1995 1593 2040 1628 et
2064 1582 2129 1628 sic

171 1658 325 1694 motor
350 1651 445 1707 ejus
470 1662 565 1694 non
592 1661 804 1694 movetur
828 1664 977 1709 neque
1002 1664 1082 1709 per
1108 1664 1172 1704 se,
1199 1664 1347 1709 neque
1374 1664 1454 1709 per
1480 1650 1707 1694 accidens.

258 1715 396 1760 Item:
422 1716 468 1760 in
495 1716 784 1761 moventibus
818 1730 867 1761 se
891 1717 1100 1760 videmus
1127 1716 1251 1775 quod
1278 1716 1430 1776 aliqua
1460 1717 1684 1776 incipiunt
1715 1716 1771 1761 de
1803 1730 1926 1761 novo
1954 1717 2133 1761 moveri

170 1792 355 1842 propter
378 1781 577 1842 aliquem
605 1793 799 1838 motum,
826 1798 917 1842 quo
949 1798 1044 1827 non
1077 1793 1289 1828 movetur
1322 1798 1346 1827 a
1379 1783 1530 1842 seipso
1565 1782 1750 1837 animal,
1782 1783 1898 1828 sicut
1934 1783 2036 1828 cibo
2070 1783 2132 1827 di-

171 1858 318 1908 gesto,
344 1859 419 1894 aut
446 1853 548 1894 aere
577 1849 791 1904 alterat03
819 1843 910 1909 quo
937 1850 1122 1909 quidem
1149 1861 1278 1895 motu
1304 1851 1400 1909 ipse
1419 1860 1573 1894 motor
1594 1864 1787 1895 movens
1809 1851 2010 1908 seipsum
2035 1865 2133 1895 mo-

170 1926 299 1960 vetur
319 1929 399 1974 per
424 1916 655 1961 accidens:
689 1931 744 1961 ex
769 1931 860 1976 quo
887 1927 1037 1976 potest
1063 1917 1209 1976 accipi
1236 1918 1358 1976 quod
1380 1916 1558 1961 nullum
1585 1931 1776 1961 movens
1809 1918 2010 1976 seipsum
2036 1931 2132 1961 mo-

170 1991 300 2027 vetur
322 1996 516 2042 semper,
543 1984 670 2042 cujus
695 1994 849 2028 motor
874 1994 1030 2034 movet
1060 1998 1141 2043 per
1163 1998 1209 2028 se
1236 1983 1310 2028 vel
1341 1998 1420 2042 per
1447 1984 1672 2029 accidens.
1697 1984 1905 2028 Primum
1939 1998 2132 2028 movens

171 2049 387 2108 seipsum,
428 2059 638 2094 movetur
669 2064 863 2110 semper,
902 2050 1011 2095 alias
1043 2065 1136 2094 non
1169 2061 1323 2109 posset
1357 2060 1511 2095 motus
1544 2065 1642 2095 esse
1674 2051 1992 2110 sempiternus,
2024 2065 2131 2094 curn

171 2116 323 2160 omnis
341 2115 454 2161 alius
471 2127 624 2162 motus
648 2131 673 2161 a
695 2128 825 2162 motu
842 2118 978 2176 primi
995 2119 1221 2162 moventis
1238 2112 1441 2177 seipsum
1458 2128 1686 2162 causetur:
1705 2117 1972 2177 relinquitur
1993 2119 2130 2177 igitur

171 2182 293 2242 quod
313 2186 513 2242 primum
539 2198 730 2229 movens
757 2184 961 2244 seipsum
987 2196 1198 2230 movetur
1225 2200 1249 2229 a
1277 2195 1457 2230 motore
1485 2186 1562 2245 qui
1586 2199 1683 2229 non
1709 2195 1867 2229 movet
1882 2199 2030 2244 neque
2047 2199 2128 2244 per

170 2263 234 2303 se,
253 2264 403 2310 neque
429 2265 509 2311 per
535 2251 760 2297 accidens.

258 2317 358 2362 Nec
385 2328 454 2363 est
479 2328 638 2363 contra
663 2319 782 2363 hanc
806 2319 1029 2364 rationem
1059 2319 1181 2378 quod
1208 2329 1412 2364 motores
1437 2319 1706 2364 inferiorum
1733 2320 1913 2364 orbium
1940 2329 2128 2363 movent

171 2393 351 2429 motum
382 2385 726 2444 sempiternum,
753 2395 798 2430 et
827 2396 981 2430 tamen
1014 2386 1223 2430 dicuntur
1255 2387 1429 2430 moveri
1462 2401 1542 2446 per
1579 2387 1791 2431 accidens
1826 2401 1921 2431 non
1953 2386 2129 2430 ratione

170 2451 463 2511 suiipsorum,
503 2453 583 2498 sed
616 2453 791 2498 ratione
822 2467 1011 2498 suorum
1047 2453 1305 2508 mobilium,
1343 2468 1458 2513 quae
1492 2464 1740 2514 sequuntur
1776 2464 1956 2498 motum
1997 2467 2130 2512 supe-

170 2517 304 2563 rioris
330 2519 467 2566 orbiS.

261 2585 352 2630 Sed
385 2587 491 2645 quia
515 2586 643 2632 Deus
673 2601 768 2631 non
795 2597 863 2632 est
888 2601 991 2646 pars
1019 2587 1211 2647 alicujus
1245 2588 1473 2633 moventis
1500 2588 1716 2647 seipsum,
1744 2587 1931 2632 ulterius
1958 2587 2131 2632 Aristo-

169 2651 284 2698 teles
313 2652 557 2713 investigat
586 2654 864 2714 (Metaphys.
892 2655 993 2699 XII.
1019 2665 1050 2699 t.
1079 2670 1117 2698 c.
1149 2653 1254 2713 36),
1283 2669 1336 2699 ex
1361 2655 1452 2698 hoc
1486 2665 1667 2699 motore
1700 2655 1776 2714 qui
1803 2665 1870 2699 est
1895 2669 1997 2712 pars
2030 2668 2130 2698 mo-

172 2719 317 2764 ventis
358 2720 574 2778 seipsum,
601 2721 741 2765 alium
778 2731 1010 2766 motorem
1047 2731 1307 2780 separatum
1346 2722 1552 2775 omnino,
1591 2722 1669 2780 qui
1701 2732 1768 2766 est
1801 2722 1941 2766 Deus.
1971 2722 2130 2774 Quum

173 2786 296 2830 enim
318 2800 457 2831 omne
483 2801 676 2832 movens
703 2789 905 2847 seipsum
933 2799 1173 2832 moveatur
1198 2803 1276 2846 per
1304 2791 1567 2848 appetitum,
1601 2798 1782 2847 oportet
1814 2788 1935 2847 quod
1963 2798 2131 2842 motor,

172 2853 250 2911 qui
275 2862 343 2897 est
367 2868 470 2912 pars
488 2854 713 2899 moventis
732 2855 945 2914 seipsum,
964 2865 1150 2900 moveat
1166 2864 1352 2914 propter
1368 2856 1618 2914 appetitum
1642 2855 1774 2914 alicuj
1782 2870 1833 2899 us
1857 2854 2128 2914 appetibilis,

172 2919 295 2978 quod
320 2931 387 2965 est
414 2934 470 2965 eo
498 2921 703 2980 superius
728 2922 775 2965 in
802 2922 1060 2976 movendo3
1086 2937 1194 2966 nam
1222 2933 1439 2981 appetens
1468 2933 1535 2967 est
1561 2922 1908 2982 quodammodo
1936 2936 2128 2966 movens

173 2995 374 3044 motum;
401 2987 642 3046 appetibile
669 2998 823 3033 autem
857 2998 925 3032 est
961 3003 1153 3033 movens
1191 2989 1381 3033 omnino
1409 3004 1502 3033 non
1536 3000 1729 3034 motum.
1766 2990 1964 3048 Oportet
1994 2989 2131 3047 igitur

174 3065 274 3097 esse
299 3053 499 3112 primum
526 3065 755 3099 motorem
782 3067 1056 3114 separatum,
1084 3057 1274 3100 omnino
1301 3055 1603 3110 immobilem,
1631 3057 1707 3115 qui
1733 3057 1859 3099 Deus
1886 3066 1967 3100 est.

261 3118 526 3165 Praedictos
554 3131 707 3166 autem
732 3135 972 3180 processus
1000 3123 1089 3166 duo
1116 3122 1325 3167 videntur
1350 3123 1604 3167 infirmare:

265 3186 478 3240 Quorum
505 3188 704 3246 primum
732 3199 811 3243 est,
839 3190 962 3248 quod
978 3190 1230 3248 procedunt
1248 3204 1302 3233 ex
1320 3190 1635 3249 suppositione
1654 3189 1928 3233 aeternitatis
1951 3198 2130 3242 motus;

171 3252 295 3311 quod
329 3254 446 3312 apud
474 3253 744 3300 Catholicos
776 3258 1043 3315 supponitur
1076 3270 1173 3300 esse
1206 3256 1385 3301 falsum.
1419 3258 1475 3300 Et
1508 3257 1562 3301 ad
1594 3257 1684 3300 hoc
1717 3256 1976 3311 dicendum,
2008 3256 2131 3315 quod

170 3320 244 3364 via
285 3318 601 3366 efficacissima
643 3323 698 3366 ad
730 3315 1015 3381 probandum
1048 3325 1188 3367 Deum
1230 3339 1319 3377 esse,
1355 3333 1422 3367 est
1465 3338 1518 3367 ex
1562 3323 1872 3382 suppositione
1914 3322 2130 3367 novitatis

171 3386 344 3441 mundi,
370 3401 465 3431 non
493 3398 644 3433 autem
670 3389 749 3443 sic,
772 3404 826 3435 ex
843 3390 1154 3449 suppositione
1182 3390 1456 3434 aeternitatis
1476 3390 1658 3433 mundi:
1684 3404 1771 3448 qua
1793 3390 1955 3448 posita,
1978 3390 2129 3433 minus

171 3453 350 3498 videtur
376 3468 475 3499 esse
502 3453 808 3511 manifestum,
842 3458 963 3515 quod
989 3457 1116 3501 Deus
1142 3458 1211 3501 sit.
1239 3457 1360 3501 Nam
1387 3457 1424 3501 si
1451 3457 1644 3501 mundus
1672 3467 1716 3501 et
1741 3468 1894 3502 motus
1921 3458 1975 3501 de
2002 3471 2126 3501 novo

177 3519 362 3580 incepit,
387 3520 575 3580 planum
602 3532 669 3566 est
694 3523 817 3581 quod
847 3533 1027 3582 oportet
1058 3524 1167 3583 poni
1201 3523 1399 3582 aliquam
1424 3537 1627 3577 causam,
1653 3538 1768 3583 quae
1796 3524 1850 3569 de
1883 3538 2006 3568 novo
2034 3537 2132 3583 pro-

173 3586 312 3631 ducat
337 3586 560 3632 mundum
593 3598 638 3632 et
662 3599 866 3644 motum;
898 3590 1004 3649 quia
1031 3603 1183 3644 omne,
1210 3590 1333 3649 quod
1360 3589 1416 3634 de
1441 3604 1565 3635 novo
1591 3589 1653 3648 fit,
1681 3591 1735 3635 ab
1764 3590 1916 3650 aliquo
1943 3591 2130 3635 innova·

307 3687 342 3722 S.
370 3689 524 3724 ΤΕοκΑε
551 3690 683 3724 Summa
708 3697 817 3725 contra
838 3690 989 3726 Gentiles.
1981 3704 1998 3726 2
