2332 3854
296 215 317 254 1
330 216 357 270 5
363 216 399 271 4
976 213 1130 252 LIBER
1150 212 1226 252 11.
1269 213 1388 251 CAP.
1430 211 1580 251 XXXI.

289 317 597 362 necessarium
636 327 715 371 est,
743 317 780 362 si
814 317 939 362 Deus
966 316 1268 376 sempiternus
1294 317 1364 371 sit,
1391 316 1514 375 quod
1551 324 1807 360 creaturam
1845 315 1899 360 ab
1935 292 2120 359 aeterno
2145 328 2247 375 pro-

290 385 478 430 duxerit.

378 453 643 498 Praeterea.
673 462 907 496 ostensum
935 460 1003 495 est
1029 464 1163 508 supra
1185 450 1246 509 (c.
1270 462 1340 511 29.
1364 459 1409 494 et
1438 449 1528 509 30.)
1554 450 1676 509 quod
1705 449 1912 494 absoluta
1937 449 2182 495 necessitas
2198 449 2246 494 in

289 519 422 563 rebus
450 520 610 563 creatis
649 533 742 563 non
780 529 846 563 est
872 533 953 577 per
989 518 1195 562 ordinem
1223 517 1280 561 ad
1306 518 1503 576 primurn
1539 517 1813 576 principium
1838 516 1961 576 quod
1986 530 2067 576 per
2101 530 2149 561 se
2171 530 2248 561 ne-

291 600 417 630 cesse
444 596 512 630 est
538 600 650 639 esse,
677 584 852 629 scilicet
878 587 1047 637 Deum,
1074 584 1152 627 sed
1178 598 1257 643 per
1279 585 1486 628 ordinem
1505 584 1559 628 ad
1579 583 1689 628 alias
1713 597 1872 627 causas
1899 596 2014 642 quae
2033 596 2129 627 non
2144 592 2250 628 sunt

289 667 369 712 per
392 668 441 697 se
467 653 750 697 necessariae
779 667 957 696 causae.
985 651 1248 696 Necessitas
1275 661 1429 696 autem
1455 652 1625 695 ordinis
1649 651 1704 695 ad
1731 651 1777 694 id
1803 650 1927 709 quod
1951 664 2048 695 non
2073 658 2143 695 est
2165 664 2245 710 per

290 735 339 765 se
364 734 550 765 necesse
577 733 689 773 esse,
726 734 820 763 non
861 719 986 778 cogit
1019 718 1188 778 aliquid
1214 733 1396 778 semper
1419 719 1600 774 fuisset;
1626 719 1828 778 sequitur
1852 718 1991 772 enim,
2017 717 2056 762 si
2074 716 2248 777 ahquid

292 788 443 840 currit,
471 787 593 846 quod
621 797 884 841 moveatur;
911 800 1007 830 non
1032 795 1188 830 tamen
1210 800 1401 831 necesse
1436 796 1505 830 est
1531 786 1654 846 quod
1685 799 1866 844 semper
1890 795 2070 830 motum
2099 782 2247 839 fuerit,

290 855 395 913 quia
420 855 569 913 ipsum
597 868 774 899 currere
812 868 908 898 non
935 863 1002 898 est
1026 867 1106 913 per
1131 867 1180 898 se
1204 855 1527 898 necessarium.
1562 853 1690 898 Nihil
1716 866 1826 912 ergo
1857 853 1982 912 cogit
2020 862 2249 897 creaturas

290 935 469 980 semper
492 921 643 965 fuisse.

951 1172 953 1174 ,
997 1111 1251 1169 CAPUT
1294 1112 1535 1168 XXXII.

454 1256 725 1296 RATIONES
768 1255 1015 1296 PROBARE
1053 1256 1383 1295 VOLENTIUM
1423 1254 1853 1295 AETERNITATEM
1892 1254 2092 1305 MUNDI,

884 1331 956 1368 EX
995 1331 1171 1370 PARTE
1211 1331 1306 1369 DEI
1346 1330 1653 1370 ACCEPTAE.

379 1457 469 1501 Sed
499 1458 603 1515 quia
629 1455 879 1501 multorum
906 1457 1073 1515 positio
1100 1456 1183 1501 fuit
1224 1457 1346 1516 quod
1373 1456 1569 1501 mundus
1603 1469 1786 1515 semper
1826 1465 1871 1500 et
1894 1468 1951 1500 ex
1980 1453 2251 1500 necessitate

289 1524 436 1578 fuerit,
454 1533 499 1568 et
514 1524 605 1567 hoc
632 1524 946 1568 demonstrare
965 1525 1119 1568 conati
1136 1534 1254 1578 sunt,
1272 1533 1410 1568 restat
1426 1524 1627 1568 rationes
1649 1536 1810 1567 eorum
1825 1535 2013 1582 ponere,
2035 1530 2086 1566 ut
2100 1531 2251 1567 osten-

290 1591 421 1635 datur
446 1591 569 1649 quod
594 1604 689 1634 non
716 1591 772 1635 de
797 1593 1067 1635 necessitate
1094 1591 1375 1635 concludunt
1396 1591 1557 1637 mundi
1577 1590 1998 1649 sempiternitatem.

375 1658 535 1702 ‘Primo
563 1667 717 1702 autem
742 1668 969 1717 ponentur
993 1659 1193 1703 rationes
1220 1673 1336 1717 quae
1357 1668 1597 1703 sumuntur
1624 1667 1677 1702 ex
1703 1667 1830 1716 parte
1854 1658 1965 1712 Dei;

381 1725 610 1779 Secundo,
633 1739 749 1784 quae
775 1735 1015 1769 sumuntur
1037 1740 1091 1770 ex
1116 1735 1242 1785 parte
1269 1735 1503 1770 creaturae
1525 1727 1585 1784 (c.
1618 1724 1731 1784 33.);

385 1792 560 1846 Tertio,
588 1807 704 1851 quae
730 1803 970 1837 sumuntur
996 1807 1019 1836 a
1053 1793 1195 1837 modo
1221 1792 1433 1837 factionis
1457 1807 1624 1846 rerum,
1642 1791 1893 1836 secundum
1921 1804 2058 1851 quem
2080 1802 2253 1850 ponun-

290 1869 362 1904 tur
388 1860 443 1903 de
469 1874 592 1904 novo
619 1860 820 1919 incipere
847 1874 946 1904 esse
973 1861 1034 1919 (c.
1065 1861 1168 1919 34).
2329 1901 2332 1912 ἶ

379 1928 445 1971 Ex
486 1937 611 1987 parte
661 1938 813 1972 autern
850 1928 952 1982 Dei,
987 1928 1043 1971 ad
1081 1927 1396 1972 aeternitatem
1438 1928 1595 1971 mundi
1631 1926 1976 1980 ostendendam,
2012 1933 2252 1971 sumuntur
2327 1930 2332 1947 ³

290 1995 490 2039 rationes
515 1995 794 2053 hujusmodi.
2327 2040 2332 2062 s

383 2062 538 2107 Omne
559 2076 697 2121 agens
724 2062 846 2121 quod
873 2076 967 2106 non
994 2076 1174 2121 semper
1198 2062 1293 2121 agit
1318 2071 1529 2106 movetur
1545 2075 1625 2121 per
1650 2075 1698 2105 se
1719 2059 1794 2104 vel
1810 2073 1891 2120 per
1915 2058 2151 2104 accidens:
2172 2071 2252 2118 per

291 2143 340 2173 se
372 2129 573 2188 quidem,
600 2129 717 2173 sicut
741 2130 875 2188 ignis,
901 2130 979 2188 qui
1004 2143 1098 2174 non
1125 2143 1306 2188 semper
1333 2129 1643 2184 comburebat,
1675 2128 1834 2186 incipit
1864 2127 2159 2184 comburere,-
2177 2125 2254 2171 vel
2316 2124 2332 2225 ἐ

291 2197 397 2256 quia
425 2197 479 2240 de
517 2210 642 2241 novo
681 2197 957 2251 accenditur,
990 2196 1065 2241 vel
1102 2197 1207 2255 quia
1233 2197 1289 2240 de
1325 2210 1449 2240 novo
1485 2195 1751 2240 transfertur
1777 2204 1827 2239 ut
1859 2195 1917 2239 sit
1947 2192 2255 2254 propinquum
2316 2185 2325 2235 s

293 2263 623 2319 combustibili3
649 2277 729 2323 per
756 2263 967 2308 accidens
991 2274 1158 2318 autem,
1186 2264 1303 2308 sicut
1324 2273 1479 2308 motor
1505 2262 1716 2307 animalis
1740 2262 1900 2321 incipit
1924 2262 1979 2307 de
2003 2272 2130 2321 novo
2150 2274 2253 2306 mo·
2307 2232 2332 2370 4

290 2345 396 2375 vere
423 2331 607 2384 animal,
636 2330 788 2390 aliquo
806 2345 930 2375 novo
948 2341 1076 2375 motu
1093 2331 1216 2375 facto
1240 2331 1360 2374 circa
1377 2331 1541 2389 ipsum,
1563 2330 1637 2374 vel
1659 2344 1712 2374 ex
1733 2329 1953 2383 interiori,
1979 2328 2253 2388 sicutzquum

293 2398 463 2442 animal
488 2398 826 2457 expergiscitur,
853 2398 1106 2456 digestione
1134 2397 1378 2456 completa,
1405 2407 1449 2442 et
1470 2397 1628 2456 incipit
1645 2396 1836 2450 moveri,
1857 2395 1933 2440 vel
1954 2396 2009 2440 ab
2025 2395 2252 2450 exteriori,
2315 2384 2332 2506 ἒ

293 2467 410 2510 sicut
427 2481 568 2524 quum
588 2466 643 2509 de
660 2479 783 2510 novo
805 2466 993 2509 veniunt
1011 2466 1213 2509 actiones
1236 2465 1500 2509 inducentes
1521 2465 1576 2508 ad
1594 2464 1794 2523 aliquam
1813 2463 2043 2508 actionem
2059 2463 2115 2508 de
2130 2474 2254 2508 novo
2329 2505 2332 2508 .

292 2533 616 2577 inchoandam.
643 2534 770 2577 Deus
793 2543 948 2577 autem
972 2547 1067 2576 non
1089 2542 1301 2576 movetur
1325 2545 1474 2590 neque
1499 2545 1578 2590 per
1601 2546 1648 2576 se
1674 2545 1823 2590 neque
1849 2545 1929 2589 per
1951 2529 2178 2585 accidens,
2201 2540 2251 2575 ut
2318 2522 2332 2582 ξ

293 2601 339 2645 in
365 2602 513 2660 primo
531 2602 591 2659 (e.
625 2599 713 2659 13.)
732 2601 974 2660 probatum
996 2609 1075 2644 est.
1100 2600 1229 2643 Deus
1247 2599 1384 2657 igitur
1401 2612 1581 2658 semper
1597 2598 1762 2642 eodem
1788 2598 1932 2642 modo
1954 2597 2061 2656 agit.
2081 2596 2150 2642 Ex
2170 2610 2253 2642 sua
2322 2588 2332 2655 ξ

295 2679 447 2713 autem
476 2668 656 2712 actione
670 2682 741 2712 res
759 2678 938 2712 creatae
954 2667 1001 2710 in
1019 2681 1118 2711 esse
1137 2666 1403 2710 consistunt.
1429 2666 1622 2725 Semper
1637 2666 1774 2724 igitur
1802 2666 2035 2709 creaturae
2051 2663 2251 2708 fuerunt.
2314 2660 2326 2726 Γ,

383 2735 570 2780 Adhuc:
599 2734 788 2779 effectus
814 2735 1021 2794 procedit
1038 2749 1063 2778 a
1083 2747 1218 2778 causa
1246 2744 1408 2792 agente
1425 2747 1505 2792 per
1527 2733 1756 2777 actionem
1774 2733 1883 2791 ejus.
1913 2731 2003 2776 Sed
2025 2733 2145 2776 actio
2162 2730 2253 2775 Dei

295 2813 362 2848 est
388 2813 593 2857 aeterna3
621 2802 732 2847 alias
757 2803 899 2856 fieret,
933 2802 988 2845 de
1020 2801 1224 2861 potentia
1260 2811 1438 2858 agente,
1476 2810 1579 2844 actu
1611 2814 1766 2859 agens,
1793 2810 1836 2844 et
1865 2807 2096 2858 oporteret
2130 2797 2253 2858 quod

295 2870 615 2915 reduceretur'
605 2885 652 2913 1n
680 2880 832 2914 actum
852 2870 904 2913 ab
930 2869 1083 2928 aliquo
1097 2868 1237 2928 priori
1255 2878 1418 2927 agente
1446 2878 1564 2922 actu,
1582 2867 1704 2927 quod
1723 2876 1792 2912 est
1816 2865 2111 2926 impossibile.
2128 2865 2252 2925 Ergo
2318 2874 2319 2877 ’

294 2951 365 2982 res
392 2952 416 2982 a
449 2938 552 2982 Deo
580 2947 759 2981 creatae
783 2938 836 2980 ab
866 2935 1050 2981 aeterno
1077 2936 1270 2980 fuerunt.

383 3004 614 3064 Amplius:
634 3004 782 3063 posita
800 3018 935 3047 causa
953 3003 1207 3058 sufficienti,
1225 3017 1411 3048 necesse
1429 3012 1495 3047 est
1512 3001 1725 3047 effectum
1742 3003 1865 3062 poni.
1883 3001 1934 3046 Si
1949 3001 2072 3046 enim
2088 3000 2261 3055 adhuc,
2308 3013 2318 3043 ἰ

293 3075 439 3132 posita
467 3086 619 3126 causa,
637 3086 730 3116 non
747 3085 935 3116 necesse
959 3081 1027 3115 est
1050 3071 1265 3115 effectum
1283 3071 1406 3130 poni,
1424 3069 1639 3129 possibile
1662 3070 1798 3128 igitur
1814 3069 1912 3124 erit,
1938 3081 2075 3114 causa
2090 3068 2253 3128 posita,
2299 3062 2319 3120 ζ]

295 3139 507 3184 effectum
537 3154 636 3185 esse
663 3149 708 3183 et
732 3153 826 3183 non
859 3153 977 3193 esse3
1006 3139 1271 3183 consecutio
1312 3139 1450 3196 igitur
1485 3137 1671 3182 effectus
1698 3137 1755 3181 ad
1787 3148 1973 3190 causam
2008 3136 2092 3181 erit
2114 3134 2256 3195 possi-
2307 3134 2332 3199 ζ,

294 3207 396 3252 bilis
432 3218 635 3262 tantum;
673 3206 795 3266 quod
835 3216 988 3250 autem
1026 3215 1092 3250 est
1123 3205 1354 3265 possibile,
1395 3205 1568 3264 indiget
1609 3204 1762 3263 aliquo
1801 3217 1894 3263 quo
1931 3203 2173 3249 reducatur
2205 3201 2254 3247 in

295 3284 470 3329 actum;
500 3274 727 3351 oportebit
751 3274 889 3333 igitur
914 3287 1083 3333 ponere
1112 3273 1312 3331 aliquam
1340 3286 1438 3316 esse
1473 3286 1660 3316 causam
1687 3284 1775 3331 qua
1801 3271 1880 3316 fiat
1904 3278 1954 3315 ut
1978 3269 2166 3315 effectoe
2186 3281 2255 3313 re·

296 3342 520 3386 ducatur
510 3357 555 3385 1n
585 3353 752 3395 actum,
780 3351 824 3386 et
846 3341 909 3385 sic
938 3341 1084 3400 prima
1104 3354 1240 3384 causa
1267 3353 1361 3383 non
1385 3350 1480 3383 erat
1506 3338 1748 3383 sufficiens.
1768 3338 1859 3384 Sed
1879 3338 2006 3383 Deus
2028 3347 2097 3382 est
2116 3347 2254 3383 cuma

297 3408 524 3453 sufficiens
550 3409 863 3468 productionis
890 3418 1228 3462 creaturarum;
1255 3406 1365 3451 alias
1391 3420 1485 3451 non
1512 3416 1631 3451 esset
1656 3418 1808 3461 causa,
1833 3405 1913 3452 sed
1938 3406 2085 3464 magis
2109 3404 2157 3449 in
2176 3417 2254 3464 po·

297 3477 437 3520 tentia
464 3490 511 3520 se
549 3477 604 3520 ad
632 3490 819 3521 causam
849 3476 1057 3530 haberet3
1084 3474 1236 3534 aliquo
1264 3475 1386 3519 enim
1425 3473 1594 3529 addito,
1620 3474 1748 3519 fieret
1781 3484 1943 3528 causag
1962 3471 2092 3533 quod
2130 3479 2314 3531 petet

255 3548 258 3584 ὲ
299 3557 397 3588 esse
423 3543 718 3602 impossibile.
745 3543 936 3588 Videtur
974 3542 1112 3602 igitur
1143 3542 1452 3587 necessarium
1483 3541 1621 3601 quod,
1653 3553 1796 3601 quum
1820 3539 1948 3586 Deus
1984 3539 2056 3584 ab
2066 3537 2252 3584 aetemo
2302 3527 2323 3595 ὲῑ

255 3607 444 3684 vixerit,
472 3620 677 3655 creatura
704 3610 843 3655 etiam
874 3609 1008 3655 fuerit
1035 3609 1088 3654 ab
1117 3617 1317 3654 aeterno.
2312 3606 2319 3613 ⁶
