2332 3854
304 206 414 259 254
944 204 1099 242 LIBER
1138 204 1194 241 ΙΙ.
1237 203 1358 241 CAP.
1400 203 1624 241 LXXXIII.

302 306 366 351 sic
390 306 514 350 enim
541 316 609 352 est
636 306 944 365 unusquisque
970 305 1233 349 naturaliter
1258 304 1503 359 institutus,
1524 305 1612 349 nisi
1636 319 1715 364 per
1741 305 1952 349 accidens
1973 305 2261 366 impediatur,

302 383 366 427 ut,
403 373 521 417 sicut
554 383 622 417 est
656 373 709 416 ab
745 372 836 416 alio
872 381 1127 430 generatus,
1159 371 1223 415 ita
1255 371 1399 429 possit
1435 371 1575 416 alium
1607 385 1836 431 generare.
1871 372 1974 415 Hoc
2010 382 2164 419 autem
2196 383 2264 419 est

303 440 439 484 etiam
467 439 764 499 impossibile,
791 439 843 492 si,
871 437 1109 482 animabus
1136 435 1453 482 exsistentibus
1475 437 1626 492 finitis,
1652 452 1742 481 una
1767 438 1968 497 pluribus
1996 435 2263 498 corperibus

302 503 419 550 uniri
436 521 529 550 non
552 506 719 565 possit3
746 505 865 548 unde
889 514 932 548 et
957 503 1108 563 plures
1131 505 1400 563 ponentium
1420 505 1596 549 animas
1613 515 1716 549 ante
1735 518 1930 564 corpora
1950 515 2128 564 ponunt
2147 515 2263 551 tran·

301 574 439 618 situm
465 575 644 616 animae
671 572 726 615 de
755 585 947 630 corpore
973 573 1019 615 in
1046 585 1225 630 corpus.
1254 571 1357 615 Hoc
1385 581 1537 616 autem
1570 581 1638 616 est
1661 570 1958 630 impossibile.
1991 571 2099 616 Non
2124 571 2261 632 igitur

304 641 484 684 animae
511 649 614 683 ante
641 652 834 696 corpora
859 638 1247 696 praeexstiterunt.
1872 668 1874 670 v
2126 677 2141 686 ,,

398 707 538 758 Quod
566 715 717 749 autem
745 706 801 749 sit
831 704 1113 764 impossibile
1145 718 1285 749 unam
1318 704 1520 749 animam
1546 704 1733 750 diversis
1765 703 2030 763 corporibus
2046 702 2178 760 uniri,
2195 706 2259 753 sic

302 783 436 832 patet.
996 785 1005 789 ‘

389 840 586 884 Animae
623 839 746 883 enim
779 839 1010 882 humanae
1043 852 1138 882 non
1181 838 1393 883 differunt
1432 840 1584 898 specie
1617 838 1670 883 ab
1703 837 1918 892 invicem,
1950 837 2030 883 sed
2065 852 2258 883 numero

301 907 401 952 solo
416 923 427 961 3
455 907 656 965 alioquin
683 916 727 950 et
751 906 964 950 homines
991 906 1141 964 specie
1168 905 1415 951 differrent.
1442 904 1710 950 Differentia
1733 914 1885 949 autem
1908 905 2159 950 secundum
2184 920 2263 950 nu-

300 989 478 1018 merum
505 974 622 1017 inest
643 973 894 1017 secundum
921 972 1142 1031 principia
1168 972 1435 1016 materialia.
1465 973 1663 1032 Oportet
1684 972 1821 1031 igitur
1842 971 2148 1017 diversitatem
2173 973 2262 1016 ani-

300 1055 480 1084 marum
507 1041 812 1084 humanarum
839 1039 1091 1083 secundum
1119 1038 1287 1098 aliquid
1314 1039 1547 1084 materiale
1574 1039 1716 1093 sumi3
1749 1053 1843 1082 non
1871 1048 2023 1083 autem
2048 1038 2112 1083 ita
2138 1040 2259 1098 quod

300 1108 438 1167 ipsius
466 1107 646 1151 animae
673 1107 729 1151 sit
760 1106 950 1150 materia
976 1120 1100 1165 pars;
1133 1115 1368 1150 ostensum
1403 1115 1469 1149 est
1501 1106 1624 1150 enim
1650 1119 1785 1164 supra
1818 1106 1879 1162 (c.
1917 1106 2004 1162 50.)
2038 1106 2160 1164 quod
2195 1115 2262 1150 est

300 1174 547 1218 substantia
568 1173 902 1227 intellectualis,
929 1183 973 1217 et
999 1173 1121 1232 quod
1143 1172 1269 1216 nulla
1285 1173 1387 1217 talis
1413 1172 1661 1217 substantia
1682 1172 1923 1215 materiam
1940 1171 2090 1216 habet.
2112 1170 2263 1216 Relin-

300 1242 449 1300 quitur
482 1255 591 1299 ergo
626 1240 762 1299 quod,
795 1239 1048 1285 secundum
1081 1239 1289 1284 ordinem
1322 1240 1377 1283 ad
1410 1239 1609 1283 diversas
1642 1238 1854 1282 materias
1887 1238 2048 1297 quibus
2081 1237 2262 1283 animae

299 1308 527 1361 uniuntur,
559 1307 794 1351 diversitas
821 1317 866 1351 et
890 1306 1121 1366 pluralitas
1149 1307 1405 1350 animarum
1432 1315 1637 1350 sumatur
1656 1319 1719 1350 eo
1753 1303 1895 1349 modo
1921 1318 2012 1364 quo
2035 1318 2168 1364 supra
2202 1304 2263 1348 di-

300 1386 423 1420 ctum
452 1385 530 1420 est.
559 1375 609 1419 Si
634 1375 770 1433 igitur
802 1384 905 1418 sunt
936 1373 1113 1418 diversa
1140 1388 1348 1433 corpora,
1374 1387 1562 1417 necesse
1590 1382 1656 1417 est
1688 1371 1810 1431 quod
1840 1370 2041 1416 habeant
2063 1371 2262 1416 diversas

301 1443 475 1487 animas
501 1443 587 1487 sibi
613 1442 785 1496 unitas;
812 1456 906 1486 non
937 1441 1074 1499 igitur
1099 1455 1189 1485 una
1215 1441 1415 1500 pluribus
1442 1441 1605 1485 unitur.

358 1510 544 1554 Adhuc:
573 1519 807 1554 ostensum
830 1518 897 1553 est
920 1523 1053 1566 supra
1080 1509 1141 1566 (c.
1173 1509 1261 1566 57.)
1289 1508 1491 1552 animam
1518 1507 1636 1551 uniri
1655 1506 1836 1565 corpori
1856 1515 1906 1550 ut
1922 1504 2134 1552 formam.
2159 1504 2264 1551 For·

300 1592 399 1621 mas
433 1587 585 1622 autem
618 1587 797 1635 oportet
829 1590 926 1620 esse
952 1576 1144 1635 propriis
1178 1576 1379 1619 materiis
1411 1574 1792 1634 proportionatas,
1824 1586 1966 1633 quum
1991 1586 2040 1617 se
2064 1571 2263 1616 habeant

301 1645 357 1689 ad
382 1644 583 1689 invicem
614 1644 730 1688 sicut
755 1643 959 1703 potentia
986 1653 1029 1687 et
1052 1653 1203 1697 actus;
1227 1644 1435 1702 proprius
1460 1651 1612 1685 autem
1629 1640 1765 1685 'actus
1788 1640 1998 1700 propriae
2030 1638 2260 1699 potentiae

299 1712 555 1771 respondet.
582 1712 690 1755 Non
718 1725 827 1769 ergo
855 1724 944 1754 una
971 1706 1124 1753 aniina
1149 1709 1350 1768 pluribus
1380 1708 1642 1768 corporibus
1675 1707 1840 1751 unitur.

389 1779 621 1838 Amplius:
649 1779 863 1822 virtutem
890 1777 1081 1820 motoris
1104 1786 1285 1835 oportet
1311 1790 1408 1820 esse
1435 1789 1518 1819 suo
1541 1773 1701 1818 mobili
1727 1772 2144 1834 proportionatam;
2168 1786 2264 1816 non

301 1846 424 1890 enim
442 1859 756 1904 quaecumque
782 1844 920 1887 virtus
947 1853 1103 1887 movet
1130 1843 1451 1902 quodcumque
1478 1840 1662 1885 mobile.
1687 1840 1856 1884 Anima
1875 1849 2043 1893 autem,
2065 1838 2151 1883 etsi
2165 1849 2260 1883 non

300 1914 358 1957 sit
378 1913 528 1957 forma
561 1912 778 1971 corporis,
810 1925 903 1954 non
935 1919 1090 1953 tamen
1123 1919 1271 1967 potest
1297 1909 1383 1952 dici
1410 1908 1532 1967 quod
1568 1922 1662 1951 non
1695 1908 1751 1951 sit
1786 1916 1940 1951 motor
1969 1906 2135 1965 ipsius3
2176 1907 2266 1949 ani-

301 1990 475 2023 matum
504 1989 656 2023 autem
679 1978 732 2022 ab
760 1978 1011 2022 inanimato
1029 1976 1347 2035 distinguimus
1365 1989 1500 2019 sensu
1518 1985 1563 2018 et
1580 1983 1722 2018 motu.
1739 1974 1936 2033 Oportet
1955 1972 2092 2031 igitur
2110 1986 2266 2017 secun-

301 2047 411 2091 dum
438 2047 745 2090 diversitatem
773 2059 1020 2103 corporum
1047 2058 1145 2087 esse
1173 2043 1481 2086 diversitatem
1509 2042 1779 2085 animarum.

389 2114 529 2157 Item:
556 2113 603 2156 in
628 2113 699 2156 his
723 2125 837 2171 quae
865 2124 1138 2169 generantur
1164 2120 1208 2154 et
1235 2119 1600 2168 corrumpuntur,
1626 2106 1907 2167 impossibile
1934 2116 2000 2151 est
2026 2121 2106 2166 per
2132 2119 2267 2165 gene-

300 2181 526 2224 rationem
547 2180 749 2223 reiterari
767 2179 889 2222 idem
905 2191 1125 2232 numero3
1153 2191 1292 2235 quum
1321 2177 1444 2220 enim
1461 2175 1696 2234 generatio
1715 2184 1761 2218 et
1778 2174 2008 2234 corruptio
2031 2174 2086 2218 sit
2113 2182 2264 2218 motus

299 2248 346 2291 in
373 2247 671 2292 substantiam
687 2246 733 2289 in
750 2246 821 2289 his
839 2259 955 2304 quae
982 2253 1255 2303 generantur
1273 2253 1316 2287 et
1338 2252 1704 2301 corrumpuntur,
1726 2255 1821 2284 non
1839 2250 1995 2285 manet
2014 2240 2265 2285 substantia

301 2315 477 2368 eadem,
503 2314 619 2358 sicut
645 2323 800 2357 manet
815 2313 862 2356 in
879 2312 949 2355 his
973 2325 1088 2370 quae
1115 2310 1367 2355 secundum
1383 2310 1540 2353 locum
1562 2317 1816 2352 moventur.
1836 2307 1926 2351 Sed
1945 2307 1983 2352 si
2003 2320 2093 2351 una
2111 2308 2264 2351 anima

301 2381 488 2425 diversis
516 2380 782 2439 corporibus
809 2379 1036 2438 generatis
1070 2379 1220 2421 unitur
1245 2377 1518 2429 successive,
1551 2375 1712 2419 redibit
1742 2373 1866 2418 idem
1898 2373 2091 2418 numero
2116 2373 2263 2418 homo

299 2463 378 2508 per
388 2448 766 2507 ‚generationem3
784 2445 905 2504 quod
928 2444 1180 2489 secundum
1198 2443 1439 2488 Platonem
1457 2442 1511 2485 de
1534 2442 1802 2485 necessitate
1819 2440 2034 2499 sequitur,
2051 2439 2130 2499 qui
2154 2439 2265 2484 dixit

299 2516 540 2560 hominem
567 2528 665 2558 esse
693 2514 894 2557 animam
928 2525 1119 2570 corpore
1151 2511 1371 2554 indutam.
1407 2509 1618 2568 Sequitur
1651 2508 1789 2552 etiam
1816 2517 1860 2551 et
1884 2507 1931 2550 in
1957 2505 2055 2551 aliis
2087 2506 2265 2566 quibus-

302 2596 521 2641 cumque;
545 2581 664 2640 quia,
691 2595 831 2639 quum
858 2580 1005 2623 unitas
1028 2578 1093 2622 rei
1119 2588 1332 2637 sequatur
1353 2576 1552 2621 formam
1578 2576 1694 2619 sicut
1720 2584 1764 2618 et
1790 2588 1904 2628 esse,
1937 2583 2119 2633 oportet
2139 2573 2262 2632 quod

300 2650 378 2694 illa
404 2650 492 2694 sint
516 2649 639 2692 idem
665 2662 858 2691 numero
882 2661 1077 2706 quorum
1104 2655 1172 2689 est
1196 2644 1345 2688 forma
1377 2657 1570 2687 numero
1597 2656 1701 2685 una.
1726 2641 1835 2685 Non
1859 2638 1997 2699 igitur
2029 2649 2098 2687 est
2121 2639 2264 2699 possi-

300 2716 390 2761 bile
417 2730 557 2759 unam
576 2716 777 2759 animam
794 2714 980 2758 diversis
1008 2713 1274 2771 corporibus
1301 2711 1439 2765 uniri3
1458 2725 1511 2755 ex
1529 2723 1619 2768 quo
1640 2708 1778 2752 etiam
1800 2707 2014 2767 sequitur,
2033 2706 2156 2767 quod
2177 2721 2263 2752 nec

302 2784 482 2828 animae
507 2782 688 2826 fuerunt
715 2791 818 2825 ante
846 2795 1053 2839 corpora.

391 2851 507 2893 Huic
543 2859 696 2893 autem
731 2848 909 2892 veritati
946 2846 1201 2891 catholicae
1234 2844 1339 2888 fidei
1371 2843 1594 2888 sententia
1631 2840 1905 2895 concordat;
1937 2839 2100 2885 dicitur
2139 2840 2263 2885 enim

302 2919 441 2976 (Psal.
469 2917 658 2961 XXXII.
689 2917 798 2973 15.):
830 2909 919 2972 Qui
933 2916 1063 2973 finxit
1081 2914 1326 2968 singillatim
1348 2911 1476 2953 corda
1494 2923 1654 2962 eorum,
1686 2907 1791 2966 quia
1817 2906 1991 2951 scilicet
2010 2906 2259 2966 unicuique

301 2999 507 3030 seorsum
536 2983 715 3041 proprie
744 2983 868 3021 Deus
896 2982 1098 3020 animam
1130 2977 1259 3030 fecit3
1286 2989 1380 3019 non
1415 2984 1567 3019 autem
1599 2973 1737 3018 simul
1767 2983 1929 3018 omnes
1962 2973 2145 3029 creavit,
2175 2987 2260 3019 nec

303 3061 439 3090 unam
467 3046 654 3089 diversis
689 3045 952 3103 corporibus
981 3044 1194 3102 adjunxit.

390 3113 508 3156 Hinc
536 3112 675 3162 etiam
703 3112 748 3155 in
774 3111 889 3154 libro
916 3111 987 3154 De
1014 3110 1260 3155 ecclesiast.
1289 3110 1491 3168 dogmat.
1521 3109 1581 3166 (c.
1604 3109 1692 3167 14.)
1712 3107 1894 3152 dicitur:
1925 3124 1949 3150 «
1967 3106 2160 3153 Animas
2183 3107 2264 3152 ho-

299 3179 476 3223 minum
505 3179 740 3236 (dicimus)
773 3193 867 3222 non
894 3192 992 3222 esse
1021 3178 1073 3221 ab
1101 3177 1230 3221 initio
1257 3177 1372 3221 inter
1400 3186 1572 3221 ceteras
1599 3174 1931 3220 intellectuales
1956 3184 2155 3230 naturas,
2172 3188 2280 3223 nec(

300 3247 435 3292 simul
464 3256 652 3301 creatas,
674 3246 790 3290 sicut
823 3245 1051 3303 Origenes
1078 3246 1201 3303 (Περί
1229 3244 1366 3303 Ἀρχ.)
1394 3243 1523 3302 fingit
1547 3260 1588 3286 ».
