2332 3854
793 185 949 227 11111311
986 185 1044 227 11.
1085 184 1206 228 0111».
1245 183 1433 227 11111111.
1983 170 2081 227 181

95 286 104 320 5²
137 285 279 335 libere
292 286 507 346 judicant,
518 300 834 348 quaecumque
854 289 901 334 in
918 289 1162 347 judicando
1178 289 1326 349 seipsa
1343 297 1546 333 movent.
1563 286 1702 332 Nulla
1725 297 1875 333 autem
1893 290 2096 348 potentia

84 350 356 415 sindicus,
380 354 578 414 seipsam
599 355 656 399 ad
680 355 975 412 judicandum
1001 365 1172 411 movet,
1197 355 1283 401 nisi
1310 369 1446 415 supra
1471 364 1625 399 actum
1658 368 1791 398 suum
1822 354 2094 400 reflectatur.

95 417 334 480 *Oportet
359 420 496 476 enim,
533 422 570 465 si
602 435 650 465 se
683 421 737 465 ad
770 421 1063 478 judicandum
1093 421 1200 481 agit,
1238 422 1360 482 quod
1397 435 1532 467 suum
1567 421 1787 480 judicium
1819 432 2093 479 cognoscat3

93 486 256 545 {quod
278 486 461 545 quidem
486 486 628 532 solius
653 486 909 533 intellectus
937 499 1021 533 est.
1046 489 1161 533 Sunt
1181 489 1319 549 igitur
1346 487 1560 532 animalia
1582 486 1860 532 irrationalia
1876 488 2094 564 quodam-

91 570 102 592 ;
127 551 279 598 modo
302 552 431 598 liberi
457 554 641 613 quidem
667 564 835 608 motus,
862 555 957 600 sive
981 554 1189 610 actionis,
1210 570 1306 600 non
1323 566 1476 601 autem
1493 553 1623 600 liberi
1638 554 1818 613 judicii:
1841 554 2092 600 inanimata

86 627 121 681 ζῇ
123 627 301 674 mem,
327 634 443 679 quae
468 621 622 666 solum
647 622 703 665 ab
731 621 830 666 aliis
858 633 1114 678 moventur,
1132 637 1280 682 neque
1302 622 1471 668 liberae
1494 623 1686 667 actionis
1703 631 1807 667 sunt
1824 632 1901 666 aut
1916 632 2091 676 motus;

86 688 110 722 3*
111 684 456 733 intellectualia
483 702 593 733 vero
624 702 719 733 non
745 687 896 734 solum
922 689 1129 744 actionis,
1156 690 1235 734 sed
1262 690 1398 735 etiam
1427 690 1556 735 liberi
1580 689 1763 749 judicii;
1789 689 1913 749 quod
1946 699 2013 734 est
2043 690 2091 734 li-

85 749 294 816 ’ῗῶιωω
316 754 551 799 arbitrium
573 750 754 800 habere.

85 831 98 851 ,’
220 820 409 865 Adhuc.
445 820 594 866 forma
632 823 912 882 apprehensa
939 833 1006 867 est
1032 823 1304 882 principium
1342 838 1533 869 movens
1573 823 1822 869 secundum
1856 823 1979 884 quod
2012 838 2090 884 ap-

116 886 427 949 ·prehenditur
455 889 536 933 sub
562 889 737 934 ratione
762 890 887 944 boni,
912 889 986 934 vel
1013 891 1337 935 convenientis.
1378 891 1516 936 Actio
1543 893 1664 935 enim
1691 891 1886 936 exterior
1915 891 1962 935 in
1994 905 2091 936 mo-

84 954 338 1019 mutibus
365 955 516 1015 seipsa
551 957 757 1015 procedit
782 971 835 1001 ex
867 957 1036 1014 judicio
1070 972 1161 1016 quo
1194 958 1418 1016 judicatur
1449 958 1618 1018 aliquid
1656 972 1754 1003 esse
1786 958 1976 1012 bonurn,
2010 958 2086 1003 vel

72 1022 411 1074 manmena
425 1036 506 1083 per
520 1022 719 1068 formam
741 1025 1034 1083 praedictam.
1058 1024 1107 1069 Si
1128 1025 1265 1082 igitur
1281 1025 1485 1081 judicans
1503 1025 1558 1068 ad
1575 1025 1869 1083 judicandum
1887 1025 2087 1085 seipsum

78 1097 333 1148 (moveat,
358 1100 539 1150 oportet
563 1091 687 1150 quod
713 1106 793 1151 per
818 1091 1019 1151 aliquam
1046 1091 1255 1136 altiorem
1272 1090 1470 1136 formam
1489 1092 1819 1151 apprehensam
1837 1106 1885 1137 se
1902 1101 2089 1137 moveat

81 1150 197 1216 &fd
194 1156 532 1216 §adimam
562 1173 679 1217 quae
706 1158 894 1217 quidem
921 1172 1020 1203 esse
1050 1172 1145 1203 non
1172 1167 1323 1218 potest
1346 1158 1435 1202 nisi
1465 1159 1562 1217 ipsa
1587 1159 1703 1203 ratio
1729 1159 1853 1213 boni,
1879 1159 1953 1204 vel
1984 1173 2090 1205 con·

111 1222 365 1291 vementis,
385 1237 465 1283 per
481 1238 620 1283 quam
646 1225 703 1271 de
723 1224 928 1284 quolibet
948 1225 1250 1270 determinato
1272 1225 1410 1279 bono,
1433 1225 1508 1270 vel
1534 1226 1824 1270 convenienti
1848 1226 2085 1284 judica-tur.

81 1279 214 1351 ²2⁴*
234 1289 373 1350 igitur
391 1290 491 1336 sola
516 1305 565 1336 se
591 1291 648 1337 ad
671 1292 966 1350 judicandum
993 1302 1181 1337 movent
1215 1306 1331 1351 quae
1357 1306 1656 1337 communem
1682 1293 1792 1337 boni
1817 1293 1893 1337 vel
1923 1306 2087 1339 conve-

88 1352 291 1419 βοτηε
320 1358 547 1403 rationem
584 1359 955 1419 apprehendunt:
994 1359 1108 1404 haec
1145 1369 1298 1404 autem
1331 1369 1437 1404 sunt
1469 1359 1569 1404 sola
1599 1359 1940 1404 intellectualia.
1974 1360 2085 1406 Sola

293 1424 621 1471 intellectualia
657 1441 706 1471 se
739 1440 834 1471 non
867 1426 1021 1472 solum
1054 1426 1110 1470 ad
1143 1427 1387 1485 agendum,
1420 1427 1499 1471 sed
1532 1428 1670 1470 etiam
1703 1427 1759 1470 ad
1789 1427 2084 1484 judicandum

88 1489 128 1533 Ji,
157 1523 161 1530 ·
172 1512 214 1528 μ
248 1511 300 1530 α,-
354 1491 500 1538 Sola
486 1493 626 1552 igitur
650 1493 749 1553 ipsa
770 1503 876 1538 sunt
898 1493 1067 1538 libera‘
1055 1508 1102 1538 111
1118 1493 1388 1552 judicando:
1411 1493 1534 1552 quod
1552 1503 1620 1538 est
1640 1493 1832 1538 liberum
1851 1494 2085 1539 arbitrium

83 1585 86 1588 .
102 1552 307 1618 &M-

20 1623 22 1625 ’
82 1626 178 1667 '15¹
190 1626 449 1687 Amplius:
482 1641 509 1671 a
533 1629 835 1687 conceptione
862 1627 1108 1672 universali
1131 1641 1226 1672 non
1253 1627 1455 1687 sequitur
1477 1636 1629 1671 motus
1655 1637 1701 1671 et
1727 1628 1846 1672 actio
1879 1628 1966 1672 nisi
1992 1644 2083 1674 me-

105 1697 109 1701 ’
196 1703 277 1739 ue
298 1694 555 1755 particulari
584 1694 963 1755 apprehensione,
996 1709 1054 1739 eo
1080 1695 1203 1755 quod
1228 1705 1382 1739 motus
1413 1704 1459 1739 et
1490 1695 1609 1739 actio
1643 1695 1763 1739 circa
1795 1696 2083 1754 particularia

74 1757 209 1807 ἐἴη
202 1760 498 1807 Intellectus
525 1772 679 1806 autem
709 1770 778 1806 est
801 1761 1067 1807 naturaliter
1098 1762 1423 1806 universalium
1457 1762 1851 1820 apprehensivum.
1884 1762 1959 1806 Ad
1990 1763 2081 1807 hoc

18 1852 20 1856 v
84 1822 134 1857 J‘·
150 1826 260 1881 ,ι’ωτ
289 1829 411 1888 quod
444 1843 502 1874 ex
537 1829 901 1888 apprehensione
931 1829 1188 1874 intellectus
1220 1838 1433 1888 sequatur
1462 1839 1631 1883 motus,
1658 1838 1736 1873 aut
1765 1843 2082 1889 quaecumque

91 1890 94 1891 ⁷
138 1901 142 1903 ’
223 1915 259 1950 ·,
283 1905 463 1956 oportet
493 1896 618 1956 quod
648 1895 916 1940 universalis
947 1896 1207 1941 intellectus
1242 1896 1482 1956 conceptio
1515 1896 1767 1956 applicetur
1798 1896 1855 1941 ad
1886 1898 2083 1956 particu-

280 1961 374 2007 Sed
403 1962 667 2008 universale
700 1963 904 2007 continet
934 1964 981 2007 111
1013 1963 1215 2022 potentia
1249 1963 1392 2008 multa
1423 1963 1724 2029 particularia.
1757 1963 1913 2008 Potest
1943 1964 2081 2023 igitur

115 1982 365 2146 &plicatio
383 2030 701 2090 conceptionis
728 2029 1048 2075 intellectualis
1075 2030 1172 2075 fieri
1194 2031 1250 2075 ad
1273 2030 1416 2090 plura,
1436 2041 1480 2075 et
1496 2031 1686 2076 diversa.
1697 2031 1954 2089 Judicium
1942 2031 2080 2090 igitur

168 2094 377 2153 §uectus
407 2097 469 2142 de
501 2097 742 2156 agibilibus
776 2111 872 2141 non
908 2106 976 2142 est
1007 2099 1359 2143 determinatum
1397 2098 1451 2142 ad
1490 2113 1632 2143 unum
1667 2108 1858 2145 tantum.
1897 2099 2080 2144 Habent

85 2201 113 2222 ,f
118 2169 158 2214 ³,
196 2183 222 2199 μ
270 2164 439 2209 omnia
463 2163 786 2209 intellectualia
812 2164 1006 2209 liberum
1033 2165 1279 2211 arbitrium.

85 2221 134 2293 3Jj}
208 2228 473 2276 Praeterea·
503 2230 659 2290 judicii
687 2231 894 2276 libertate
931 2242 1088 2277 carent
1120 2232 1272 2292 aliqua
1301 2232 1375 2276 vel
1406 2243 1590 2292 propter
1620 2232 1712 2277 hoc
1744 2233 1867 2292 quod
1898 2233 2077 2277 nul-lum

136 2320 150 2355 Q
177 2300 235 2337 12-
254 2306 294 2353 ,t
311 2298 548 2356 judicium,
572 2299 689 2343 sicut
714 2313 830 2358 quae
858 2301 1120 2358 cognitione
1146 2310 1316 2355 carent,
1332 2310 1382 2345 ut
1404 2300 1590 2359 lapides,
1609 2310 1653 2345 et
1668 2301 1864 2360 plantae,
1881 2301 1954 2346 vel
1972 2302 2077 2360 quia

0 2369 3 2394 ³
168 2367 172 2375 ‘
302 2365 529 2425 :judicium
554 2380 583 2410 a
606 2377 766 2411 natura
788 2367 1137 2412 determinatum
1155 2367 1212 2411 ad
1234 2382 1392 2422 unum,
1414 2368 1531 2412 sicut
1547 2368 1828 2412 irrationalia
1846 2368 2075 2413 animalia.

0 2423 2 2435 ¹
100 2420 119 2435 Ψ
194 2432 342 2512 :mma
348 2434 473 2478 enim
498 2434 832 2479 existimatione
863 2435 1033 2493 iudicat
1058 2435 1157 2479 ovis
1182 2434 1343 2493 lupum
1368 2435 1454 2479 sibi
1478 2435 1712 2489 nocivum,
1740 2445 1783 2479 et
1811 2450 1865 2480 ex
1891 2435 1981 2480 hoc
2008 2436 2075 2493 ju-

0 2539 21 2560 „
67 2558 70 2562 ι
194 2499 411 2560 “wfugit
399 2515 572 2561 ipsum:
604 2502 812 2547 similiter
837 2512 991 2546 autem
1016 2502 1062 2546 in
1095 2501 1207 2546 aliis.
1236 2503 1572 2561 Quaecumque
1604 2502 1742 2561 igitur
1766 2502 1936 2547 habent
1963 2502 2077 2560 judi-

85 2559 244 2619 dnm
277 2567 332 2612 de
355 2569 542 2627 agendis
576 2583 671 2613 11011
707 2569 1056 2614 determinatum
1093 2583 1118 2612 a
1151 2579 1313 2613 natura
1347 2569 1403 2612 ad
1438 2582 1596 2624 unum,
1627 2582 1816 2614 necesse
1848 2579 1916 2613 est
1946 2569 2074 2614 liberi

90 2635 98 2643 ”
181 2632 289 2679 iti-ii
304 2648 426 2680 esse.
457 2635 735 2694 Huiusmodi
766 2645 921 2681 autem
951 2646 1056 2680 sunt
1087 2636 1244 2680 omnia
1275 2635 1628 2680 intellectualia·
1662 2635 1918 2680 intellectus
1950 2636 2074 2679 enim

114 2724 123 2731 ·
191 2724 211 2737 ··
241 2720 246 2723 ·
273 2701 416 2747 1mdit
437 2716 531 2747 non
562 2701 711 2747 solum
738 2703 830 2748 hoc
861 2701 936 2747 vel
959 2702 1069 2746 illud
1094 2703 1284 2756 bonum,
1317 2702 1432 2746 sed
1420 2715 1570 2760 1psum
1595 2702 1769 2746 bonum
1802 2715 2072 2746 commune:

88 2823 134 2829 „-
192 2791 199 2803 ·
271 2781 401 2813 *acum
437 2768 695 2815 intellectus
735 2783 815 2829 per
853 2769 1053 2814 formam
1088 2769 1422 2828 apprehensam
1454 2778 1639 2812 moveat
1678 2767 1984 2812 voluntatem:
2025 2769 2073 2812 in

76 2839 109 2863 ‘³³'
134 2833 265 2873 ὤμ’,·
290 2855 322 2873 »-
365 2845 518 2880 autem
554 2845 762 2890 movens,
796 2845 841 2880 et
871 2846 1052 2880 motum
1084 2845 1292 2895 oporteat
1323 2849 1425 2880 esse
1455 2837 1828 2912 proportionata:
1860 2835 2072 2881 voluntas

82 2909 99 2922 ¹*
136 2898 143 2907 '
223 2923 292 2941 w·
323 2902 392 2947 ‘ae
417 2901 736 2949 inteliectualis
762 2916 857 2947 non
884 2912 951 2947 est
977 2903 1274 2947 determinata
1307 2917 1333 2946 a
1358 2911 1518 2946 natura
1549 2903 1636 2946 nisi
1662 2902 1717 2946 ad
1743 2903 1917 2946 bonum
1949 2915 2073 2946 corn-

83 3010 109 3031 ἰ,
264 2967 531 3028 Quidquid
563 2969 699 3029 igitur
731 2969 917 3014 offertur
948 2970 1030 3014 sibi
1056 2970 1136 3014 sub
1162 2972 1338 3014 ratione
1368 2970 1491 3024 boni,
1523 2971 1687 3028 poterit
1713 2968 1923 3014 voluntas
1948 2969 2074 3015 incli-

75 3035 216 3095 *w
228 3033 287 3080 Μ
303 3035 437 3090 illud,
457 3035 583 3081 nulla
602 3036 986 3081 determinatione
1012 3037 1235 3081 naturali'
1223 3050 1269 3080 m
1296 3036 1578 3081 contrarium
1594 3036 1876 3095 prohibente.
1897 3035 2071 3081 Omnia

79 3097 253 3163 ἶῖᾔῑεῌωτ
263 3100 600 3147 intellectualia
621 3102 811 3149 liberam
836 3103 1121 3149 voluntatem
1147 3103 1317 3148 habent
1343 3117 1398 3147 ex
1422 3102 1591 3160 judicio
1617 3102 1874 3147 intellectus
1890 3103 2072 3148 venien-

91 3147 240 3223 Μ;
268 3168 392 3228 quod
417 3178 486 3215 est
507 3169 700 3217 liberum
725 3171 957 3216 arbitrium
981 3171 1166 3226 habere,
1197 3171 1320 3230 quod
1345 3169 1562 3215 diffinitur
1585 3169 1778 3215 liberum
1810 3170 1866 3214 de
1891 3170 2070 3216 ratione

114 3201 350 3293 judic’ium.
