2332 3854
852 240 1007 280 LIBER
1045 241 1080 278 Ι.
1123 241 1243 279 CAP.
1286 240 1398 278 xlx·
2034 242 2099 297 23

235 341 470 402 Amplius:
496 340 745 386 necessitas
771 342 1023 386 coactionis
1049 351 1118 386 est
1140 341 1386 386 necessitas
1411 354 1466 384 ex
1493 339 1599 384 alio.
1625 340 1677 384 In
1703 341 1806 385 Deo
1833 350 1985 386 autem
2009 356 2105 386 non

137 417 214 453 ’est
236 408 483 453 necessitas
509 421 563 452 ex
587 408 694 462 alio,
712 407 789 452 sed
817 418 884 452 est
908 422 989 467 per
1015 410 1214 467 seipsum
1238 406 1546 452 necessarium
1573 416 1617 451 et
1653 420 1789 451 causa
1823 409 2106 453 necessitatis

146 474 269 520 aliis:
302 475 439 533 igitur
458 475 504 519 in
531 488 587 520 eo
613 474 728 518 nihil
760 483 827 518 est
853 483 1079 519 coactum.

234 541 425 586 Adhuc:
458 541 734 600 ubicumque
766 550 834 585 est
860 540 1043 600 aliquod
1069 541 1338 595 violentum,
1354 541 1415 585 ibi
1441 550 1589 600 potest
1615 554 1713 585 esse
1740 540 1909 600 aliquid
1928 552 2107 600 praeter

142 607 269 662 illud,
296 608 419 667 quod
450 608 516 652 rei
541 622 620 667 per
642 622 691 652 se
714 609 981 661 conveniat;
1008 622 1116 652 nam
1138 607 1393 653 violentum
1416 609 1716 652 contrariatur
1742 609 1784 652 ei
1806 609 1929 667 quod
1953 619 2021 653 est
2042 623 2107 653 se-

145 675 345 720 cundum
371 685 592 721 naturam.
629 676 718 719 Sed
751 676 797 719 in
824 676 925 719 Deo
951 689 1044 719 non
1071 686 1140 719 est
1161 675 1375 735 possibile
1407 689 1504 720 esse
1531 674 1699 734 aliquid
1721 685 1899 733 praeter
1919 675 1964 719 id
1983 675 2105 734 quod

143 742 394 787 secundum
421 756 469 787 se
497 743 537 787 ei
560 743 787 796 convenit,
805 756 912 786 cum
934 743 1187 786 secundum
1210 756 1257 786 se
1284 743 1340 787 sit
1364 756 1552 787 necesse
1576 755 1690 796 esse,
1713 749 1761 786 ut
1782 751 2016 786 ostensum
2039 752 2106 787 est

144 809 206 867 (c.
238 810 351 867 13.);
382 822 477 853 non
509 818 660 868 potest
683 809 822 867 igitur
846 809 894 852 in
920 823 976 853 eo
1009 823 1107 853 esse
1136 809 1305 868 aliquid
1331 809 1599 854 violentum.

230 874 370 920 Item:
398 889 536 920 omne
552 876 598 919 in
618 889 708 934 quo
733 884 799 920 est
826 875 994 934 aliquid
1016 875 1269 919 violentum
1286 875 1359 919 vel
1375 875 1642 930 innaturale,
1663 884 1823 920 natum
1845 885 1913 920 est
1934 875 1988 919 ab
2013 874 2103 919 alio

142 943 343 997 moveri3
368 956 476 986 nam
501 942 756 987 violentum
783 953 851 987 est
877 944 1004 1000 cujus
1026 942 1301 1001 principium
1329 953 1397 987 est
1420 951 1556 996 extra,
1583 941 1699 986 nihil
1724 941 1986 987 conferente
2008 942 2103 986 vim

141 1022 292 1069 passo·
317 1009 443 1054 Deus
460 1019 613 1054 autem
640 1019 707 1053 est
733 1009 924 1053 omnino
949 1008 1215 1063 immobilis,
1233 1019 1282 1052 ut
1304 1020 1538 1054 ostensum
1565 1018 1653 1054 est:
1681 1009 1818 1068 igitur
1839 1023 1933 1053 non
1955 1018 2107 1068 potest

141 1075 187 1120 in
213 1089 271 1121 eo
303 1090 402 1120 esse
429 1076 597 1136 aliquid
623 1075 877 1121 violentum
909 1076 982 1120 vel
1009 1076 1276 1121 innaturale.

230 1143 349 1188 Hinc
376 1153 444 1188 est
469 1143 593 1202 quod
630 1143 940 1202 Philosophus
974 1143 1083 1187 dicit
1115 1144 1162 1187 in
1189 1143 1347 1202 quinto
1373 1143 1645 1203 Metaphys.,
1673 1144 1796 1203 quod
1821 1144 1867 1187 in
1884 1143 1956 1188 his
1987 1157 2104 1203 quae

141 1218 246 1254 sunt
275 1210 551 1270 sempiterna
585 1220 629 1255 et
653 1210 924 1265 immobilia,
949 1209 1065 1254 nihil
1091 1220 1159 1255 est
1188 1209 1458 1265 violentum,
1483 1225 1632 1270 neque
1665 1221 1842 1270 praeter
1876 1220 2103 1256 naturam.

910 1432 1162 1489 CAPUT
1202 1433 1329 1489 XX.

678 1596 838 1643 QUOD
871 1596 1014 1635 DEUS
1047 1597 1163 1638 NON
1196 1597 1297 1636 EST
1332 1597 1556 1637 CORPUS.

227 1742 293 1788 Ex
317 1742 559 1802 praedictis
587 1752 740 1787 autem
766 1743 1031 1800 ostenditur,
1059 1743 1182 1803 quod
1214 1745 1340 1789 Deus
1366 1758 1461 1788 non
1488 1753 1555 1788 est
1586 1747 1764 1802 corpus.

232 1822 268 1854 1.
293 1809 449 1855 Omne
475 1809 598 1854 enim
626 1824 804 1869 corpus,
841 1825 982 1870 quum
1014 1812 1070 1855 sit
1097 1811 1382 1866 continuum,
1420 1811 1731 1870 compositum
1768 1818 1835 1855 est
1871 1820 1916 1855 et
1949 1819 2100 1870 partes

136 1875 325 1921 habens.
340 1876 468 1921 Deus
486 1886 640 1921 autem
658 1890 751 1921 non
770 1887 837 1922 est
854 1878 1150 1936 compositus,
1168 1887 1217 1922 ut
1233 1888 1470 1923 ostensum
1486 1887 1554 1922 est
1571 1878 1630 1935 (c.
1656 1878 1766 1935 18.);
1784 1877 1920 1936 igitur
1937 1890 2101 1937 corpus

136 1956 232 1988 non
257 1953 338 1988 est.
657 1974 660 1977 -

226 2022 267 2055 2.
289 2010 548 2055 Praeterea:
572 2025 712 2056 omne
731 2020 952 2070 quantum
969 2021 1037 2056 est
1053 2011 1206 2071 aliquo
1230 2011 1370 2056 modo
1388 2012 1435 2056 in
1452 2011 1679 2071 potentia3
1706 2025 1815 2055 nam
1833 2013 2102 2056 continuum

136 2087 206 2124 est
228 2078 276 2122 in
308 2078 513 2136 potentia
539 2078 761 2123 divisibile
783 2079 828 2122 in
848 2079 1103 2134 infinitum3
1136 2093 1354 2124 numerus
1387 2089 1539 2123 autem
1571 2079 1618 2123 in
1644 2079 1872 2123 infinitum
1899 2089 1966 2123 est
1997 2093 2103 2138 aug-

134 2144 407 2190 mentabilis.
436 2145 591 2190 Omne
619 2155 772 2189 autern
804 2159 969 2204 corpus
993 2156 1060 2190 est
1085 2155 1331 2205 quantum;
1358 2160 1468 2205 ergo
1501 2160 1640 2190 omne
1668 2159 1832 2205 corpus
1865 2156 1933 2190 est
1956 2146 2003 2190 in
2025 2160 2103 2204 po-

134 2211 288 2257 tentia.
300 2212 426 2257 Deus
444 2221 598 2257 autern
613 2226 707 2256 non
726 2222 794 2257 est
808 2213 855 2256 in
871 2213 1090 2272 potentia,
1103 2214 1182 2258 sed
1201 2223 1326 2258 actus
1342 2228 1496 2272 purus,
1513 2223 1562 2258 ut
1579 2223 1813 2258 ostensum
1833 2223 1901 2258 est
1918 2214 1979 2270 (e.
1997 2212 2099 2270 16.).

134 2278 258 2338 Ergo
283 2279 412 2324 Deus
436 2293 531 2324 non
558 2289 627 2324 est
651 2293 830 2339 corpus.

72 2380 82 2394 2
146 2374 151 2376 >
226 2359 265 2405 3.
291 2345 481 2391 Adhuc:
515 2346 554 2390 si
578 2347 706 2391 Deus
729 2356 797 2391 est
822 2361 1002 2405 corpus,
1030 2357 1210 2407 oportet
1235 2347 1358 2407 quod
1385 2347 1441 2392 sit
1467 2347 1651 2407 aliquod
1678 2362 1843 2407 corpus
1870 2347 2099 2402 naturale3

132 2424 242 2457 nam
268 2425 435 2472 corpus
459 2413 839 2458 mathematicum
870 2428 966 2458 non
993 2425 1060 2459 est
1084 2429 1164 2474 per
1197 2428 1244 2458 se
1270 2413 1505 2469 exsistens,
1531 2425 1580 2459 ut
1605 2413 1914 2474 Philosophus
1939 2415 2101 2474 probat

132 2478 235 2538 (111.
259 2479 518 2540 Metaphys.
544 2493 582 2524 c.
615 2479 672 2524 V.
698 2490 729 2525 t.
757 2494 797 2524 c.
828 2482 931 2538 17.)‚
969 2495 1025 2525 eo
1058 2481 1181 2540 quod
1213 2481 1524 2526 dimensiones
1558 2481 1812 2525 accidentia
1843 2491 1960 2526 sunt.
1991 2482 2100 2526 Non

133 2554 287 2591 autem
302 2555 372 2591 est
386 2560 552 2605 corpus
569 2546 788 2602 naturale,
804 2562 946 2606 quum
968 2548 1025 2592 sit
1040 2548 1305 2603 immobilis,
1333 2558 1381 2592 ut
1398 2558 1631 2593 ostensum
1651 2558 1719 2592 est
1734 2549 1795 2606 (c.
1823 2549 1910 2607 13.)
1925 2564 1935 2603 3
1959 2562 2098 2593 omne

133 2622 286 2658 autem
312 2627 478 2673 corpus
503 2613 709 2658 naturale
736 2614 906 2659 mobile
932 2625 1014 2659 est.
1039 2615 1166 2659 Deus
1197 2615 1333 2674 igitur
1365 2629 1460 2659 non
1487 2625 1555 2660 est
1580 2629 1759 2674 corpus.

220 2691 264 2735 4.
280 2679 517 2740 Amplius:
545 2694 684 2725 omne
707 2694 871 2741 corpus
887 2681 1067 2726 finitum
1084 2691 1165 2735 est,
1192 2682 1313 2741 quod
1335 2691 1431 2726 tam
1449 2682 1505 2726 de
1523 2696 1715 2741 corpore
1733 2681 1942 2726 circulari
1958 2697 2097 2741 quarn

132 2746 189 2792 de
223 2756 351 2791 recto
383 2748 599 2807 probatur
630 2749 677 2792 in
708 2748 858 2807 primo
891 2749 962 2793 De
996 2748 1129 2793 coelo
1156 2758 1201 2792 et
1233 2749 1406 2792 mundo
1435 2750 1496 2806 (c.
1523 2750 1563 2794 8.
1586 2759 1615 2793 t.
1641 2763 1680 2793 c.
1710 2750 1904 2807 35-75.).
1941 2749 2099 2801 Quod-

131 2812 241 2858 libet
265 2823 417 2858 autem
436 2828 601 2874 corpus
617 2814 810 2871 finitum,
827 2815 1061 2860 intellectu
1084 2825 1128 2860 et
1152 2816 1482 2874 imaginatione
1498 2818 1817 2861 transcendere
1838 2830 2095 2875 possumus.

134 2880 184 2924 Si
203 2880 339 2940 igitur
359 2881 486 2926 Deus
505 2892 574 2926 est
591 2895 768 2941 corpus,
794 2882 1052 2927 intellectus
1075 2892 1119 2927 et
1143 2883 1412 2941 ima'ginatio
1430 2892 1585 2928 nostra
1611 2883 1780 2942 aliquid
1814 2885 1961 2942 majus
1992 2884 2095 2929 Deo

132 2947 336 3006 cogitare
362 2957 567 3006 possunt.
594 2948 651 2992 Et
681 2948 746 2992 sic
772 2949 899 2994 Deus
924 2963 1018 2993 non
1045 2959 1113 2994 est
1143 2950 1292 3008 major
1316 2949 1549 2995 intellectu
1581 2960 1756 3004 nostro,
1788 2950 1911 3010 quod
1944 2960 2012 2995 est
2034 2950 2099 2994 in-

133 3014 423 3059 conveniens.
449 3015 558 3059 Non
585 3025 653 3059 est
677 3015 814 3074 igitur
840 3030 1019 3074 corpus.

227 3093 263 3138 ς.
281 3080 468 3127 Adhuc:
496 3082 698 3141 cognitio
715 3082 992 3127 intellectiva
1019 3084 1186 3128 certior
1203 3094 1272 3128 est
1288 3083 1670 3143 quamsensitiva.
1693 3084 1924 3128 Invenitur
1942 3094 2096 3130 autem

134 3146 319 3206 aliquod
345 3148 576 3206 objectum
607 3162 765 3194 sensus
781 3150 828 3193 in
853 3164 1006 3194 rerum
1022 3159 1204 3205 natura3
1232 3164 1342 3210 ergo
1371 3161 1415 3195 et
1430 3151 1702 3196 intellectus.
1730 3151 1821 3195 Sed
1842 3151 2096 3196 secundum

131 3213 340 3259 ordinem
371 3215 658 3273 objectorum
690 3226 759 3261 est
794 3217 907 3261 ordo
944 3218 1265 3276 potentiarum,
1298 3218 1414 3263 sicut
1451 3228 1495 3262 et
1531 3218 1784 3272 distincti03
1819 3232 1929 3277 ergo
1962 3232 2097 3277 super

132 3281 289 3326 omnia
324 3282 553 3327 sensibilia
588 3293 656 3328 est
690 3283 858 3343 aliquid
893 3284 1232 3343 intelligibile,
1220 3300 1267 3329 1n
1293 3300 1445 3330 rerum
1477 3295 1637 3330 natura
1673 3286 1904 3330 exsistens.
1939 3286 2096 3331 Omne

132 3358 285 3393 autem
302 3362 467 3408 corpus
493 3350 539 3393 in
561 3350 694 3395 rebus
720 3351 936 3396 exsistens
965 3361 1033 3396 est
1058 3352 1291 3407 sensibile;
1318 3352 1454 3411 igitur
1481 3366 1614 3411 super
1640 3352 1797 3396 omnia
1819 3366 2014 3411 corpora
2030 3362 2098 3397 est

132 3414 300 3474 aliquid
319 3416 526 3476 accipere
547 3405 758 3463 nobilius.
777 3418 853 3462 81
841 3418 979 3477 igitur
1005 3419 1131 3463 Deus
1150 3428 1217 3463 est
1242 3433 1422 3477 corpus,
1448 3433 1543 3462 non
1570 3419 1653 3463 erit
1678 3419 1877 3479 primum
1900 3429 1944 3464 et
1962 3419 2099 3464 maxi-

132 3495 260 3526 mum
293 3495 387 3527 ens.

217 3546 259 3593 6.
285 3549 549 3594 Praeterea:
572 3549 775 3610 quolibet
800 3565 992 3611 corpore
1013 3565 1107 3596 non
1134 3552 1314 3598 vivente
1339 3565 1411 3597 res
1437 3551 1595 3597 vivens
1621 3562 1689 3598 est
1713 3553 1925 3598 nobilior.
1961 3553 2094 3607 Quo·

130 3613 240 3660 libet
264 3623 417 3661 autem
433 3628 627 3675 corpore
643 3617 822 3663 vivente
847 3631 929 3663 sua
955 3618 1047 3664 vita
1070 3627 1139 3664 est
1163 3618 1377 3675 nobilior,
1394 3631 1538 3678 quum
1563 3632 1644 3680 per
1659 3620 1752 3665 hoc
1774 3619 1942 3666 habeat
1960 3632 2095 3679 supra
