2332 3854
12 150 14 153 >
0 0 33 117 “trava

0 1932 8 1956 '¹
0 1854 11 1912 μμ
0 1627 19 1838 *ow-arvam
0 1550 13 1566 ε·
0 1505 7 1536 w
0 1461 11 1495 w

811 222 965 264 manu
1004 223 1081 263 111.
1110 198 1243 263 ‘cruz
1283 222 1435 262 xxm.
1996 219 2098 277 315

147 338 311 372 omnes
337 323 452 371 aliae
471 324 703 371 naturales
723 326 1038 385 proprietates.
1064 326 1171 371 Non
1195 335 1347 372 autem
1373 333 1524 384 potest
1548 337 1647 368 esse
1675 323 1798 382 quod
1825 333 1977 369 motus
2004 338 2106 368 coe-

148 391 274 438 lestis
299 401 511 452 sequatur
530 391 730 437 formam
752 392 962 438 coelestis
988 393 1191 452 corporis
1214 394 1331 438 sicut
1350 391 1623 451 principium
1647 392 1870 445 activum3
1893 391 1956 435 sic
1981 391 2103 435 enim

146 457 295 505 forma
326 470 395 504 est
424 459 694 520 principium
734 469 886 504 motus
913 459 1088 514 localis,
1124 460 1171 504 in
1209 469 1431 519 quantum
1467 457 1603 503 alicui
1640 458 1823 517 corpori
1853 458 2104 503 secundum

146 539 279 572 suam
303 526 502 571 formam
528 526 714 571 debetur
732 525 893 585 aliquis
914 525 1044 571 locus
1061 527 1107 570 in
1130 540 1265 586 quem
1290 535 1500 571 movetur
1521 540 1578 570 ex
1603 524 1648 568 vi
1674 539 1782 569 suae
1809 524 1985 569 formae
2012 534 2106 569 ten-

147 592 294 637 dentis
320 595 365 638 in
390 592 547 638 locum
572 591 719 647 illum,
745 607 882 651 quem
901 593 1006 651 quia
1024 594 1099 638 dat
1115 608 1352 652 generans,
1372 593 1534 638 dicitur
1552 605 1649 636 esse
1667 601 1844 645 motor3
1871 592 1989 636 sicut
2010 590 2105 649 igni

145 659 396 704 secundum
422 674 553 704 suam
579 659 777 704 formam
805 660 1022 719 competit
1051 675 1148 704 esse
1181 674 1382 714 sursum3
1415 659 1599 719 corpori
1631 669 1784 704 autem
1818 658 2007 703 coelesti
2039 672 2106 702 se-

147 725 348 770 cundum
374 740 505 771 suam
530 725 729 770 formam
755 740 849 770 non
873 726 1019 784 magis
1038 728 1251 785 congruit
1268 741 1410 771 unum
1436 729 1664 785 ub1'quam
1681 725 1817 770 aliud.
1833 724 1941 769 Non
1962 725 2100 783 igitur

79 842 83 847 ,
139 803 298 839 motus
325 792 533 837 coelestis
560 793 830 852 principium
864 802 931 837 est
956 793 1054 837 sola
1081 804 1253 838 natura.
1284 794 1481 852 Oportet
1512 793 1649 851 igitur
1679 793 1802 851 quod
1829 792 2103 852 principium

145 869 298 904 motus
324 860 420 917 ejus
445 859 502 904 sit
526 874 606 919 per
633 859 1045 919 apprehensionem
1072 860 1312 904 moventis.

233 926 423 971 Adhuc:
451 936 612 970 natura
637 941 820 984 semper
846 926 902 971 ad
929 942 1071 970 unum
1098 927 1264 982 tendit3
1292 927 1411 971 unde
1432 941 1548 986 quae
1566 937 1670 972 sunt
1692 941 1717 970 a
1733 936 1895 971 natura
1916 940 2099 986 semper

144 1002 249 1037 sunt
273 993 438 1038 eodem
463 994 621 1047 modo,
647 994 732 1038 nisi
764 994 1084 1052 impediantur,
1111 995 1233 1053 quod
1277 1004 1344 1038 est
1369 995 1415 1037 in
1441 994 1745 1053 paucioribus.
1786 993 1927 1046 Quod
1958 994 2096 1053 igitur

147 1073 203 1105 ex
227 1060 298 1104 sui
323 1061 499 1104 ratione
534 1060 673 1105 habet
713 1059 1057 1106 difformitatem
1093 1060 1375 1120 impossibile
1409 1070 1476 1105 est
1507 1060 1629 1119 quod
1663 1061 1720 1104 sit
1754 1060 1855 1105 finis
1886 1061 1934 1105 in
1966 1075 2103 1121 quern

145 1126 289 1172 tendit
313 1137 488 1171 natura.
514 1127 668 1171 Motus
696 1137 847 1171 autem
873 1128 1124 1172 secundum
1158 1142 1289 1172 suam
1321 1128 1547 1172 rationem
1574 1138 1641 1172 est
1666 1128 1954 1185 hujusmodi;
1981 1127 2103 1187 quod

145 1193 271 1238 enim
297 1203 520 1247 movetur,
546 1194 595 1238 in
621 1188 842 1252 quantum
867 1194 1145 1252 hujusmodi,
1178 1194 1455 1239 dissimiliter
1487 1208 1534 1238 se
1567 1194 1705 1238 habet
1739 1209 1860 1239 nunc
1887 1205 1932 1239 et
1967 1195 2104 1253 prius.

144 1260 432 1320 Impossibile
458 1271 527 1305 est
551 1261 688 1319 igitur
713 1261 836 1319 quod
862 1271 1025 1305 natura
1042 1261 1248 1305 intendat
1264 1272 1444 1306 motum
1461 1270 1646 1320 propter
1667 1263 1883 1320 seipsum.
1906 1261 2104 1307 Intendit

143 1327 283 1387 igitur
307 1329 506 1387 quietem
534 1343 612 1387 per
638 1338 831 1383 motum,
865 1343 980 1387 quae
1007 1342 1055 1373 se
1081 1328 1219 1372 habet
1246 1328 1300 1372 ad
1334 1338 1514 1372 motum
1540 1328 1658 1372 sicut
1684 1342 1825 1372 unum
1852 1328 1908 1372 ad
1935 1327 2104 1383 multa;

144 1394 338 1454 quiescit
362 1395 486 1439 enim
511 1394 634 1454 quod
660 1395 867 1440 similiter
893 1409 941 1439 se
968 1395 1105 1439 habet
1130 1409 1251 1439 nunc
1280 1405 1324 1439 et
1348 1395 1485 1454 prius.
1515 1395 1566 1439 Si
1591 1409 1702 1454 ergo
1727 1405 1880 1440 motus
1908 1394 2027 1440 coeli
2048 1395 2106 1440 sit

145 1475 173 1506 a
196 1471 358 1506 natura
383 1471 574 1516 tantum,
602 1471 721 1506 esset
746 1462 979 1507 ordinatus
1005 1462 1051 1505 in
1079 1461 1279 1521 aliquam
1312 1462 1537 1521 quietem3
1565 1462 1692 1520 cujus
1720 1462 2000 1507 contrarium
2026 1477 2104 1521 ap-

146 1537 287 1588 paret,
313 1542 454 1587 quum
480 1529 536 1572 sit
562 1528 818 1572 continuus.
840 1529 947 1572 Non
975 1539 1043 1573 est
1066 1529 1204 1587 igitur
1230 1539 1383 1573 motus
1410 1528 1528 1573 coeli
1555 1543 1580 1573 a
1605 1538 1767 1573 natura
1788 1529 1906 1574 sicut
1937 1544 1962 1573 a
1988 1529 2106 1589 prin-

149 1595 269 1655 cipio
296 1595 462 1649 activo,
487 1595 566 1640 sed
594 1595 740 1654 magis
769 1610 794 1639 a
820 1595 1069 1640 substantia
1094 1594 1392 1654 intelligente.

233 1662 374 1706 Item:
402 1662 530 1706 omni
556 1663 703 1706 motui
729 1662 806 1721 qui
828 1672 896 1707 est
918 1677 943 1706 a
961 1672 1121 1706 natura
1139 1662 1256 1706 sicut
1282 1676 1307 1705 a
1325 1662 1546 1722 principio
1566 1663 1732 1716 activo,
1750 1674 1945 1722 oportet,
1967 1663 2104 1722 quod,

144 1729 183 1775 si
215 1743 424 1775 accessus
457 1729 513 1773 ad
555 1729 724 1788 aliquid
759 1739 825 1773 est
860 1729 1093 1783 naturalis,
1130 1743 1335 1774 recessus
1372 1729 1425 1773 ab
1466 1729 1632 1774 eodem
1669 1730 1727 1774 sit
1761 1730 2030 1775 innaturalis
2061 1740 2106 1775 et

143 1806 303 1842 contra
324 1806 557 1851 naturam;
583 1797 701 1840 sicut
726 1811 863 1855 grave
891 1796 1067 1840 accedit
1084 1797 1298 1840 deorsum
1320 1795 1600 1850 naturaliter,
1625 1796 1798 1841 recedit
1825 1807 1977 1842 autem
1998 1797 2105 1843 inde

145 1872 303 1909 contra
327 1873 553 1908 naturam.
582 1863 632 1907 Si
656 1863 794 1922 igitur
821 1873 974 1907 motus
1002 1862 1121 1907 coeli
1147 1874 1267 1907 esset
1297 1862 1531 1917 naturalis,
1559 1878 1700 1922 quum
1726 1863 1881 1908 tendat
1908 1865 1963 1909 ad
1986 1865 2107 1909 occi-

143 1931 327 1976 dentem
352 1930 630 1985 naturaliter,
658 1940 819 1974 contra
848 1940 1059 1975 naturam
1092 1931 1145 1974 ab
1181 1929 1419 1974 occidente
1451 1930 1669 1974 recedens
1701 1930 1748 1974 in
1782 1931 2008 1975 orientem
2040 1945 2105 1976 re-

144 1996 271 2042 diret.
298 1997 402 2042 Hoc
430 2007 583 2042 autem
602 2007 670 2042 est
693 1997 1001 2056 impossibile;
1023 1997 1071 2040 in
1098 2007 1222 2041 motu
1253 1998 1376 2041 enim
1405 1997 1594 2041 coelesti
1619 1996 1735 2041 nihil
1758 2008 1826 2042 est
1846 1997 2103 2043 violentum

145 2074 191 2109 et
215 2073 375 2108 contra
399 2074 623 2108 naturam.
655 2063 942 2123 Impossibile
976 2074 1043 2108 est
1073 2063 1208 2122 igitur
1242 2064 1364 2123 quod
1405 2064 1680 2123 principium
1723 2065 1924 2109 activum
1951 2075 2104 2110 motus

145 2130 357 2175 coelestis
382 2130 440 2175 sit
464 2140 640 2175 natura.
665 2131 745 2175 Est
769 2131 906 2189 igitur
931 2131 1208 2189 principium
1236 2130 1437 2174 activum
1464 2131 1559 2188 ejus
1588 2130 1738 2190 aliqua
1761 2132 1828 2175 vis
1857 2132 2107 2191 apprehen-

142 2197 239 2242 siva
264 2206 308 2242 et
333 2212 414 2257 per
438 2197 723 2242 intellectum
750 2212 957 2253 movens,
981 2208 1030 2242 ut
1047 2213 1102 2242 ex
1118 2197 1361 2258 praedictis
1387 2207 1524 2257 patet.
1542 2198 1754 2242 Movetur
1779 2198 1915 2257 igitur
1938 2213 2103 2259 corpus

143 2263 343 2313 coeleste
361 2279 387 2309 a
413 2265 663 2310 substantia
690 2265 1000 2310 intellectuali.

229 2331 339 2376 Non
354 2342 509 2376 tamen
527 2341 595 2376 est
611 2332 874 2391 negandum
898 2342 1076 2376 motum
1099 2331 1345 2376 coelestem
1371 2345 1469 2376 esse
1491 2331 1759 2377 naturalem.
1782 2332 1960 2377 Dicitur
1982 2333 2105 2378 enim

141 2412 240 2446 esse
271 2397 432 2458 aliquis
458 2409 611 2443 motus
646 2399 877 2453 naturalis,
913 2413 1007 2443 non
1048 2398 1201 2443 solum
1241 2409 1426 2458 propter
1467 2399 1667 2443 activum
1699 2400 1988 2459 principium,
2021 2401 2100 2445 sed

140 2465 279 2511 etiam
306 2475 490 2526 propter
514 2466 769 2525 passivum3
802 2466 920 2510 sicut
944 2476 1068 2526 patet
1102 2466 1150 2510 in
1186 2466 1480 2525 generatione
1521 2466 1800 2526 simplicium
1842 2481 2104 2527 corporum,

139 2547 256 2592 quae
281 2533 467 2592 quidem
487 2547 582 2577 non
604 2542 754 2591 potest
775 2533 865 2578 dici
889 2533 1108 2577 naturalis
1131 2533 1308 2577 ratione
1333 2533 1542 2592 principii
1564 2533 1712 2578 activi.
1741 2535 1953 2578 Movetur
1979 2535 2104 2578 enim

139 2600 185 2644 id
209 2599 473 2651 naturaliter
492 2614 532 2644 a
557 2600 781 2660 principio
809 2600 959 2644 activo
993 2601 1122 2659 cujus
1153 2600 1427 2659 principium
1460 2600 1661 2645 activum
1683 2611 1752 2645 est
1776 2600 1918 2656 intra;
1944 2611 2105 2646 natura

140 2666 264 2712 enim
296 2677 364 2712 est
393 2667 665 2727 principium
697 2677 851 2711 motus
886 2667 933 2711 in
975 2681 1030 2712 eo
1064 2668 1109 2710 in
1142 2681 1234 2725 quo
1276 2677 1356 2711 est.
1390 2667 1673 2725 Principium
1715 2678 1869 2712 autem
1902 2667 2102 2712 activum

139 2734 189 2779 in
219 2735 513 2793 generatione
544 2733 763 2793 simplicis
791 2734 996 2793 corporis
1029 2742 1095 2778 est
1123 2744 1260 2778 extra.
1294 2733 1402 2779 Non
1429 2743 1496 2778 est
1520 2733 1658 2792 igitur
1682 2734 1897 2779 naturalis
1926 2735 2102 2780 ratione

140 2801 348 2861 principii
384 2801 532 2855 activi,
566 2801 645 2845 sed
676 2801 829 2845 solum
870 2802 1045 2845 ratione
1087 2801 1298 2860 principii
1329 2800 1510 2858 passivi,
1545 2801 1667 2859 quod
1700 2812 1767 2846 est
1798 2802 1990 2847 materia
2031 2802 2105 2846 cui

139 2867 258 2912 inest
277 2867 494 2912 naturalis
522 2868 745 2926 appetitus
772 2867 828 2911 ad
849 2866 1048 2911 formam
1074 2866 1342 2912 naturalem.
1367 2867 1443 2912 Sic
1471 2882 1581 2926 ergo
1605 2878 1756 2912 motus
1780 2867 1991 2913 coelestis
2009 2883 2106 2914 cor-

140 2934 279 2994 poris,
305 2943 525 2993 quantum
553 2934 609 2978 ad
642 2934 842 2978 activum
874 2934 1162 2994 principium,
1194 2948 1288 2978 non
1315 2944 1382 2978 est
1406 2933 1639 2990 naturalis,
1666 2935 1745 2979 sed
1771 2935 1918 2994 magis
1940 2935 2102 2980 volun-

139 3001 278 3046 tarius
305 3011 350 3045 et
373 2999 712 3055 intellectualis;
737 3012 956 3060 quantum
981 3015 1091 3046 vero
1118 3001 1176 3045 ad
1201 3001 1475 3061 principium
1501 3002 1749 3061 passivum,
1773 3012 1840 3047 est
1859 3002 2105 3058 naturalis;

138 3082 248 3113 nam
283 3082 448 3127 corpus
480 3068 677 3112 coeleste
702 3068 840 3113 habet
864 3067 1119 3112 naturalem
1152 3067 1449 3126 aptitudinem
1485 3068 1540 3112 ad
1576 3068 1718 3113 talem
1760 3080 1954 3114 motum.
1999 3069 2101 3114 Hoc

142 3144 296 3179 autem
321 3133 560 3180 manifeste
582 3145 782 3194 apparet,
804 3135 842 3179 si
861 3134 1081 3179 habitudo
1109 3135 1420 3180 consideretur
1438 3134 1650 3180 coelestis
1668 3136 1871 3193 corporis
1890 3136 1946 3180 ad
1968 3150 2103 3180 suum

140 3203 227 3247 ubi.
253 3202 427 3246 Patitur
448 3202 571 3246 enim
593 3211 637 3246 et
665 3212 874 3246 movetur
906 3201 1264 3261 unumquodque
1290 3201 1543 3246 secundum
1570 3202 1693 3261 quod
1715 3213 1782 3247 est
1806 3203 1852 3247 in
1878 3203 2101 3262 potentia;

140 3269 235 3327 agit
256 3282 369 3313 vero
402 3277 446 3313 et
467 3278 624 3313 movet
648 3269 901 3314 secundum
927 3269 1049 3328 quod
1077 3279 1146 3314 est
1167 3279 1284 3313 actu.
1314 3268 1496 3328 Corpus
1524 3279 1677 3314 autem
1704 3269 1919 3323 coeleste,
1945 3283 2102 3315 secun-

140 3335 250 3381 dum
282 3349 413 3380 suam
444 3335 742 3380 substantiam
775 3336 1128 3391 consideratum,
1161 3336 1388 3380 invenitur
1414 3345 1462 3380 ut
1487 3336 1534 3379 in
1560 3336 1763 3394 potentia
1794 3336 2102 3382 indifferenter

139 3416 188 3447 se
213 3402 387 3447 habens
415 3403 471 3446 ad
498 3402 731 3462 quodlibet
753 3404 840 3458 ubi,
864 3404 980 3447 sicut
1005 3403 1195 3447 materia
1217 3402 1364 3460 prima
1391 3401 1446 3446 ad
1475 3402 1725 3461 quamlibet
1750 3402 1964 3458 formam,
1986 3404 2103 3448 sicut

138 3469 423 3528 praedictum
450 3479 530 3514 est.
563 3468 710 3514 Aliter
735 3479 887 3514 autem
921 3480 988 3514 est
1019 3469 1076 3514 de
1109 3483 1301 3529 corpore
1325 3469 1452 3527 gravi
1484 3478 1528 3513 et
1559 3469 1828 3528 levi,·quod,
1853 3469 1900 3515 in
1925 3484 2006 3515 sua
2026 3485 2103 3515 na·

137 3542 240 3581 tura
264 3535 617 3590 consideratum,
641 3550 736 3582 non
758 3545 827 3581 est
845 3535 1108 3581 indifferens
1130 3536 1186 3581 ad
1209 3550 1397 3580 omnem
1419 3534 1591 3590 locum,
1613 3536 1693 3581 sed
1715 3550 1770 3581 ex
1791 3537 1968 3582 ratione
1990 3550 2100 3583 suae

140 3598 317 3649 formae
348 3601 674 3649 determinatur
713 3601 799 3648 sibi
827 3600 972 3649 locus.
1003 3602 1176 3649 Natura
1208 3602 1346 3662 igitur
1379 3601 1584 3662 corporis
1624 3603 1777 3662 gravis
1818 3613 1862 3650 et
1893 3601 2007 3651 levis
2034 3612 2100 3650 est
