2332 3854
843 305 997 345 LIBER
1035 305 1112 345 111.
1155 304 1275 345 CAP.
1315 303 1391 343 v1.
1990 303 2096 360 293

144 406 283 461 vatio,
309 405 348 451 si
373 398 566 466 proprie,
592 413 636 450 et
661 404 813 450 stricte
836 407 1098 466 accipiatur,
1126 417 1191 452 est
1224 408 1321 467 ejus
1348 404 1469 466 quod
1497 404 1595 464 quis
1620 413 1753 449 natus
1780 412 1848 449 est
1871 403 2039 450 habere
2058 415 2103 450 et

145 472 279 519 debet
302 472 483 517 habere.
510 472 561 516 In
582 470 836 530 privatione
868 473 1003 532 igitur
1029 473 1093 518 sic
1122 483 1308 533 accepta
1334 482 1401 518 est
1425 472 1540 517 ratio
1564 470 1687 515 mali.
1714 471 1905 515 Materia
1933 482 2101 526 autem,

145 553 284 599 quum
315 540 371 582 sit
394 538 441 582 in
466 538 669 598 potentia
695 537 750 582 ad
777 552 940 583 omnes
957 538 1143 593 formas,
1171 553 1331 583 omnes
1348 538 1533 598 quidem
1558 548 1664 582 nata
1682 547 1751 582 est
1766 537 1949 591 habere,
1975 537 2102 582 nulla

142 607 296 650 tamen
330 615 397 651 est
432 605 475 649 ei
505 605 670 660 debit-2,
705 619 845 665 quum
884 605 979 650 sine
1021 608 1178 664 quavis
1204 620 1294 650 una
1323 620 1480 651 earum
1516 605 1658 665 possit
1699 616 1798 649 esse
1829 603 2028 663 perfecta
2054 605 2101 648 in

144 682 271 724 actu;
298 671 525 732 quaelibet
549 682 703 716 tamen
729 685 887 716 earum
919 682 986 724 est
1006 672 1156 720 debita
1198 672 1334 717 alicui
1367 686 1527 717 eorum
1554 685 1669 731 quae
1695 685 1750 716 ex
1775 671 1967 715 materia
1993 685 2099 715 con-

141 738 409 793 stituuntur3
434 751 541 783 nam
567 752 662 783 non
687 747 836 797 potest
867 752 964 783 esse
992 753 1109 798 aqua
1135 739 1220 783 nisi
1246 739 1411 784 habeat
1436 737 1634 783 formam
1662 751 1821 797 aquae,
1838 752 1923 782 nec
1950 747 2102 796 potest

142 817 240 851 esse
265 806 383 866 ignis
407 805 495 850 nisi
520 805 685 850 habeat
708 803 907 850 formam
934 806 1064 864 ignis.
1092 806 1293 850 Privatio
1319 806 1456 865 igitur
1481 805 1746 864 hujusmodi
1775 802 1952 849 formae
1977 818 2100 849 com-

140 882 297 933 parata
322 872 378 916 ad
403 872 642 916 materiam
663 885 756 916 non
783 882 851 916 est
876 871 1049 916 malum
1075 882 1277 926 naturae,
1305 873 1382 917 sed
1409 882 1674 932 comparata
1706 871 1762 916 ad
1792 871 1838 915 id
1873 872 2000 930 cujus
2034 880 2102 916 est

139 937 291 983 forma
316 948 384 983 est
404 937 577 983 malum
605 938 714 996 ejus,
741 938 857 983 sicut
882 938 1074 998 privatio
1100 938 1277 983 formae
1302 939 1422 998 ignis
1450 948 1519 983 est
1543 938 1719 983 malum
1746 937 1878 998 ignis.
1896 937 1966 992 Et,
1994 937 2102 996 quia

139 1014 234 1050 tam
260 1005 533 1064 privationes
558 1019 698 1064 quam
733 1005 912 1049 habitus
941 1015 985 1050 et
1009 1005 1186 1050 formae
1227 1020 1321 1050 non
1348 1006 1558 1050 dicuntur
1591 1018 1689 1050 esse
1727 1004 1815 1049 nisi
1846 1003 2100 1049 secundum

140 1071 262 1132 quod
288 1081 392 1116 sunt
416 1071 462 1115 in
489 1072 707 1130 subjecto,
730 1071 767 1116 si
794 1073 978 1131 quidem
1004 1072 1197 1130 privatio
1224 1072 1281 1116 sit
1309 1071 1482 1117 malum
1508 1087 1589 1132 per
1616 1071 2013 1131 comparationem
2040 1069 2097 1114 ad

139 1138 394 1197 subjectum
433 1140 478 1182 in
505 1152 595 1197 quo
624 1148 704 1192 est,
747 1139 830 1183 erit
865 1138 1040 1183 malum
1082 1139 1371 1198 simpliciter3
1399 1141 1468 1184 sin
1502 1149 1669 1193 autem,
1708 1139 1790 1182 erit
1821 1138 1998 1182 malum
2025 1136 2102 1181 ali-

139 1207 280 1266 quus,
306 1216 351 1251 et
374 1219 468 1250 non
506 1205 790 1265 simpliciter3
828 1206 1069 1251 hominem
1109 1199 1247 1265 igitur
1272 1206 1438 1264 privari
1471 1220 1610 1250 manu
1637 1214 1704 1249 est
1730 1203 1904 1248 malum
1930 1203 2100 1263 simpli-

139 1273 272 1327 citer;
298 1272 538 1317 materiam
566 1282 718 1317 autem
744 1272 910 1330 privari
941 1272 1090 1316 forma
1123 1273 1238 1317 aeris
1264 1286 1359 1316 non
1396 1282 1464 1317 est
1505 1270 1679 1316 malum
1711 1269 1993 1329 simpliciter,
2019 1270 2099 1315 sed

122 1339 207 1384 'est
231 1338 406 1383 malum
433 1338 561 1383 aeris.
589 1338 790 1383 Privatio
828 1349 982 1383 autem
1019 1339 1189 1383 ordinis
1233 1349 1308 1383 aut
1350 1338 1810 1384 commensurationis
1843 1337 2020 1382 debitae
2053 1338 2099 1381 in

138 1405 319 1451 actione
346 1415 414 1451 est
439 1405 614 1450 malum
641 1405 831 1450 actionis
841 1422 852 1461 3
880 1416 938 1459 et,
966 1405 1070 1465 quia
1088 1405 1272 1450 cuilibet
1294 1406 1463 1451 actioni
1489 1416 1556 1451 est
1588 1405 1763 1450 debitus
1797 1404 1960 1464 aliquis
1984 1403 2098 1449 ordo

137 1482 183 1519 et
207 1467 357 1532 aliqua
384 1473 787 1527 commensuratio,
812 1486 998 1517 necesse
1025 1482 1093 1517 est
1117 1483 1167 1517 ut
1190 1472 1293 1517 talis
1320 1473 1512 1532 privatio
1545 1473 1593 1516 in
1626 1472 1807 1517 actione
1829 1470 2099 1531 simpliciter

94 1589 100 1595 ⁴
137 1537 312 1602 malum
345 1541 540 1584 exsistat.
575 1551 580 1555 ·

226 1606 309 1652 His
335 1606 472 1665 igitur
494 1606 616 1660 visis,
643 1605 879 1650 sciendum
906 1616 975 1650 est
1000 1605 1121 1665 quod
1148 1619 1242 1650 non
1270 1619 1411 1650 omne
1439 1606 1561 1664 quod
1588 1616 1656 1650 est
1680 1615 1858 1665 praeter
1888 1605 2100 1650 intentio-

136 1672 244 1719 nem
279 1682 460 1734 oportet
485 1686 582 1717 esse
608 1672 844 1717 fortuitum
870 1672 942 1717 vel
975 1671 1170 1727 casuale,
1192 1683 1241 1716 ut
1266 1673 1412 1731 prima
1431 1673 1545 1716 ratio
1572 1672 1868 1732 proponebat.
1898 1671 1947 1716 Si
1974 1672 2097 1716 enim

137 1740 260 1800 quod
292 1749 361 1786 est
378 1750 557 1800 praeter
600 1739 901 1800 intentionem
942 1739 999 1783 sit
1040 1753 1323 1798 consequens
1353 1739 1409 1783 ad
1435 1739 1478 1782 id
1511 1739 1633 1798 quod
1670 1749 1738 1783 est
1761 1739 2004 1793 intentum,
2024 1737 2100 1783 vel
2168 1735 2180 1747 ⁸

136 1817 329 1866 semper,
360 1805 434 1850 vel
459 1807 574 1850 sicut
599 1805 871 1865 frequenter,
893 1819 988 1849 non
1015 1806 1192 1850 eveniet
1217 1805 1405 1850 fortuito
1437 1805 1512 1850 vel
1539 1805 1793 1860 casualiter,
1819 1805 1936 1850 sicut
1960 1805 2007 1849 in
2041 1819 2098 1850 eo

135 1874 214 1934 qui
238 1873 428 1919 intendit
459 1872 698 1917 dulcedine
722 1873 817 1916 vini
842 1872 942 1927 frui,
961 1873 999 1916 si
1016 1887 1068 1916 ex
1086 1871 1320 1932 potatione
1343 1872 1438 1916 vini
1463 1870 1676 1931 sequatur
1693 1873 1883 1916 ebrietas
1902 1886 2098 1930 semper,

134 1939 209 1984 vel
229 1939 501 2000 frequenter,
526 1953 620 1983 non
648 1940 732 1983 erit
755 1939 993 1983 fortuitum
1019 1953 1103 1983 nec
1132 1938 1313 1983 casuale
1328 1955 1339 1993 ;
1355 1949 1473 1984 esset
1496 1950 1647 1983 autem
1676 1939 1871 1993 casuale,
1890 1939 1928 1983 si
1944 1954 2100 1999 seque-

134 2017 256 2053 retur
287 2016 337 2052 ut
373 2006 422 2051 in
447 2005 751 2066 paucioribus.
783 2005 960 2050 Malum
1003 2019 1113 2064 ergo
1156 2006 1458 2066 corruptionis
1502 2006 1735 2061 naturalis,
1773 2006 1856 2051 etsi
1887 2017 2099 2066 sequatur

135 2080 313 2134 praeter
348 2073 648 2118 intentionem
692 2073 964 2131 generantis,
999 2073 1291 2131 consequitur
1330 2083 1485 2117 tamen
1527 2088 1727 2133 semper;
1768 2088 1878 2117 nam
1918 2087 2099 2133 semper

134 2141 310 2186 formae
335 2141 467 2185 unius
493 2151 562 2185 est
603 2140 813 2197 adjuncta
850 2140 1042 2199 privatio
1071 2140 1278 2194 alterius3
1305 2141 1424 2184 unde
1459 2142 1688 2200 corruptio
1721 2155 1815 2185 non
1849 2141 2000 2185 evenit
2028 2155 2098 2186 ca-

133 2207 332 2261 sualiter,
359 2221 507 2266 neque
543 2217 592 2251 ut
624 2209 668 2250 in
710 2207 1014 2264 paucioribus,
1046 2206 1154 2251 licet
1186 2207 1378 2264 privatio
1413 2208 1686 2266 quandoque
1718 2222 1812 2251 non
1839 2208 1895 2252 sit
1921 2207 2098 2252 malum

133 2274 412 2333 simpliciter,
439 2273 517 2318 sed
536 2274 741 2331 alicujus,
773 2283 820 2318 ut
846 2274 1018 2318 dictum
1043 2284 1122 2318 est.
1152 2274 1201 2318 Si
1224 2283 1378 2319 autem
1400 2275 1456 2319 sit
1473 2275 1575 2319 talis
1602 2276 1795 2334 privatio
1816 2290 1931 2334 quae
1950 2276 2097 2333 privet

132 2341 179 2386 id
204 2341 328 2400 quod
361 2350 428 2385 est
453 2340 655 2384 debitum
682 2350 915 2399 generato,
937 2341 1022 2385 erit
1048 2340 1230 2385 casuale
1259 2350 1302 2385 et
1327 2341 1593 2400 simpliciter
1619 2342 1808 2396 malum,
1827 2342 1944 2386 sicut
1956 2357 2097 2401 quum

132 2417 381 2452 nascuntur
405 2416 558 2466 partus
581 2407 885 2461 monstruosi3
911 2407 1001 2451 hoc
1026 2408 1148 2451 enim
1173 2422 1268 2451 non
1286 2409 1580 2467 consequitur
1597 2410 1650 2453 de
1673 2410 1942 2453 necessitate
1970 2409 2026 2453 ad
2052 2409 2097 2453 id

133 2474 256 2535 quod
283 2485 350 2519 est
374 2474 616 2528 intentum,
638 2474 716 2519 sed
742 2484 810 2519 est
832 2474 874 2519 ei
899 2489 1172 2534 repugnans,
1200 2489 1342 2534 quum
1374 2489 1515 2534 agens
1540 2476 1746 2521 intendat
1766 2475 2097 2535 perfectionem

133 2551 348 2600 generati.
965 2573 967 2575 -

222 2607 399 2652 Malum
425 2618 579 2652 autem
602 2607 792 2652 actionis
815 2607 979 2653 accidit
1006 2608 1054 2652 in
1079 2607 1357 2653 naturalibus
1377 2609 1613 2668 agentibus
1637 2624 1690 2653 ex
1717 2609 1895 2654 defectu
1920 2608 2096 2653 virtutis

133 2674 329 2729 activae;
360 2674 494 2729 unde,
522 2674 560 2719 si
586 2689 726 2733 agens
751 2674 889 2720 habet
919 2675 1133 2720 virtutem
1157 2674 1446 2729 defectivam,
1479 2676 1569 2719 hoc
1597 2675 1773 2720 malum
1801 2676 2095 2734 consequitur

0 2732 1 2735 Ἴ
44 2730 58 2763 2
131 2752 311 2802 praeter
331 2741 649 2795 intentionem,
676 2741 754 2786 sed
780 2756 875 2786 non
901 2742 985 2786 erit
1009 2741 1204 2795 casuale,
1219 2742 1322 2800 quia
1346 2741 1400 2786 de
1423 2742 1693 2787 necessitate
1721 2753 1788 2787 est
1810 2756 2094 2801 consequens

134 2809 191 2855 ad
214 2808 356 2855 talem
389 2819 616 2868 agentem,
634 2823 775 2868 quum
797 2809 887 2853 tale
914 2823 1053 2868 agens
1079 2808 1152 2853 vel
1178 2823 1373 2867 semper,
1399 2809 1473 2854 vel
1508 2809 1767 2868 frequenter
1792 2810 1956 2869 patitur
1972 2809 2094 2854 hunc

133 2875 308 2921 virtutis
336 2874 587 2931 defectum;
614 2875 698 2919 erit
724 2885 876 2919 autem
903 2874 1099 2929 casuale,
1127 2875 1165 2919 si
1190 2874 1265 2919 hic
1293 2875 1494 2921 defectus
1535 2890 1638 2921 raro
1675 2875 1815 2920 talem
1850 2876 2095 2921 comitatur

133 2952 361 3002 agentem.

225 3009 279 3054 In
306 3007 542 3066 agentibus
570 3018 723 3052 autem
749 3006 1016 3052 voluntariis
1051 3008 1243 3052 intentio
1278 3018 1343 3053 est
1378 3009 1434 3053 ad
1475 3009 1647 3053 bonum
1681 3009 1866 3068 aliquod
1902 3009 2095 3069 particu-

131 3074 242 3129 lare,
271 3075 308 3119 si
333 3074 466 3119 debet
491 3074 619 3133 sequi
661 3074 803 3129 actio;
829 3089 936 3118 nam
965 3075 1237 3118 universalia
1263 3089 1356 3119 non
1390 3086 1592 3131 movent,
1619 3076 1698 3120 sed
1731 3075 2020 3135 particularia
2043 3077 2094 3121 in

34 3132 63 3166 ³
136 3141 298 3201 quibus
330 3151 399 3185 est
420 3151 559 3185 actus.
589 3140 638 3184 Si
661 3140 798 3198 igitur
823 3140 934 3185 illud
960 3142 1133 3185 bonum
1167 3142 1289 3200 quod
1321 3142 1567 3186 intenditur
1598 3142 1764 3187 habeat
1798 3137 2090 3201 conjunctam

138 3208 440 3269 privationem
480 3206 589 3251 boni
630 3207 881 3251 secundum
904 3208 1143 3261 rationem,
1162 3207 1235 3252 vel
1272 3222 1467 3267 semper,
1490 3209 1561 3253 vel
1599 3209 1869 3268 frequenter,
1893 3210 2093 3268 sequitur

27 3277 79 3333 ³132
133 3273 306 3319 malum
333 3272 522 3333 morale,
547 3288 641 3318 non
674 3273 925 3328 casualiter,
952 3274 1031 3318 sed
1058 3274 1131 3318 vel
1157 3289 1352 3334 semper,
1371 3275 1443 3319 vel
1464 3275 1736 3335 frequenter,
1755 3275 1870 3320 sicut
1897 3286 2019 3334 patet
2043 3276 2091 3320 in

0 3384 2 3389 ,
137 3354 193 3384 eo
225 3340 303 3399 qui
327 3339 424 3383 vult
439 3339 504 3383 uti
522 3338 723 3384 foemina
755 3351 936 3399 propter
962 3340 1331 3394 delectationem,
1371 3343 1443 3385 cui
1469 3341 1759 3386 delectationi
1788 3343 1998 3400 adjuncta
2025 3351 2092 3387 est

0 3398 64 3470 ’[γὶ
135 3406 411 3453 inordinatio
443 3406 684 3460 ·adulterii;
717 3408 836 3451 unde
870 3406 1043 3451 malum
1087 3407 1294 3451 adulterii
1319 3422 1413 3451 non
1445 3410 1646 3467 sequitur
1677 3407 1940 3462 casualiter3
1973 3418 2092 3453 esset

0 3465 3 3519 ᾗ
35 3469 64 3533 {sss
135 3482 287 3524 autem
315 3471 495 3518 casuale
523 3471 712 3527 malum,
738 3473 775 3517 si
803 3473 858 3517 ad
883 3474 928 3518 id
956 3475 1079 3533 quod
1116 3474 1306 3518 intendit
1347 3485 1610 3533 sequeretur
1643 3475 1826 3534 aliquod
1852 3484 2090 3534 peccatum

0 3572 3 3594 ,v
35 3541 77 3600 {454
133 3549 184 3600 ut
211 3539 260 3584 in
285 3540 586 3600 paucioribus,
625 3539 740 3584 sicut
766 3555 907 3599 quum
933 3540 1031 3599 quis
1058 3541 1299 3601 projiciens
1343 3541 1397 3585 ad
1426 3555 1559 3586 avem
1591 3541 1801 3586 interficit
1835 3541 2089 3587 hominem.

0 3661 2 3672 J
137 3603 276 3658 Quod
292 3617 446 3652 autem
467 3606 729 3665 hujusmodi
753 3607 875 3651 bona
902 3605 1063 3666 aliquis
1100 3607 1317 3661 intendat,
1351 3618 1399 3652 ut
1437 3607 1483 3652 in
1516 3607 1732 3667 pluribus,
1755 3607 1915 3667 quibus
1947 3608 2092 3668 priva-

0 3686 2 3694 ·
132 3669 283 3717 tiones
306 3670 416 3717 boni
442 3672 693 3718 secundum
719 3672 945 3718 rationem
971 3683 1321 3733 consequantur,
1349 3688 1403 3719 ex
1433 3674 1523 3719 hoc
1551 3674 1759 3734 provenit
1790 3674 1913 3734 quod
1937 3674 2088 3734 plures

417 3835 438 3850 l
