2332 3854
801 239 956 279 mmm
995 237 1051 277 11.
1093 238 1214 278 cm».
1255 235 1476 276 Lxxxvr.
2012 240 2119 295 259

160 343 218 390 de
241 342 443 404 potentia
463 342 510 388 in
536 349 689 387 actum
715 341 860 387 educi.
894 341 1064 386 Anima
1095 351 1249 387 autem
1279 339 1557 386 intellectiva
1588 353 1683 384 non
1714 348 1864 399 potest
1896 340 2030 386 educi
2062 342 2119 388 de

158 411 362 472 potentia
383 409 626 463 materiae3
651 410 743 467 jam
771 409 894 453 enim
920 422 1055 467 supra
1081 409 1143 467 (c.
1171 407 1264 466 68.)
1299 417 1534 452 ostensum
1572 416 1639 451 est
1677 406 1799 465 quod
1834 406 1933 465 ipsa
1966 408 2120 453 anima

158 477 435 524 intellectiva
462 476 638 522 excedit
662 485 810 520 totum
840 489 974 534 posse
992 475 1225 529 materiae,
1243 489 1384 535 quum
1400 474 1569 519 habeat
1585 473 1784 533 aliquam
1805 474 2120 533 operationem

160 544 328 604 absque
354 543 559 597 materia,
580 553 629 587 ut
653 556 788 602 supra
814 543 874 601 (c.
902 541 992 601 69.)
1023 552 1258 587 ostensum
1277 551 1355 586 est.
1379 541 1487 586 Non
1503 540 1640 600 igitur
1662 541 1816 585 anima
1836 540 2119 587 intellectiva

159 611 206 656 in
226 624 327 656 esse
353 611 557 656 educitur
580 622 660 670 per
690 608 1118 653 transmutationem
1156 610 1396 654 materiae:
1434 617 1479 653 et
1518 608 1583 653 sic
1608 620 1758 667 neque
1783 621 1864 668 per
1890 609 2120 654 actionem

158 676 336 723 virtutis
361 691 478 737 quae
504 686 573 722 est
594 676 640 720 in
667 677 855 721 semine.

249 744 511 789 Praeterea:
537 742 663 787 nulla
686 742 828 787 virtus
865 742 1011 787 activa
1046 742 1138 801 agit
1173 741 1289 787 ultra
1324 755 1459 787 suum
1492 755 1650 801 genus.
1683 740 1776 786 Sed
1808 742 1961 787 anima
1993 741 2123 788 intel·

159 809 324 856 lectiva
360 809 535 855 excedit
556 820 712 866 ‘totum
750 823 893 868 genus
927 822 1215 867 corporeum,
1249 823 1388 868 quum
1425 808 1591 852 habeat
1631 807 1949 868 operationem
1981 823 2119 868 super

159 877 316 923 omnia
342 891 535 936 corpora
561 875 800 930 elevatam,
822 890 937 935 quae
961 886 1028 919 est
1049 875 1314 934 intelligere.
1335 874 1471 919 Nulla
1489 875 1625 934 igitur
1640 875 1781 920 virtus
1799 890 2020 936 corporea
2041 890 2121 936 po-

158 954 247 990 test
270 944 520 1004 producere
547 940 750 988 animam
776 942 1116 987 intellectivam.
1152 942 1242 986 Sed
1276 942 1426 986 omnis
1461 941 1579 986 actio
1612 941 1788 986 virtutis
1822 957 1939 1002 quae
1971 953 2039 988 est
2069 943 2118 987 in

159 1011 333 1056 semine
359 1021 427 1056 est
451 1025 531 1070 per
557 1009 757 1069 aliquam
776 1023 1048 1068 corpoream
1066 1009 1300 1063 virtutem3
1328 1009 1421 1067 agit
1443 1008 1566 1053 enim
1592 1008 1731 1053 virtus
1748 1007 2004 1064 formativa,
2023 1024 2117 1054 me-

159 1077 310 1123 diante
325 1077 491 1137 triplici
518 1077 684 1134 calore,
701 1077 875 1121 scilicet
895 1077 1027 1135 ignis,
1054 1076 1187 1130 coeli,
1210 1086 1254 1120 et
1280 1075 1432 1120 calore
1456 1076 1650 1119 animae.
1677 1076 1783 1121 Non
1809 1077 1946 1135 igitur
1968 1087 2122 1136 potest

158 1144 349 1204 produci
373 1146 420 1188 in
446 1158 544 1189 esse
566 1145 719 1188 anima
743 1144 1020 1188 intellectiva
1046 1158 1126 1202 per
1151 1143 1364 1187 virtutem
1388 1157 1503 1201 quae
1525 1153 1593 1187 est
1616 1143 1663 1186 in
1690 1143 1879 1188 semine.

246 1210 506 1256 Praeterea:
540 1211 782 1255 ridiculum
816 1220 885 1255 est
916 1210 1065 1254 dicere
1099 1209 1299 1268 aliquam
1331 1208 1685 1254 intellectualem
1718 1210 2018 1255 substantiam
2044 1210 2122 1256 vel

44 1269 47 1272 ”
92 1289 94 1291 ’
157 1292 238 1338 per
278 1278 548 1323 divisionem
588 1278 791 1337 corporis
828 1277 982 1332 dividi,
1022 1276 1095 1321 vel
1128 1277 1263 1321 etiarn
1298 1277 1350 1320 ab
1386 1276 1537 1335 aliqua
1562 1276 1725 1322 virtute
1759 1291 1981 1337 corporea
2015 1292 2121 1338 pro-

157 1346 277 1391 duci.
297 1345 386 1391 Sed
404 1346 556 1390 anima
565 1346 766 1390 humana
785 1356 852 1390 est
867 1345 1092 1404 quaedam
1110 1343 1428 1388 intellectualis
1446 1343 1709 1398 substantia,
1722 1353 1771 1388 ut
1784 1358 1918 1404 supra
1936 1345 1996 1403 (c.
2025 1343 2122 1403 68.)

158 1422 391 1458 ostensum
417 1423 498 1457 est.
525 1413 632 1458 Non
658 1414 794 1471 igitur
821 1422 971 1471 potest
997 1412 1086 1455 dici
1112 1411 1235 1470 quod
1262 1411 1485 1455 dividatur
1511 1425 1591 1469 per
1617 1410 1890 1455 divisionem
1915 1411 2120 1466 seminis,

156 1493 306 1539 neque
337 1479 459 1539 quod
485 1480 761 1539 producatur
785 1480 831 1523 in
859 1492 956 1523 esse
983 1493 1007 1522 a
1033 1478 1195 1522 virtute
1229 1478 1377 1522 activa
1411 1491 1526 1536 quae
1561 1486 1627 1521 est
1658 1478 1704 1521 in
1735 1478 1934 1533 semine;
1971 1488 2016 1524 et
2051 1479 2117 1524 sic

156 1545 285 1591 nullo
311 1546 452 1590 modo
479 1561 558 1606 per
582 1546 768 1591 seminis
793 1545 1129 1590 traductionem
1163 1544 1316 1588 anima
1347 1544 1550 1588 humana
1581 1544 1739 1602 incipit
1765 1559 1880 1590 esse.

244 1613 506 1658 Praeterea:
530 1613 568 1657 si
593 1613 827 1670 generatio
854 1612 1044 1670 aliquus
1071 1621 1139 1655 est
1165 1625 1302 1655 causa
1329 1611 1451 1669 quod
1479 1610 1646 1669 aliquid
1673 1611 1745 1666 sit,
1769 1612 2000 1671 corruptio
2021 1613 2119 1671 ejus

157 1679 244 1725 erit
267 1693 403 1725 causa
428 1679 550 1739 quod
575 1679 687 1724 illud
714 1693 812 1724 esse
838 1679 1026 1723 desinat.
1061 1677 1308 1737 Corruptio
1342 1688 1496 1722 autem
1529 1678 1734 1736 corporis
1765 1692 1859 1722 non
1887 1689 1955 1723 est
1980 1694 2120 1725 causa

157 1746 281 1807 quod
313 1747 467 1791 anima
491 1747 692 1790 humana
725 1760 823 1791 esse
856 1745 1043 1799 desinat,
1075 1759 1216 1804 quum
1253 1745 1310 1789 sit
1346 1744 1634 1798 immortalis,
1675 1755 1725 1788 ut
1761 1759 1896 1803 supra
1932 1747 1993 1803 (c.
2026 1747 2118 1806 79.)

159 1823 395 1859 ostensum
421 1823 501 1858 est.
527 1813 688 1872 Neque
715 1813 851 1872 igitur
877 1812 1110 1871 generatio
1131 1811 1335 1871 corporis
1362 1821 1429 1855 est
1456 1825 1594 1855 causa
1613 1812 1734 1869 quod
1754 1813 1906 1857 anima
1931 1813 2120 1872 incipiat

159 1892 272 1926 esse.
296 1879 389 1925 Sed
413 1880 638 1925 traductio
661 1880 847 1925 seminis
875 1890 942 1924 est
968 1893 1105 1923 causa
1129 1878 1312 1938 propria
1338 1878 1645 1937 generationis
1673 1879 1890 1938 corporis.
1917 1880 2024 1925 Non
2051 1890 2119 1925 est

158 1946 296 2006 igitur
318 1947 543 1992 traductio
565 1946 751 1992 seminis
779 1960 915 1990 causa
939 1946 1245 2005 generationis
1273 1946 1452 1989 animae
1477 1945 1524 1988 in
1551 1958 1663 1989 esse.

247 2012 336 2057 Per
359 2013 450 2058 hoc
483 2024 637 2058 autem
663 2012 914 2058 excluditur
939 2027 1064 2057 error
1089 2011 1369 2070 Apollinaris
1396 2022 1440 2056 et
1466 2011 1733 2070 sequacium
1759 2013 1870 2071 ejus,
1897 2013 1975 2072 qui
1999 2013 2121 2059 dixe·

159 2089 278 2134 runt,
300 2089 415 2125 teste
442 2079 669 2139 Gregorio
694 2080 906 2140 Nysseno
933 2081 1026 2139 (De
1058 2079 1223 2140 philos.
1257 2093 1295 2123 c.
1328 2078 1392 2137 6.)
1426 2079 1602 2123 animas
1628 2079 1682 2123 ab
1716 2080 1953 2126 animabus
1985 2095 2119 2140 gene-

160 2146 264 2202 rari,
285 2146 401 2192 sicut
426 2160 453 2191 a
478 2147 744 2207 corporibus
770 2160 979 2206 corpora.

820 2317 1076 2374 CAPUT
1111 2317 1450 2373 LXXXVII.

367 2451 526 2499 QUOD
566 2451 739 2492 ANIMA
778 2452 1012 2491 HUMANA
1049 2452 1423 2491 PRODUCATUR
1463 2453 1519 2492 IN
1558 2453 1684 2492 ESSE
1724 2453 1759 2492 A
1798 2453 1913 2493 DEO

879 2527 979 2565 PER
1020 2527 1392 2566 CREATIONEM.

777 2629 832 2686 (I.
853 2635 969 2690 part.
1002 2636 1154 2688 quaest.
1181 2628 1272 2674 XC.
1306 2636 1390 2675 art.
1422 2630 1499 2687 2.).

248 2738 315 2783 Ex
338 2738 409 2784 his
442 2748 595 2784 autern
621 2753 737 2799 quae
763 2739 882 2784 dicta
913 2750 1017 2784 sunt
1043 2740 1222 2785 ostendi
1252 2750 1403 2799 potest
1433 2741 1554 2800 quod
1591 2740 1716 2787 solus
1752 2742 1878 2786 Deus
1911 2742 2115 2787 animam

44 2786 46 2788 ’
66 2776 107 2801 37⁴„

6 2792 104 2857 1⁴¹*
156 2804 410 2852 humanam
440 2807 488 2850 in
513 2819 612 2850 esse
637 2806 859 2865 producit

250 2871 405 2918 Omne
431 2873 554 2916 enirn
580 2873 735 2931 quod
724 2887 769 2916 1n
798 2887 895 2917 esse
922 2873 1201 2932 producitur„
1234 2874 1306 2918 vel
1332 2885 1574 2934 generatur
1599 2890 1680 2935 per
1705 2890 1768 2930 se,
1796 2886 1873 2920 aut
1894 2890 1974 2935 per
1997 2876 2117 2921 acci-

81 2931 88 2940 ”
161 2936 285 2992 dens,
309 2938 383 2983 vel
410 2949 598 2983 creatur.
626 2939 796 2983 Anima
823 2949 975 2983 autem
991 2940 1194 2982 humana
1219 2955 1313 2984 non
1335 2951 1576 2998 generatur
1598 2957 1677 3000 per
1693 2957 1756 2996 se,
1775 2957 1915 3001 quum
1941 2957 2035 2987 non
2058 2943 2115 2988 sit

48 2991 94 3058 ‚Tsfg
161 3005 416 3065 composita
442 3019 495 3049 ex
517 3005 708 3050 materia
734 3016 778 3050 et
802 3005 965 3059 forma,
989 3016 1037 3049 ut
1058 3020 1192 3064 supra
1220 3007 1280 3062 (e.
1308 3018 1372 3063 50.
1393 3017 1436 3050 et
1453 3008 1570 3064 seq.)
1595 3019 1827 3052 ostensum
1855 3019 1943 3064 est;
1967 3024 2116 3068 neque

54 3074 71 3103 ’ἶ
105 3126 109 3131 ι
161 3082 399 3131 generatur
424 3086 504 3131 per
529 3072 762 3127 accidens;
790 3086 930 3131 quum
951 3072 1074 3116 enim
1102 3072 1158 3116 sit
1179 3070 1327 3116 forma
1355 3073 1574 3148 corporis,
1601 3082 1894 3131 generaretur
1915 3086 1995 3131 per
2021 3087 2118 3117 cor-

18 3755 36 3829 fffAr
18 3681 32 3709 ’Ὗ
18 3659 29 3666 -”
31 3633 34 3636 .

38 3823 42 3828 =<
34 3793 47 3803 1„
35 3629 53 3761 '†fflk.‹=,2e,;.··⁴

39 3726 82 3854 aaa&
52 3641 61 3653 v,

163 3138 286 3198 poris
313 3139 653 3198 generationem
680 3153 795 3197 quae
813 3149 880 3183 est
897 3152 951 3182 ex
975 3139 1138 3182 virtute
1166 3139 1313 3182 activa
1339 3139 1540 3192 seminis,
1567 3139 1688 3197 quod
1714 3139 2023 3197 improbatum
2049 3149 2117 3184 est

162 3204 224 3274 (c.
237 3202 343 3262 86..)
355 3205 514 3258 Quum
531 3218 642 3263 ergo
659 3205 810 3249 anima
828 3206 1029 3249 humana
1047 3205 1101 3249 de
1120 3219 1243 3249 novo
1263 3219 1362 3250 esse
1379 3206 1578 3265 incipiat,
1595 3220 1689 3250 non
1707 3209 1830 3250 enirn
1849 3217 1916 3251 est
1933 3216 2116 3251 aeterna

159 3282 246 3316 nec
263 3270 543 3330 praeexsistit
568 3272 763 3330 corpori,
780 3281 829 3316 ut
849 3286 983 3331 supra
1002 3274 1062 3328 (c.
1090 3273 1142 3331 83
1151 3272 1183 3329 .)
1202 3282 1438 3316 ostensum
1457 3283 1537 3326 est,
1565 3272 1831 3331 relinquitur
1848 3272 1969 3332 quod
1988 3284 2116 3318 exeat

158 3335 209 3381 in
234 3350 332 3382 esse
357 3351 438 3397 per
459 3337 752 3382 creationem.
782 3338 1033 3383 Ostensum
1066 3349 1133 3383 est
1159 3349 1311 3383 autern
1334 3353 1468 3398 supra
1494 3340 1553 3396 (c.
1583 3340 1674 3396 21.)
1694 3341 1815 3397 quod
1842 3339 1967 3384 solus
1990 3340 2116 3385 Deus

162 3412 311 3465 potest
334 3417 500 3448 creare.
528 3403 665 3449 Solus
689 3404 825 3463 igitur
850 3405 945 3464 ipse
972 3405 1173 3448 animam
1199 3406 1485 3449 humanam·
1475 3420 1520 3448 m
1546 3419 1643 3450 esse
1670 3406 1890 3463 producit.

252 3469 484 3528 Amplius:
511 3483 650 3514 omne
675 3469 786 3515 illud
813 3473 940 3530 cujus
971 3472 1221 3516 substantia
1247 3485 1339 3515 non
1367 3480 1434 3516 est
1459 3486 1592 3516 suum
1619 3486 1734 3527 esse,
1758 3472 1898 3518 habet
1921 3474 1991 3519 sui
2016 3488 2115 3520 esse

166 3544 413 3590 auctorem,
431 3546 627 3597 utsupra
644 3538 705 3594 (c.
732 3538 819 3596 15.)
836 3547 1069 3584 ostensum
1088 3549 1168 3583 est.
1186 3538 1356 3583 Anima
1379 3548 1531 3583 autem
1554 3539 1756 3584 humana
1773 3554 1867 3585 non
1890 3550 1957 3587 est
1980 3556 2115 3587 suum

102 3628 107 3630 >
166 3612 288 3660 ἕσσω
311 3602 403 3650 hoc
428 3604 552 3650 enim
577 3602 717 3650 solius
748 3604 837 3650 Dei
868 3615 949 3652 est.
983 3606 1132 3651 Habet
1162 3606 1297 3664 igitur
1329 3620 1515 3652 causam
1547 3607 1743 3653 activam
1775 3607 1845 3654 sui
1876 3622 1988 3655 esse.
2023 3609 2114 3656 Sed
