2332 3854
292 156 395 209 522
966 155 1122 194 LIBER
1161 154 1237 192 111.
1279 154 1401 192 CAP.
1444 154 1572 192 CLII.

288 253 438 317 prium
465 267 531 302 est
562 257 682 302 idem
710 257 829 302 velle
856 267 900 300 et
931 256 1070 311 nolle,
1097 266 1142 300 et
1167 256 1223 300 de
1249 252 1419 300 eisdem
1447 255 1643 315 gaudere
1670 265 1716 301 et
1740 256 1909 302 dolere.
1935 257 2026 302 Per
2037 259 2242 318 ‘gratiam

289 338 398 383 ergo
417 335 598 382 gratum
615 324 859 368 facientem
884 324 1029 367 homo
1057 322 1344 367 constituitur
1367 322 1457 366 Dei
1482 322 1687 378 dilector,
1715 337 1855 383 quum
1872 338 1953 383 per
1974 337 2079 369 eam
2091 325 2244 371 'homo

289 391 506 449 dirigatur
532 392 578 435 in
604 391 743 434 finem
777 391 818 433 ei
852 389 1246 433 communicatum
1274 403 1299 432 a
1323 389 1444 433 Deo.

376 457 611 516 Amplius:
645 472 786 516 quum
812 456 911 500 finis
946 466 990 500 et
1015 456 1189 499 bonum
1214 455 1272 500 sit
1296 456 1531 515 proprium
1564 456 1793 514 obiectum
1816 457 2042 516 appetitus
2065 457 2246 514 sive‘af-

286 523 445 577 fectus,
479 533 660 582 oportet
691 522 812 580 quod
844 537 924 580 per
955 522 1149 580 gratiam
1176 532 1356 580 gratum
1382 521 1641 576 facientem,
1667 536 1784 581 quae
1819 522 2060 568 hominem
2089 524 2248 585 *dirigit

286 591 331 633 in
359 590 570 633 ultimum
597 589 749 643 finem,
769 588 954 632 affectus
970 588 1171 632 hominis
1188 588 1496 648 principaliter
1511 588 1782 648 perficiatur.
1800 589 2068 650 Principalis
2091 591 2244 636 autem

286 657 503 717 perfectio
538 656 723 701 affectus
751 667 818 700 est
844 656 1053 719 dilecti03
1081 658 1208 716 cujus
1235 657 1417 716 signum
1444 667 1510 701 est
1536 656 1659 716 quod
1691 657 1842 701 omnis
1879 668 2031 702 motus
2058 657 2246 704 affectus

286 724 339 767 ab
368 738 525 767 amore
548 723 798 777 derivatur;
830 722 982 767 nullus
1015 723 1139 767 enim
1165 723 1403 778 desiderat,
1430 733 1507 767 aut
1532 733 1695 782 sperat,
1723 732 1800 767 aut
1825 724 2007 782 gaudet,
2029 725 2115 769 nisi
2136 738 2244 784 pro-

285 800 383 849 pter
406 791 579 833 bonum
607 800 835 847 amatum3
863 789 1074 834 similiter
1110 800 1261 834 autem
1301 804 1450 849 neque
1492 789 1653 849 aliquis
1679 789 1857 849 refugit,
1889 799 1968 835 aut
1988 791 2135 846 timet,
2166 798 2245 836 au't

283 857 495 910 tristatur,
516 865 590 899 aut
613 857 833 909 irascitur,
859 855 947 900 nisi
971 866 1155 916 propter
1180 856 1224 901 id
1251 857 1383 916 quod,
1401 857 1702 901 contrariatur
1725 857 1849 901 bono
1876 867 2046 904 amatu.
2070 857 2246 902 Princi-

284 922 397 981 palis
424 936 534 980 ergo
563 921 746 966 effectus
779 923 951 981 gratiae
979 933 1159 982 gratum
1184 922 1389 967 facientis
1422 933 1490 967 est
1514 932 1562 967 ut
1587 923 1733 967 homo
1759 923 1911 968 Deum
1938 923 2110 982 diligat.
2135 921 2136 924 ’

374 989 510 1034 Item:
544 988 692 1032 forma
718 1003 797 1047 per
839 1004 976 1048 quam
1017 1004 1089 1034 res
1125 990 1358 1034 ordinatur
1388 990 1434 1034 in
1461 990 1660 1048 aliquem
1699 989 1839 1034 finem
1877 990 2103 1035 assimilat
2134 1002 2245 1050 quo·

286 1056 661 1100 dammodo-rem
695 1056 822 1100 illam
854 1056 957 1111 fini;
984 1057 1101 1101 sicut
1126 1071 1290 1116 corpus
1317 1071 1396 1114 per
1420 1055 1618 1101 formam
1645 1056 1876 1114 gravitatis
1903 1057 2094 1116 acquirit
2118 1056 2241 1101 simi-

284 1122 523 1166 litudinem
552 1132 596 1166 et
622 1121 999 1166 conformitatem
1023 1124 1078 1166 ad
1111 1122 1266 1167 locum
1294 1123 1349 1167 ad
1371 1137 1508 1182 quem
1534 1122 1798 1182 naturaliter
1821 1132 2047 1167 movetur.
2078 1122 2245 1168 Osten-

287 1203 391 1232 sum
414 1199 482 1233 est
508 1199 661 1232 autem
688 1189 810 1247 quod
838 1189 983 1247 gratia
1015 1198 1195 1248 gratum
1228 1188 1399 1233 faciens
1432 1199 1499 1234 est
1530 1189 1755 1248 quaedam
1786 1188 1935 1233 forma
1961 1190 2007 1233 in
2038 1189 2245 1243 homine,
2327 1232 2332 1250 ζ,

287 1269 366 1314 per
392 1270 528 1314 quam
556 1255 791 1300 ordinatur
813 1255 867 1298 ad
895 1255 1106 1299 ultimum
1134 1255 1288 1309 finem,
1306 1257 1383 1314 qui
1399 1257 1525 1300 Deus
1551 1266 1630 1300 est.
1655 1256 1743 1300 Per
1758 1255 1950 1315 gratiam
1974 1268 2085 1316 ergo
2101 1256 2246 1301 homo
2322 1251 2332 1306 J}

284 1322 373 1365 Dei
390 1322 734 1366 similitudinem
762 1322 1066 1380 consequitur.
1094 1322 1356 1366 Similitudo
1384 1332 1535 1366 autem
1563 1333 1631 1367 est
1656 1322 1911 1367 dilectionis
1929 1331 2247 1384 causa39mne
2320 1323 2324 1374 J

289 1388 414 1432 enim
440 1388 587 1432 simile
614 1388 761 1447 diligit
787 1389 871 1432 sibi
897 1388 1058 1433 simile.
1087 1389 1173 1433 Per
1190 1389 1384 1448 gratiam
1410 1404 1520 1448 ergo
1546 1388 1693 1434 homo
1719 1388 1914 1433 efficitur
1928 1389 2017 1434 Dei
2040 1389 2244 1434 dilector.

375 1455 639 1499 Praeterea:
665 1456 719 1499 ad
746 1454 1051 1514 perfectiones
1078 1457 1356 1515 operationis
1382 1456 1624 1515 requiritur
1649 1456 1771 1515 quod
1794 1456 1957 1515 aliquis
1983 1465 2244 1514 constanter

289 1531 332 1566 et
354 1532 564 1581 prompte
592 1532 816 1580 operetur.
844 1522 946 1566 Hoc
975 1532 1127 1566 autem
1153 1523 1396 1582 praecipue
1421 1522 1530 1567 facit
1556 1516 1700 1579 amor,
1726 1532 1911 1583 propter
1935 1536 2074 1582 quem
2097 1523 2245 1568 'etiam
2318 1550 2332 1580 -ξ

289 1588 489 1633 difficilia
522 1599 566 1633 et
613 1589 767 1647 gravia
799 1589 918 1633 levia
949 1589 1172 1634 videntur.
1209 1590 1369 1642 Quum
1409 1590 1547 1649 igitur
1579 1604 1632 1634 ex
1666 1591 1808 1648 gratia
1840 1596 2020 1648 gratum
2051 1588 2245 1647 faciente
2323 1582 2332 1648 ξ

289 1665 500 1714 oporteat
523 1656 725 1700 hominis
751 1656 1041 1714 operationes
1073 1655 1296 1715 perfectas
1321 1657 1432 1711 fieri,
1459 1667 1509 1701 ut
1534 1671 1588 1701 ex
1614 1656 1744 1701 dictis
1770 1666 1906 1716 patet,
1931 1658 2242 1702 necessarium

288 1733 355 1767 est
381 1723 502 1781 quod
525 1737 606 1782 per
627 1723 838 1767 eamdem
865 1725 1057 1782 gratiam
1079 1724 1168 1767 Dei
1193 1723 1378 1768 dilectio
1406 1724 1706 1768 constituatur
1735 1723 1784 1767 in
1813 1723 1959 1768 nobis.
2323 1723 2332 1735 ⁴

379 1790 498 1833 Hinc
526 1800 594 1834 est
620 1791 741 1849 quod
775 1790 884 1834 dicit
910 1790 1161 1849 Apostolus
1202 1791 1360 1850 (Rom.
1386 1790 1442 1834 V.
1475 1791 1560 1849 5.):
1599 1791 1770 1836 Caritas
1803 1791 1891 1835 Dei
1923 1790 2072 1849 diffusa
2111 1792 2169 1836 es't
2198 1791 2244 1834 in

291 1857 481 1902 cordibus
506 1859 658 1902 nostris
670 1865 749 1916 per
773 1857 980 1916 Spiritum
1010 1858 1225 1911 Sanctum,
1260 1859 1332 1916 qui
1363 1857 1482 1902 datus
1507 1863 1560 1902 est
1584 1859 1715 1903 nobis.
1748 1856 1978 1902 Dominus
2003 1865 2156 1902 autem
2183 1856 2245 1900 di·

288 1924 534 1968 lectoribus
576 1924 668 1968 suis
699 1924 928 1968 visionem
968 1938 1099 1968 suam
1130 1924 1420 1983 repromittit,
1453 1924 1607 1968 dicens
1639 1924 1820 1982 (Joann.
1846 1922 1971 1967 XIV.
2005 1921 2122 1980 213:
2145 1923 2246 1980 *Qui
2322 1911 2332 1949 ἕ

289 1991 427 2050 diligit
451 2006 529 2045 me,
560 1991 753 2050 diligitur
777 2005 803 2035 a
829 1992 955 2035 Patre
980 2005 1096 2036 meo:
1123 1998 1162 2036 et
1186 2006 1255 2049 ego
1278 1991 1451 2049 diligam
1474 2006 1581 2044 eum,
1613 1995 1651 2036 et
1679 1990 1952 2046 manifestabo
1973 1991 2011 2034 ei
2033 1990 2247 2049 meipsum.

288 2058 422 2102 Unde
454 2068 577 2117 patet
602 2058 725 2117 qu⁰d
753 2057 912 2117 grati&
938 2072 1053 2117 <lu-2²e
1081 2058 1137 2102 ad
1168 2057 1309 2102 finem
1336 2057 1515 2102 divinae
1541 2056 1730 2102 visionis
1756 2056 1922 2116 dirigit,
1954 2055 2248 2101 dilectionem
2325 2072 2331 2086 i

284 2125 372 2169 Dei
395 2135 551 2170 causat
575 2126 622 2169 in
643 2125 790 2169 nobis.

1011 2279 1265 2336 CAPUT
1309 2279 1507 2336 CLIII.

519 2415 678 2461 QUOD
720 2415 913 2455 DIVINA
954 2415 1158 2455 GRATIA
1199 2415 1415 2454 CAUSAT
1455 2415 1512 2455 IN
1550 2414 1712 2455 NOBIS
1753 2414 1941 2453 FIDEM-

377 2523 444 2566 Ex
486 2523 577 2567 hoc
609 2534 762 2567 autem
800 2524 920 2582 quod
955 2524 1106 2568 divina
1139 2525 1283 2583 gratia
1317 2524 1550 2568 caritatem
1583 2524 1630 2567 in
1662 2524 1795 2568 nobis
1834 2532 2004 2577 caus-at,
2034 2519 2243 2567 necess'a-

288 2590 407 2633 rium
435 2600 502 2634 est
528 2591 652 2649 quod
678 2591 816 2634 etiarn
845 2593 889 2634 in
916 2591 1047 2634 nobis
1075 2591 1187 2635 fides
1214 2605 1293 2650 per
1316 2592 1507 2650 gratiam
1539 2601 1760 2635 causetur.
2311 2632 2329 2646 .‚

377 2657 531 2701 Motus
561 2658 684 2700 enirn
715 2672 807 2717 quo
845 2671 924 2716 per
937 2660 1130 2716 gratiam
1153 2659 1198 2701 in
1222 2658 1433 2702 ultimum
1450 2658 1590 2702 finem
1608 2658 1844 2716 dirigimur
1860 2665 1927 2702 est
1949 2655 2248 2711 voluntarius,
2318 2678 2329 2707 ·.

288 2739 383 2768 non
405 2724 647 2778 violentus,
666 2733 714 2768 ut
730 2739 863 2784 supra
877 2727 937 2783 (c.
958 2726 1074 2785 149.)
1095 2735 1329 2769 ostensum
1353 2735 1432 2770 est.
1450 2724 1744 2769 Voluntarius
1762 2734 1914 2768 autem
1932 2723 2148 2768 motusin
2170 2723 2248 2767 ali-
2308 2770 2311 2777 ,-

286 2791 391 2850 quid
406 2805 503 2835 esse
513 2805 606 2835 non
620 2802 781 2851 potest,
807 2793 894 2835 nisi
907 2792 964 2836 sit
980 2792 1230 2850 cognitum.
1247 2792 1444 2851 Oportet
1465 2792 1601 2850 igitur
1618 2791 1739 2850 quod
1752 2805 1832 2850 per
1844 2790 2039 2849 gratiam
2050 2792 2095 2834 in
2111 2790 2244 2834 nobis

291 2859 494 2917 cognitio
522 2858 670 2902 ultimi
691 2858 792 2902 finis
810 2859 1128 2918 praestituatur
1155 2860 1210 2902 ad
1232 2859 1323 2902 hoc
1348 2859 1470 2917 quod
1487 2858 1742 2902 voluntarie
1760 2857 2064 2916 dirigamurin
2080 2857 2246 2916 ipsum.
2308 2859 2311 2862 ’

293 2925 417 2969 Haec
446 2936 597 2969 autern
626 2926 830 2984 cognitio
857 2940 951 2969 non
979 2935 1129 2984 potest
1160 2939 1258 2969 esse
1286 2926 1536 2970 secundum
1564 2935 1767 2984 apertam
1799 2925 2025 2968 visionem
2056 2923 2102 2968 in
2129 2932 2247 2968 statu
2306 2938 2319 2985 j

290 2993 393 3046 isto,
411 3002 459 3036 ut
476 3007 611 3057 supra
626 2994 686 3050 (c.
704 2992 800 3049 48.)
823 2994 1061 3051 probatum
1083 3003 1163 3037 est.
1189 2993 1387 3051 Oportet
1403 2993 1540 3051 igitur
1556 2992 1678 3051 quod
1701 2992 1758 3036 sit
1779 2991 1983 3050 cognitio
1999 3004 2080 3050 per
2094 2988 2247 3034 fidem.
2305 2998 2311 3043 ζ

376 3060 610 3119 Amplius:
633 3060 678 3103 in
699 3060 902 3119 quolibet
921 3070 1244 3119 cognoscente,
1262 3060 1427 3103 modus
1450 3058 1726 3117 cognitionis
1746 3058 2037 3117 consequitur
2057 3057 2249 3101 modum

287 3129 499 3185 propriae
527 3136 735 3180 naturae3
762 3127 882 3170 unde
910 3126 1023 3171 alius
1051 3127 1217 3171 modus
1250 3126 1525 3184 cognitionis
1552 3135 1620 3169 est
1646 3124 1808 3184 angeli,
1824 3124 2040 3179 hominis,
2057 3132 2103 3168 et
2126 3122 2248 3168 bruti

291 3193 513 3246 animalis,
554 3195 804 3238 secundum
843 3194 965 3253 quod
999 3208 1158 3238 eorum
1202 3202 1390 3236 naturae
1424 3193 1627 3236 diversae
1661 3201 1778 3246 sunt,
1819 3201 1867 3236 ut
1898 3205 1953 3236 ex
1990 3189 2249 3250 praemissis

290 3269 423 3336 patet.
460 3260 549 3304 Sed
582 3261 775 3315 homini,
803 3261 857 3304 ad
893 3260 1267 3319 consequendum
1296 3258 1509 3303 ultimum
1542 3259 1695 3312 finem,
1729 3257 1906 3303 additur
1930 3256 2083 3317 aliqua
2107 3254 2249 3315 perfe-
2307 3293 2328 3308 „.

289 3327 379 3371 ctio
407 3341 542 3386 super
559 3328 789 3386 propriam
808 3338 1033 3381 naturam,
1052 3327 1225 3371 scilicet
1240 3327 1397 3384 gratia,
1415 3336 1464 3370 ut
1482 3336 1716 3371 ostensum
1735 3335 1810 3370 est
1817 3325 1879 3384 (c.
1910 3323 2029 3381 148.)
2052 3323 2250 3383 Oportet
2288 3314 2327 3394 ’ἒ

288 3394 423 3451 igitur
450 3394 571 3452 quod
595 3395 731 3438 etiam
750 3409 885 3453 super
903 3395 1217 3452 cognitionem
1238 3392 1492 3437 naturalem
1516 3393 1719 3437 hominis
1738 3392 1927 3437 addatur
1950 3392 1999 3436 in
2022 3403 2080 3436 eo
2097 3388 2310 3452 aliqua
2301 3391 2325 3446 Ξ

289 3461 491 3517 cognitio
519 3475 635 3519 quae
659 3462 884 3505 rationem
916 3460 1173 3505 naturalem
1200 3460 1411 3513 excedat3
1439 3470 1483 3504 et
1507 3460 1623 3504 haec
1650 3468 1718 3503 est
1745 3457 1948 3518 cognitio
1972 3448 2094 3512 fidei,
2129 3469 2247 3516 quae
2301 3445 2332 3507 κέ

289 3536 355 3570 cst
388 3526 442 3570 de
468 3527 539 3571 his
562 3541 676 3587 quae
706 3542 799 3572 non
825 3528 1036 3573 videntur
1061 3541 1139 3586 per
1171 3527 1394 3572 rationem
1421 3526 1690 3571 naturalem.
