<?xml version="1.0" encoding="UTF-8"?>
<!DOCTYPE html PUBLIC "-//W3C//DTD XHTML 1.0 Transitional//EN"
    "http://www.w3.org/TR/xhtml1/DTD/xhtml1-transitional.dtd">
<html xmlns="http://www.w3.org/1999/xhtml" xml:lang="en" lang="en">
 <head>
  <title>
</title>
<meta http-equiv="Content-Type" content="text/html;charset=utf-8" />
  <meta name='ocr-system' content='tesseract 3.04.00' />
  <meta name='ocr-capabilities' content='ocr_page ocr_carea ocr_par ocr_line ocrx_word'/>
</head>
<body>
  <div class='ocr_page' id='page_1' title='image "./divithomaeaquina00thom_0049.png"; bbox 0 0 2332 3854; ppageno 0'>
   <div class='ocr_carea' id='block_1_1' title="bbox 0 0 166 404">
    <p class='ocr_par' dir='ltr' id='par_1_1' title="bbox 0 0 166 404">
     <span class='ocr_line' id='line_1_1' title="bbox 0 0 166 404; baseline 0 0"><span class='ocrx_word' id='word_1_1' title='bbox 0 0 166 404; x_wconf 95' lang='lat' dir='ltr'>  </span> 
     </span>
    </p>
   </div>
   <div class='ocr_carea' id='block_1_2' title="bbox 808 220 2093 277">
    <p class='ocr_par' dir='ltr' id='par_1_2' title="bbox 808 220 2093 277">
     <span class='ocr_line' id='line_1_2' title="bbox 808 220 2093 277; baseline -0.005 -12"><span class='ocrx_word' id='word_1_2' title='bbox 808 220 2093 277; x_wconf 77' lang='lat' dir='ltr'>LtBERI.CAP.xxv11.37</span> 
     </span>
    </p>
   </div>
   <div class='ocr_carea' id='block_1_3' title="bbox 60 306 2100 1578">
    <p class='ocr_par' dir='ltr' id='par_1_3' title="bbox 74 306 2100 857">
     <span class='ocr_line' id='line_1_3' title="bbox 74 306 2098 435; baseline -0.006 -57.681"><span class='ocrx_word' id='word_1_3' title='bbox 74 306 255 435; x_wconf 51' lang='lat' dir='ltr'>{ahin</span> <span class='ocrx_word' id='word_1_4' title='bbox 277 344 332 376; x_wconf 86' lang='lat' dir='ltr'>ex</span> <span class='ocrx_word' id='word_1_5' title='bbox 361 330 537 390; x_wconf 84' lang='lat' dir='ltr'>seipso;</span> <span class='ocrx_word' id='word_1_6' title='bbox 563 337 743 390; x_wconf 87' lang='lat' dir='ltr'>oportet</span> <span class='ocrx_word' id='word_1_7' title='bbox 767 329 904 388; x_wconf 89' lang='lat' dir='ltr'>igitur</span> <span class='ocrx_word' id='word_1_8' title='bbox 935 343 1070 389; x_wconf 89' lang='lat' dir='ltr'>supra</span> <span class='ocrx_word' id='word_1_9' title='bbox 1096 341 1288 374; x_wconf 87' lang='lat' dir='ltr'>movens</span> <span class='ocrx_word' id='word_1_10' title='bbox 1320 326 1521 384; x_wconf 90' lang='lat' dir='ltr'>seipsum</span> <span class='ocrx_word' id='word_1_11' title='bbox 1553 337 1724 384; x_wconf 89' lang='lat' dir='ltr'>ponere</span> <span class='ocrx_word' id='word_1_12' title='bbox 1751 322 1871 367; x_wconf 89' lang='lat' dir='ltr'>aliud</span> <span class='ocrx_word' id='word_1_13' title='bbox 1898 323 2098 382; x_wconf 90' lang='lat' dir='ltr'>primum</span> 
     </span>
     <span class='ocr_line' id='line_1_4' title="bbox 114 390 2096 472; baseline -0.005 -29.867"><span class='ocrx_word' id='word_1_14' title='bbox 114 403 348 452; x_wconf 71' lang='lat' dir='ltr'>-movens,</span> <span class='ocrx_word' id='word_1_15' title='bbox 373 397 496 456; x_wconf 89' lang='lat' dir='ltr'>quod</span> <span class='ocrx_word' id='word_1_16' title='bbox 520 395 738 455; x_wconf 87' lang='lat' dir='ltr'>largiatur</span> <span class='ocrx_word' id='word_1_17' title='bbox 769 396 1116 472; x_wconf 82' lang='lat' dir='ltr'>perpetuitatem</span> <span class='ocrx_word' id='word_1_18' title='bbox 1148 403 1315 440; x_wconf 88' lang='lat' dir='ltr'>motus.</span> <span class='ocrx_word' id='word_1_19' title='bbox 1349 393 1406 438; x_wconf 91' lang='lat' dir='ltr'>Et</span> <span class='ocrx_word' id='word_1_20' title='bbox 1436 393 1500 437; x_wconf 90' lang='lat' dir='ltr'>sic</span> <span class='ocrx_word' id='word_1_21' title='bbox 1526 392 1668 444; x_wconf 90' lang='lat' dir='ltr'>Deus,</span> <span class='ocrx_word' id='word_1_22' title='bbox 1702 390 1778 448; x_wconf 91' lang='lat' dir='ltr'>qui</span> <span class='ocrx_word' id='word_1_23' title='bbox 1805 399 1872 434; x_wconf 91' lang='lat' dir='ltr'>est</span> <span class='ocrx_word' id='word_1_24' title='bbox 1898 391 2096 448; x_wconf 85' lang='lat' dir='ltr'>primum</span> 
     </span>
     <span class='ocr_line' id='line_1_5' title="bbox 102 453 2097 519; baseline -0.005 -10.825"><span class='ocrx_word' id='word_1_25' title='bbox 102 470 347 518; x_wconf 58' lang='lat' dir='ltr'>movens,</span> <span class='ocrx_word' id='word_1_26' title='bbox 372 477 466 508; x_wconf 89' lang='lat' dir='ltr'>non</span> <span class='ocrx_word' id='word_1_27' title='bbox 493 473 561 508; x_wconf 91' lang='lat' dir='ltr'>est</span> <span class='ocrx_word' id='word_1_28' title='bbox 591 461 739 507; x_wconf 85' lang='lat' dir='ltr'>forma</span> <span class='ocrx_word' id='word_1_29' title='bbox 765 463 971 519; x_wconf 91' lang='lat' dir='ltr'>corporis</span> <span class='ocrx_word' id='word_1_30' title='bbox 998 453 1223 506; x_wconf 78' lang='lat' dir='ltr'>moventis</span> <span class='ocrx_word' id='word_1_31' title='bbox 1246 460 1459 519; x_wconf 88' lang='lat' dir='ltr'>seipsum.</span> <span class='ocrx_word' id='word_1_32' title='bbox 1483 458 1563 503; x_wconf 89' lang='lat' dir='ltr'>Est</span> <span class='ocrx_word' id='word_1_33' title='bbox 1581 468 1732 501; x_wconf 86' lang='lat' dir='ltr'>autem</span> <span class='ocrx_word' id='word_1_34' title='bbox 1755 456 1830 499; x_wconf 87' lang='lat' dir='ltr'>hic</span> <span class='ocrx_word' id='word_1_35' title='bbox 1857 470 2097 514; x_wconf 87' lang='lat' dir='ltr'>processus</span> 
     </span>
     <span class='ocr_line' id='line_1_6' title="bbox 80 518 2100 603; baseline -0.005 -28.741"><span class='ocrx_word' id='word_1_36' title='bbox 80 518 261 582; x_wconf 57' lang='lat' dir='ltr'>annis</span> <span class='ocrx_word' id='word_1_37' title='bbox 285 529 557 589; x_wconf 87' lang='lat' dir='ltr'>ponentibus</span> <span class='ocrx_word' id='word_1_38' title='bbox 584 529 897 573; x_wconf 86' lang='lat' dir='ltr'>aeternitatem</span> <span class='ocrx_word' id='word_1_39' title='bbox 925 538 1102 582; x_wconf 89' lang='lat' dir='ltr'>motus;</span> <span class='ocrx_word' id='word_1_40' title='bbox 1130 542 1220 587; x_wconf 90' lang='lat' dir='ltr'>quo</span> <span class='ocrx_word' id='word_1_41' title='bbox 1252 540 1347 571; x_wconf 89' lang='lat' dir='ltr'>non</span> <span class='ocrx_word' id='word_1_42' title='bbox 1374 526 1539 603; x_wconf 82' lang='lat' dir='ltr'>posito,</span> <span class='ocrx_word' id='word_1_43' title='bbox 1571 523 1733 568; x_wconf 91' lang='lat' dir='ltr'>eadem</span> <span class='ocrx_word' id='word_1_44' title='bbox 1761 523 1995 566; x_wconf 88' lang='lat' dir='ltr'>conclusio</span> <span class='ocrx_word' id='word_1_45' title='bbox 2022 523 2100 566; x_wconf 89' lang='lat' dir='ltr'>ha-</span> 
     </span>
     <span class='ocr_line' id='line_1_7' title="bbox 81 590 2098 663; baseline -0.006 -18.709"><span class='ocrx_word' id='word_1_46' title='bbox 81 592 236 663; x_wconf 50' lang='lat' dir='ltr'>{hen</span> <span class='ocrx_word' id='word_1_47' title='bbox 255 606 405 656; x_wconf 88' lang='lat' dir='ltr'>potest</span> <span class='ocrx_word' id='word_1_48' title='bbox 436 610 492 641; x_wconf 83' lang='lat' dir='ltr'>ex</span> <span class='ocrx_word' id='word_1_49' title='bbox 523 595 813 654; x_wconf 84' lang='lat' dir='ltr'>regularitate</span> <span class='ocrx_word' id='word_1_50' title='bbox 844 605 998 639; x_wconf 85' lang='lat' dir='ltr'>motus</span> <span class='ocrx_word' id='word_1_51' title='bbox 1031 594 1163 639; x_wconf 89' lang='lat' dir='ltr'>coeli.</span> <span class='ocrx_word' id='word_1_52' title='bbox 1193 594 1320 638; x_wconf 89' lang='lat' dir='ltr'>Sicut</span> <span class='ocrx_word' id='word_1_53' title='bbox 1346 594 1469 638; x_wconf 89' lang='lat' dir='ltr'>enim</span> <span class='ocrx_word' id='word_1_54' title='bbox 1502 605 1694 636; x_wconf 90' lang='lat' dir='ltr'>movens</span> <span class='ocrx_word' id='word_1_55' title='bbox 1722 590 1919 648; x_wconf 89' lang='lat' dir='ltr'>seipsum</span> <span class='ocrx_word' id='word_1_56' title='bbox 1948 600 2098 648; x_wconf 87' lang='lat' dir='ltr'>potest</span> 
     </span>
     <span class='ocr_line' id='line_1_8' title="bbox 83 656 2098 731; baseline -0.006 -20.697"><span class='ocrx_word' id='word_1_57' title='bbox 83 660 373 731; x_wconf 54' lang='lat' dir='ltr'>{quiescere</span> <span class='ocrx_word' id='word_1_58' title='bbox 395 673 439 708; x_wconf 86' lang='lat' dir='ltr'>et</span> <span class='ocrx_word' id='word_1_59' title='bbox 463 662 654 716; x_wconf 87' lang='lat' dir='ltr'>moveri,</span> <span class='ocrx_word' id='word_1_60' title='bbox 685 662 749 707; x_wconf 81' lang='lat' dir='ltr'>ita</span> <span class='ocrx_word' id='word_1_61' title='bbox 780 671 930 721; x_wconf 90' lang='lat' dir='ltr'>potest</span> <span class='ocrx_word' id='word_1_62' title='bbox 953 661 1158 706; x_wconf 90' lang='lat' dir='ltr'>velocius</span> <span class='ocrx_word' id='word_1_63' title='bbox 1185 671 1228 704; x_wconf 91' lang='lat' dir='ltr'>et</span> <span class='ocrx_word' id='word_1_64' title='bbox 1252 661 1423 704; x_wconf 87' lang='lat' dir='ltr'>tardius</span> <span class='ocrx_word' id='word_1_65' title='bbox 1456 659 1646 704; x_wconf 89' lang='lat' dir='ltr'>moveri.</span> <span class='ocrx_word' id='word_1_66' title='bbox 1673 656 1935 702; x_wconf 83' lang='lat' dir='ltr'>Necessitas</span> <span class='ocrx_word' id='word_1_67' title='bbox 1963 657 2098 714; x_wconf 89' lang='lat' dir='ltr'>igitur</span> 
     </span>
     <span class='ocr_line' id='line_1_9' title="bbox 89 724 2099 804; baseline -0.006 -27.722"><span class='ocrx_word' id='word_1_68' title='bbox 89 726 458 789; x_wconf 75' lang='lat' dir='ltr'>uniformitatis</span> <span class='ocrx_word' id='word_1_69' title='bbox 484 740 636 774; x_wconf 88' lang='lat' dir='ltr'>motus</span> <span class='ocrx_word' id='word_1_70' title='bbox 664 727 783 773; x_wconf 89' lang='lat' dir='ltr'>coeli</span> <span class='ocrx_word' id='word_1_71' title='bbox 809 728 1034 787; x_wconf 89' lang='lat' dir='ltr'>dependet</span> <span class='ocrx_word' id='word_1_72' title='bbox 1054 742 1108 772; x_wconf 89' lang='lat' dir='ltr'>ex</span> <span class='ocrx_word' id='word_1_73' title='bbox 1130 727 1285 786; x_wconf 88' lang='lat' dir='ltr'>aliquo</span> <span class='ocrx_word' id='word_1_74' title='bbox 1311 727 1533 804; x_wconf 89' lang='lat' dir='ltr'>principio</span> <span class='ocrx_word' id='word_1_75' title='bbox 1556 724 1778 801; x_wconf 82' lang='lat' dir='ltr'>superiori</span> <span class='ocrx_word' id='word_1_76' title='bbox 1803 725 1994 767; x_wconf 89' lang='lat' dir='ltr'>omnino</span> <span class='ocrx_word' id='word_1_77' title='bbox 2016 724 2099 766; x_wconf 89' lang='lat' dir='ltr'>im-</span> 
     </span>
     <span class='ocr_line' id='line_1_10' title="bbox 74 789 2096 857; baseline -0.006 -12.684"><span class='ocrx_word' id='word_1_78' title='bbox 74 795 313 851; x_wconf 67' lang='lat' dir='ltr'>mobili,</span> <span class='ocrx_word' id='word_1_79' title='bbox 330 797 453 857; x_wconf 90' lang='lat' dir='ltr'>quod</span> <span class='ocrx_word' id='word_1_80' title='bbox 467 811 561 842; x_wconf 89' lang='lat' dir='ltr'>non</span> <span class='ocrx_word' id='word_1_81' title='bbox 579 806 646 841; x_wconf 87' lang='lat' dir='ltr'>est</span> <span class='ocrx_word' id='word_1_82' title='bbox 667 810 770 856; x_wconf 89' lang='lat' dir='ltr'>pars</span> <span class='ocrx_word' id='word_1_83' title='bbox 785 795 990 855; x_wconf 90' lang='lat' dir='ltr'>corporis</span> <span class='ocrx_word' id='word_1_84' title='bbox 1009 796 1234 839; x_wconf 88' lang='lat' dir='ltr'>moventis</span> <span class='ocrx_word' id='word_1_85' title='bbox 1261 796 1477 853; x_wconf 89' lang='lat' dir='ltr'>seipsum,</span> <span class='ocrx_word' id='word_1_86' title='bbox 1495 793 1624 853; x_wconf 85' lang='lat' dir='ltr'>quasi</span> <span class='ocrx_word' id='word_1_87' title='bbox 1651 790 1801 850; x_wconf 87' lang='lat' dir='ltr'>aliqua</span> <span class='ocrx_word' id='word_1_88' title='bbox 1816 789 1965 835; x_wconf 89' lang='lat' dir='ltr'>forma</span> <span class='ocrx_word' id='word_1_89' title='bbox 1985 792 2096 848; x_wconf 88' lang='lat' dir='ltr'>ejus.</span> 
     </span>
    </p>

    <p class='ocr_par' dir='ltr' id='par_1_4' title="bbox 48 857 2099 1590">
     <span class='ocr_line' id='line_1_11' title="bbox 226 857 2093 922; baseline -0.005 -13"><span class='ocrx_word' id='word_1_90' title='bbox 226 862 345 908; x_wconf 89' lang='lat' dir='ltr'>Huic</span> <span class='ocrx_word' id='word_1_91' title='bbox 372 874 525 909; x_wconf 88' lang='lat' dir='ltr'>autern</span> <span class='ocrx_word' id='word_1_92' title='bbox 552 863 728 908; x_wconf 88' lang='lat' dir='ltr'>veritati</span> <span class='ocrx_word' id='word_1_93' title='bbox 756 862 986 922; x_wconf 90' lang='lat' dir='ltr'>Scriptura</span> <span class='ocrx_word' id='word_1_94' title='bbox 1013 862 1287 915; x_wconf 89' lang='lat' dir='ltr'>concordat;</span> <span class='ocrx_word' id='word_1_95' title='bbox 1315 862 1477 905; x_wconf 89' lang='lat' dir='ltr'>dicitur</span> <span class='ocrx_word' id='word_1_96' title='bbox 1499 863 1619 905; x_wconf 90' lang='lat' dir='ltr'>enim</span> <span class='ocrx_word' id='word_1_97' title='bbox 1645 857 1834 916; x_wconf 85' lang='lat' dir='ltr'>(Psalm.</span> <span class='ocrx_word' id='word_1_98' title='bbox 1859 857 1979 901; x_wconf 90' lang='lat' dir='ltr'><strong>VIII.</strong></span> <span class='ocrx_word' id='word_1_99' title='bbox 2009 858 2093 914; x_wconf 90' lang='lat'>2.:)</span> 
     </span>
     <span class='ocr_line' id='line_1_12' title="bbox 86 925 2099 991; baseline -0.004 -12.821"><span class='ocrx_word' id='word_1_100' title='bbox 86 931 314 979; x_wconf 57' lang='lat' dir='ltr'>&amp;vata</span> <span class='ocrx_word' id='word_1_101' title='bbox 343 938 398 976; x_wconf 75' lang='lat' dir='ltr'>est</span> <span class='ocrx_word' id='word_1_102' title='bbox 428 932 742 991; x_wconf 77' lang='lat' dir='ltr'>magnificentia</span> <span class='ocrx_word' id='word_1_103' title='bbox 773 936 844 975; x_wconf 84' lang='lat' dir='ltr'>tua</span> <span class='ocrx_word' id='word_1_104' title='bbox 878 938 998 989; x_wconf 84' lang='lat' dir='ltr'>super</span> <span class='ocrx_word' id='word_1_105' title='bbox 1023 930 1164 982; x_wconf 83' lang='lat' dir='ltr'>coelos,</span> <span class='ocrx_word' id='word_1_106' title='bbox 1206 938 1250 973; x_wconf 92' lang='lat' dir='ltr'>et</span> <span class='ocrx_word' id='word_1_107' title='bbox 1281 928 1385 986; x_wconf 92' lang='lat' dir='ltr'>(Job</span> <span class='ocrx_word' id='word_1_108' title='bbox 1424 927 1563 987; x_wconf 91' lang='lat' dir='ltr'><strong>XII.:)</strong></span> <span class='ocrx_word' id='word_1_109' title='bbox 1590 925 1804 971; x_wconf 84' lang='lat' dir='ltr'>Excelsior</span> <span class='ocrx_word' id='word_1_110' title='bbox 1829 925 1936 969; x_wconf 84' lang='lat' dir='ltr'>coelo</span> <span class='ocrx_word' id='word_1_111' title='bbox 1962 930 2034 979; x_wconf 79' lang='lat' dir='ltr'>est,</span> <span class='ocrx_word' id='word_1_112' title='bbox 2059 930 2099 970; x_wconf 83' lang='lat' dir='ltr'>et</span> 
     </span>
     <span class='ocr_line' id='line_1_13' title="bbox 60 991 2096 1060; baseline -0.005 -15.665"><span class='ocrx_word' id='word_1_113' title='bbox 60 998 238 1060; x_wconf 57' lang='lat' dir='ltr'>§qud</span> <span class='ocrx_word' id='word_1_114' title='bbox 263 999 424 1056; x_wconf 75' lang='lat' dir='ltr'>facies?</span> <span class='ocrx_word' id='word_1_115' title='bbox 454 998 618 1057; x_wconf 80' lang='lat' dir='ltr'>longior</span> <span class='ocrx_word' id='word_1_116' title='bbox 654 1004 767 1043; x_wconf 77' lang='lat' dir='ltr'>terra</span> <span class='ocrx_word' id='word_1_117' title='bbox 801 1011 994 1041; x_wconf 83' lang='lat' dir='ltr'>mensura</span> <span class='ocrx_word' id='word_1_118' title='bbox 1024 999 1111 1054; x_wconf 83' lang='lat' dir='ltr'>ejus</span> <span class='ocrx_word' id='word_1_119' title='bbox 1142 1002 1212 1050; x_wconf 81' lang='lat' dir='ltr'>est,</span> <span class='ocrx_word' id='word_1_120' title='bbox 1244 1001 1280 1039; x_wconf 85' lang='lat' dir='ltr'>et</span> <span class='ocrx_word' id='word_1_121' title='bbox 1306 994 1565 1054; x_wconf 80' lang='lat' dir='ltr'>profundior</span> <span class='ocrx_word' id='word_1_122' title='bbox 1585 994 1711 1037; x_wconf 82' lang='lat' dir='ltr'>mari.</span> <span class='ocrx_word' id='word_1_123' title='bbox 1737 992 1812 1037; x_wconf 89' lang='lat' dir='ltr'>Sic</span> <span class='ocrx_word' id='word_1_124' title='bbox 1842 991 2096 1036; x_wconf 89' lang='lat' dir='ltr'>Gentilium</span> 
     </span>
     <span class='ocr_line' id='line_1_14' title="bbox 104 1059 2096 1123; baseline -0.005 -11.895"><span class='ocrx_word' id='word_1_125' title='bbox 104 1078 263 1111; x_wconf 66' lang='lat' dir='ltr'>mor</span> <span class='ocrx_word' id='word_1_126' title='bbox 286 1075 547 1119; x_wconf 86' lang='lat' dir='ltr'>evacuatur,</span> <span class='ocrx_word' id='word_1_127' title='bbox 573 1064 650 1123; x_wconf 91' lang='lat' dir='ltr'>qui</span> <span class='ocrx_word' id='word_1_128' title='bbox 675 1064 888 1108; x_wconf 84' lang='lat' dir='ltr'>dicebant</span> <span class='ocrx_word' id='word_1_129' title='bbox 917 1064 1071 1107; x_wconf 89' lang='lat' dir='ltr'>Deum</span> <span class='ocrx_word' id='word_1_130' title='bbox 1098 1077 1196 1107; x_wconf 92' lang='lat' dir='ltr'>esse</span> <span class='ocrx_word' id='word_1_131' title='bbox 1224 1062 1427 1106; x_wconf 82' lang='lat' dir='ltr'>animam</span> <span class='ocrx_word' id='word_1_132' title='bbox 1455 1059 1589 1114; x_wconf 90' lang='lat' dir='ltr'>coeli,</span> <span class='ocrx_word' id='word_1_133' title='bbox 1620 1059 1695 1105; x_wconf 89' lang='lat' dir='ltr'>vel</span> <span class='ocrx_word' id='word_1_134' title='bbox 1727 1059 1865 1104; x_wconf 86' lang='lat' dir='ltr'>etiarn</span> <span class='ocrx_word' id='word_1_135' title='bbox 1894 1059 2096 1103; x_wconf 88' lang='lat' dir='ltr'>animam</span> 
     </span>
     <span class='ocr_line' id='line_1_15' title="bbox 114 1127 2096 1186; baseline -0.004 -8.931"><span class='ocrx_word' id='word_1_136' title='bbox 114 1131 275 1178; x_wconf 62' lang='lat' dir='ltr'>sotius</span> <span class='ocrx_word' id='word_1_137' title='bbox 307 1131 488 1186; x_wconf 80' lang='lat' dir='ltr'>mundi3</span> <span class='ocrx_word' id='word_1_138' title='bbox 523 1141 568 1176; x_wconf 90' lang='lat' dir='ltr'>et</span> <span class='ocrx_word' id='word_1_139' title='bbox 605 1145 658 1175; x_wconf 84' lang='lat' dir='ltr'>ex</span> <span class='ocrx_word' id='word_1_140' title='bbox 693 1130 783 1174; x_wconf 93' lang='lat' dir='ltr'>hoc</span> <span class='ocrx_word' id='word_1_141' title='bbox 825 1143 977 1174; x_wconf 91' lang='lat' dir='ltr'>errore</span> <span class='ocrx_word' id='word_1_142' title='bbox 1015 1129 1324 1174; x_wconf 86' lang='lat' dir='ltr'>idololatriam</span> <span class='ocrx_word' id='word_1_143' title='bbox 1362 1127 1678 1180; x_wconf 90' lang='lat' dir='ltr'>defendebant,</span> <span class='ocrx_word' id='word_1_144' title='bbox 1709 1127 1910 1171; x_wconf 90' lang='lat' dir='ltr'>dicentes</span> <span class='ocrx_word' id='word_1_145' title='bbox 1946 1135 2096 1170; x_wconf 92' lang='lat' dir='ltr'>totum</span> 
     </span>
     <span class='ocr_line' id='line_1_16' title="bbox 81 1192 2095 1272; baseline -0.004 -27.813"><span class='ocrx_word' id='word_1_146' title='bbox 81 1199 360 1247; x_wconf 70' lang='lat' dir='ltr'>innundurn</span> <span class='ocrx_word' id='word_1_147' title='bbox 385 1212 486 1243; x_wconf 88' lang='lat' dir='ltr'>esse</span> <span class='ocrx_word' id='word_1_148' title='bbox 511 1198 678 1255; x_wconf 89' lang='lat' dir='ltr'>Deum,</span> <span class='ocrx_word' id='word_1_149' title='bbox 704 1211 799 1241; x_wconf 92' lang='lat' dir='ltr'>non</span> <span class='ocrx_word' id='word_1_150' title='bbox 825 1197 1000 1241; x_wconf 88' lang='lat' dir='ltr'>ratione</span> <span class='ocrx_word' id='word_1_151' title='bbox 1028 1196 1251 1272; x_wconf 66' lang='lat' dir='ltr'>corporis,</span> <span class='ocrx_word' id='word_1_152' title='bbox 1274 1195 1354 1240; x_wconf 91' lang='lat' dir='ltr'>sed</span> <span class='ocrx_word' id='word_1_153' title='bbox 1381 1195 1556 1240; x_wconf 88' lang='lat' dir='ltr'>ratione</span> <span class='ocrx_word' id='word_1_154' title='bbox 1585 1195 1779 1246; x_wconf 88' lang='lat' dir='ltr'>animae,</span> <span class='ocrx_word' id='word_1_155' title='bbox 1805 1193 1924 1237; x_wconf 91' lang='lat' dir='ltr'>sicut</span> <span class='ocrx_word' id='word_1_156' title='bbox 1949 1192 2095 1236; x_wconf 89' lang='lat' dir='ltr'>horno</span> 
     </span>
     <span class='ocr_line' id='line_1_17' title="bbox 86 1252 2097 1325; baseline -0.004 -13.838"><span class='ocrx_word' id='word_1_157' title='bbox 86 1252 300 1314; x_wconf 56' lang='lat' dir='ltr'>dieitur</span> <span class='ocrx_word' id='word_1_158' title='bbox 318 1265 499 1325; x_wconf 85' lang='lat' dir='ltr'>sapiens</span> <span class='ocrx_word' id='word_1_159' title='bbox 514 1279 610 1309; x_wconf 91' lang='lat' dir='ltr'>non</span> <span class='ocrx_word' id='word_1_160' title='bbox 628 1264 802 1308; x_wconf 90' lang='lat' dir='ltr'>ratione</span> <span class='ocrx_word' id='word_1_161' title='bbox 825 1264 1045 1323; x_wconf 89' lang='lat' dir='ltr'>corporis,</span> <span class='ocrx_word' id='word_1_162' title='bbox 1069 1264 1148 1307; x_wconf 87' lang='lat' dir='ltr'>sed</span> <span class='ocrx_word' id='word_1_163' title='bbox 1171 1263 1346 1307; x_wconf 91' lang='lat' dir='ltr'>ratione</span> <span class='ocrx_word' id='word_1_164' title='bbox 1366 1262 1571 1316; x_wconf 82' lang='lat' dir='ltr'>animae3</span> <span class='ocrx_word' id='word_1_165' title='bbox 1590 1276 1681 1320; x_wconf 92' lang='lat' dir='ltr'>quo</span> <span class='ocrx_word' id='word_1_166' title='bbox 1699 1260 1950 1320; x_wconf 88' lang='lat' dir='ltr'>supposito,</span> <span class='ocrx_word' id='word_1_167' title='bbox 1968 1259 2097 1318; x_wconf 91' lang='lat' dir='ltr'>sequi</span> 
     </span>
     <span class='ocr_line' id='line_1_18' title="bbox 102 1327 2098 1407; baseline -0.004 -28.212"><span class='ocrx_word' id='word_1_168' title='bbox 102 1331 438 1392; x_wconf 79' lang='lat' dir='ltr'>opinabantur</span> <span class='ocrx_word' id='word_1_169' title='bbox 462 1333 582 1391; x_wconf 90' lang='lat' dir='ltr'>quod</span> <span class='ocrx_word' id='word_1_170' title='bbox 610 1331 784 1375; x_wconf 91' lang='lat' dir='ltr'>mundo</span> <span class='ocrx_word' id='word_1_171' title='bbox 812 1341 856 1375; x_wconf 91' lang='lat' dir='ltr'>et</span> <span class='ocrx_word' id='word_1_172' title='bbox 885 1331 1084 1407; x_wconf 78' lang='lat' dir='ltr'>partibus</span> <span class='ocrx_word' id='word_1_173' title='bbox 1111 1332 1208 1389; x_wconf 88' lang='lat' dir='ltr'>ejus</span> <span class='ocrx_word' id='word_1_174' title='bbox 1234 1343 1328 1373; x_wconf 92' lang='lat' dir='ltr'>non</span> <span class='ocrx_word' id='word_1_175' title='bbox 1360 1330 1558 1374; x_wconf 87' lang='lat' dir='ltr'>indebite</span> <span class='ocrx_word' id='word_1_176' title='bbox 1591 1329 1769 1372; x_wconf 89' lang='lat' dir='ltr'>divinus</span> <span class='ocrx_word' id='word_1_177' title='bbox 1803 1327 1950 1372; x_wconf 91' lang='lat' dir='ltr'>cultus</span> <span class='ocrx_word' id='word_1_178' title='bbox 1978 1327 2098 1372; x_wconf 83' lang='lat' dir='ltr'>exhi-</span> 
     </span>
     <span class='ocr_line' id='line_1_19' title="bbox 130 1395 2097 1454; baseline -0.003 -9.257"><span class='ocrx_word' id='word_1_179' title='bbox 130 1398 336 1444; x_wconf 76' lang='lat' dir='ltr'>bebatur.</span> <span class='ocrx_word' id='word_1_180' title='bbox 364 1399 718 1444; x_wconf 88' lang='lat' dir='ltr'>Commentator</span> <span class='ocrx_word' id='word_1_181' title='bbox 743 1398 882 1442; x_wconf 89' lang='lat' dir='ltr'>etiam</span> <span class='ocrx_word' id='word_1_182' title='bbox 908 1398 1053 1442; x_wconf 86' lang='lat' dir='ltr'>dicit&#39;</span> <span class='ocrx_word' id='word_1_183' title='bbox 1043 1412 1088 1441; x_wconf 86' lang='lat' dir='ltr'>m</span> <span class='ocrx_word' id='word_1_184' title='bbox 1114 1397 1295 1441; x_wconf 90' lang='lat' dir='ltr'>decimo</span> <span class='ocrx_word' id='word_1_185' title='bbox 1322 1396 1523 1440; x_wconf 89' lang='lat' dir='ltr'>secundo</span> <span class='ocrx_word' id='word_1_186' title='bbox 1550 1396 1808 1454; x_wconf 88' lang='lat' dir='ltr'>Metaphys.</span> <span class='ocrx_word' id='word_1_187' title='bbox 1841 1395 1892 1451; x_wconf 92' lang='lat' dir='ltr'>(t.</span> <span class='ocrx_word' id='word_1_188' title='bbox 1920 1407 1959 1437; x_wconf 90' lang='lat' dir='ltr'>c.</span> <span class='ocrx_word' id='word_1_189' title='bbox 1985 1405 2037 1448; x_wconf 90' lang='lat'>41</span> <span class='ocrx_word' id='word_1_190' title='bbox 2047 1395 2097 1450; x_wconf 90' lang='lat'>.),</span> 
     </span>
     <span class='ocr_line' id='line_1_20' title="bbox 136 1461 2098 1525; baseline -0.001 -16.127"><span class='ocrx_word' id='word_1_191' title='bbox 136 1465 260 1525; x_wconf 82' lang='lat' dir='ltr'>quod</span> <span class='ocrx_word' id='word_1_192' title='bbox 283 1465 359 1511; x_wconf 88' lang='lat' dir='ltr'>hic</span> <span class='ocrx_word' id='word_1_193' title='bbox 390 1465 519 1510; x_wconf 90' lang='lat' dir='ltr'>locus</span> <span class='ocrx_word' id='word_1_194' title='bbox 550 1464 634 1510; x_wconf 87' lang='lat' dir='ltr'>fuit</span> <span class='ocrx_word' id='word_1_195' title='bbox 663 1464 815 1523; x_wconf 90' lang='lat' dir='ltr'>lapsus</span> <span class='ocrx_word' id='word_1_196' title='bbox 847 1464 1120 1522; x_wconf 89' lang='lat' dir='ltr'>sapientium</span> <span class='ocrx_word' id='word_1_197' title='bbox 1147 1464 1294 1522; x_wconf 84' lang='lat' dir='ltr'>gentis</span> <span class='ocrx_word' id='word_1_198' title='bbox 1320 1463 1580 1517; x_wconf 89' lang='lat' dir='ltr'>Zabiorum,</span> <span class='ocrx_word' id='word_1_199' title='bbox 1607 1462 1712 1521; x_wconf 88' lang='lat' dir='ltr'>quia</span> <span class='ocrx_word' id='word_1_200' title='bbox 1737 1461 1913 1506; x_wconf 84' lang='lat' dir='ltr'>scilicet</span> <span class='ocrx_word' id='word_1_201' title='bbox 1937 1469 2098 1520; x_wconf 89' lang='lat' dir='ltr'>posue-</span> 
     </span>
     <span class='ocr_line' id='line_1_21' title="bbox 135 1530 924 1578; baseline -0.003 -0.282"><span class='ocrx_word' id='word_1_202' title='bbox 135 1542 239 1578; x_wconf 83' lang='lat' dir='ltr'>runt</span> <span class='ocrx_word' id='word_1_203' title='bbox 259 1532 414 1578; x_wconf 88' lang='lat' dir='ltr'>Deum</span> <span class='ocrx_word' id='word_1_204' title='bbox 440 1546 540 1578; x_wconf 86' lang='lat' dir='ltr'>esse</span> <span class='ocrx_word' id='word_1_205' title='bbox 564 1531 765 1576; x_wconf 87' lang='lat' dir='ltr'>formam</span> <span class='ocrx_word' id='word_1_206' title='bbox 791 1530 924 1576; x_wconf 86' lang='lat' dir='ltr'>coeli.</span> 
     </span>
    </p>
   </div>
   <div class='ocr_carea' id='block_1_4' title="bbox 47 1238 91 1275">
    <p class='ocr_par' dir='ltr' id='par_1_5' title="bbox 47 1238 91 1275">
     <span class='ocr_line' id='line_1_22' title="bbox 47 1238 91 1275; baseline 0 0"><span class='ocrx_word' id='word_1_207' title='bbox 47 1238 91 1275; x_wconf 51' lang='lat' dir='ltr'>br</span> 
     </span>
    </p>
   </div>
   <div class='ocr_carea' id='block_1_5' title="bbox 44 1718 1475 1915">
    <p class='ocr_par' dir='ltr' id='par_1_6' title="bbox 44 1710 1475 1915">
     <span class='ocr_line' id='line_1_23' title="bbox 44 1718 1395 1813; baseline -0.018 -5"><span class='ocrx_word' id='word_1_208' title='bbox 44 1726 97 1813; x_wconf 61' lang='lat' dir='ltr'>{fs</span> <span class='ocrx_word' id='word_1_209' title='bbox 305 1783 309 1787; x_wconf 86' lang='lat'>-</span> <span class='ocrx_word' id='word_1_210' title='bbox 834 1730 1088 1787; x_wconf 83' lang='lat' dir='ltr'><strong>CAPUT</strong></span> <span class='ocrx_word' id='word_1_211' title='bbox 1129 1718 1395 1786; x_wconf 73' lang='lat' dir='ltr'><strong>XXVIII.</strong></span> 
     </span>
     <span class='ocr_line' id='line_1_24' title="bbox 162 1822 1475 1915; baseline -0.015 16.342"><span class='ocrx_word' id='word_1_212' title='bbox 162 1822 166 1826; x_wconf 22' lang='grc' dir='ltr'>ι</span> <span class='ocrx_word' id='word_1_213' title='bbox 749 1876 824 1913; x_wconf 89' lang='lat' dir='ltr'>DE</span> <span class='ocrx_word' id='word_1_214' title='bbox 855 1875 1235 1915; x_wconf 87' lang='lat' dir='ltr'><strong>PERFECTIONE</strong></span> <span class='ocrx_word' id='word_1_215' title='bbox 1267 1875 1475 1915; x_wconf 78' lang='lat' dir='ltr'><strong>DIVINA-</strong></span> 
     </span>
    </p>
   </div>
   <div class='ocr_carea' id='block_1_6' title="bbox 2 1998 2127 2730">
    <p class='ocr_par' dir='ltr' id='par_1_7' title="bbox 2 1998 2127 2730">
     <span class='ocr_line' id='line_1_25' title="bbox 70 1998 2094 2059; baseline -0.001 -15.015"><span class='ocrx_word' id='word_1_216' title='bbox 70 2048 81 2055; x_wconf 64' lang='lat'><em>„</em></span> <span class='ocrx_word' id='word_1_217' title='bbox 221 1998 354 2044; x_wconf 89' lang='lat' dir='ltr'>Licet</span> <span class='ocrx_word' id='word_1_218' title='bbox 373 2008 527 2044; x_wconf 84' lang='lat' dir='ltr'>autem</span> <span class='ocrx_word' id='word_1_219' title='bbox 544 2013 599 2044; x_wconf 88' lang='lat' dir='ltr'>ea</span> <span class='ocrx_word' id='word_1_220' title='bbox 616 2013 732 2059; x_wconf 90' lang='lat' dir='ltr'>quae</span> <span class='ocrx_word' id='word_1_221' title='bbox 763 2010 867 2045; x_wconf 91' lang='lat' dir='ltr'>sunt</span> <span class='ocrx_word' id='word_1_222' title='bbox 893 2010 938 2045; x_wconf 91' lang='lat' dir='ltr'>et</span> <span class='ocrx_word' id='word_1_223' title='bbox 961 2001 1120 2045; x_wconf 88' lang='lat' dir='ltr'>vivunt</span> <span class='ocrx_word' id='word_1_224' title='bbox 1145 2000 1415 2059; x_wconf 87' lang='lat' dir='ltr'>perfectiora</span> <span class='ocrx_word' id='word_1_225' title='bbox 1441 2000 1530 2044; x_wconf 90' lang='lat' dir='ltr'>sint</span> <span class='ocrx_word' id='word_1_226' title='bbox 1556 2013 1693 2059; x_wconf 89' lang='lat' dir='ltr'>quam</span> <span class='ocrx_word' id='word_1_227' title='bbox 1711 2013 1764 2043; x_wconf 91' lang='lat' dir='ltr'>ea</span> <span class='ocrx_word' id='word_1_228' title='bbox 1782 2011 1898 2057; x_wconf 85' lang='lat' dir='ltr'>quae</span> <span class='ocrx_word' id='word_1_229' title='bbox 1915 2006 2094 2042; x_wconf 88' lang='lat' dir='ltr'>tantum</span> 
     </span>
     <span class='ocr_line' id='line_1_26' title="bbox 2 2065 2095 2127; baseline -0.002 -15"><span class='ocrx_word' id='word_1_230' title='bbox 2 2076 6 2086; x_wconf 71' lang='grc'><em>’</em></span> <span class='ocrx_word' id='word_1_231' title='bbox 56 2077 93 2106; x_wconf 80' lang='lat'>:5-</span> <span class='ocrx_word' id='word_1_232' title='bbox 130 2075 253 2121; x_wconf 70' lang='lat' dir='ltr'>sunt,</span> <span class='ocrx_word' id='word_1_233' title='bbox 277 2065 406 2111; x_wconf 88' lang='lat' dir='ltr'>Deus</span> <span class='ocrx_word' id='word_1_234' title='bbox 434 2075 605 2120; x_wconf 87' lang='lat' dir='ltr'>tamen,</span> <span class='ocrx_word' id='word_1_235' title='bbox 639 2066 716 2126; x_wconf 92' lang='lat' dir='ltr'>qui</span> <span class='ocrx_word' id='word_1_236' title='bbox 738 2081 833 2111; x_wconf 91' lang='lat' dir='ltr'>non</span> <span class='ocrx_word' id='word_1_237' title='bbox 860 2077 927 2112; x_wconf 88' lang='lat' dir='ltr'>est</span> <span class='ocrx_word' id='word_1_238' title='bbox 953 2067 1075 2112; x_wconf 88' lang='lat' dir='ltr'>aliud</span> <span class='ocrx_word' id='word_1_239' title='bbox 1101 2073 1239 2127; x_wconf 87' lang='lat' dir='ltr'>quam</span> <span class='ocrx_word' id='word_1_240' title='bbox 1272 2082 1407 2112; x_wconf 89' lang='lat' dir='ltr'>suum</span> <span class='ocrx_word' id='word_1_241' title='bbox 1434 2081 1547 2123; x_wconf 89' lang='lat' dir='ltr'>esse,</span> <span class='ocrx_word' id='word_1_242' title='bbox 1582 2076 1650 2112; x_wconf 90' lang='lat' dir='ltr'>est</span> <span class='ocrx_word' id='word_1_243' title='bbox 1675 2065 1988 2110; x_wconf 85' lang='lat' dir='ltr'>universaliter</span> <span class='ocrx_word' id='word_1_244' title='bbox 2014 2078 2095 2109; x_wconf 90' lang='lat' dir='ltr'>ens</span> 
     </span>
     <span class='ocr_line' id='line_1_27' title="bbox 63 2131 1425 2198; baseline 0.001 -21.052"><span class='ocrx_word' id='word_1_245' title='bbox 63 2131 385 2198; x_wconf 75' lang='lat' dir='ltr'>perfectum</span> <span class='ocrx_word' id='word_1_246' title='bbox 407 2134 480 2177; x_wconf 88' lang='lat' dir='ltr'>cui</span> <span class='ocrx_word' id='word_1_247' title='bbox 504 2147 600 2178; x_wconf 88' lang='lat' dir='ltr'>non</span> <span class='ocrx_word' id='word_1_248' title='bbox 626 2133 754 2178; x_wconf 89' lang='lat' dir='ltr'>deest</span> <span class='ocrx_word' id='word_1_249' title='bbox 779 2133 968 2192; x_wconf 88' lang='lat' dir='ltr'>alicujus</span> <span class='ocrx_word' id='word_1_250' title='bbox 995 2135 1174 2193; x_wconf 88' lang='lat' dir='ltr'>generis</span> <span class='ocrx_word' id='word_1_251' title='bbox 1199 2134 1425 2179; x_wconf 86' lang='lat' dir='ltr'>nobilitas.</span> 
     </span>
     <span class='ocr_line' id='line_1_28' title="bbox 221 2198 2095 2260; baseline 0 -17"><span class='ocrx_word' id='word_1_252' title='bbox 221 2198 390 2246; x_wconf 89' lang='lat' dir='ltr'>Omnis</span> <span class='ocrx_word' id='word_1_253' title='bbox 416 2200 537 2245; x_wconf 85' lang='lat' dir='ltr'>enim</span> <span class='ocrx_word' id='word_1_254' title='bbox 569 2200 784 2245; x_wconf 89' lang='lat' dir='ltr'>nobilitas</span> <span class='ocrx_word' id='word_1_255' title='bbox 811 2202 1028 2260; x_wconf 87' lang='lat' dir='ltr'>cujusque</span> <span class='ocrx_word' id='word_1_256' title='bbox 1068 2204 1134 2247; x_wconf 92' lang='lat' dir='ltr'>rei</span> <span class='ocrx_word' id='word_1_257' title='bbox 1160 2213 1228 2247; x_wconf 91' lang='lat' dir='ltr'>est</span> <span class='ocrx_word' id='word_1_258' title='bbox 1252 2202 1338 2247; x_wconf 92' lang='lat' dir='ltr'>sibi</span> <span class='ocrx_word' id='word_1_259' title='bbox 1368 2201 1619 2246; x_wconf 89' lang='lat' dir='ltr'>secundum</span> <span class='ocrx_word' id='word_1_260' title='bbox 1653 2215 1786 2246; x_wconf 90' lang='lat' dir='ltr'>suum</span> <span class='ocrx_word' id='word_1_261' title='bbox 1814 2214 1937 2254; x_wconf 91' lang='lat' dir='ltr'>esse;</span> <span class='ocrx_word' id='word_1_262' title='bbox 1970 2198 2095 2243; x_wconf 88' lang='lat' dir='ltr'>nulla</span> 
     </span>
     <span class='ocr_line' id='line_1_29' title="bbox 65 2265 2096 2331; baseline -0.001 -18"><span class='ocrx_word' id='word_1_263' title='bbox 65 2265 92 2331; x_wconf 65' lang='lat' dir='ltr'>f</span> <span class='ocrx_word' id='word_1_264' title='bbox 132 2267 256 2313; x_wconf 88' lang='lat' dir='ltr'>enim</span> <span class='ocrx_word' id='word_1_265' title='bbox 286 2266 499 2312; x_wconf 85' lang='lat' dir='ltr'>nobilitas</span> <span class='ocrx_word' id='word_1_266' title='bbox 522 2278 641 2313; x_wconf 91' lang='lat' dir='ltr'>esset</span> <span class='ocrx_word' id='word_1_267' title='bbox 665 2267 845 2312; x_wconf 89' lang='lat' dir='ltr'>homini</span> <span class='ocrx_word' id='word_1_268' title='bbox 871 2283 926 2313; x_wconf 88' lang='lat' dir='ltr'>ex</span> <span class='ocrx_word' id='word_1_269' title='bbox 952 2283 1033 2314; x_wconf 93' lang='lat' dir='ltr'>sua</span> <span class='ocrx_word' id='word_1_270' title='bbox 1060 2269 1294 2328; x_wconf 89' lang='lat' dir='ltr'>sapientia,</span> <span class='ocrx_word' id='word_1_271' title='bbox 1321 2270 1408 2314; x_wconf 91' lang='lat' dir='ltr'>nisi</span> <span class='ocrx_word' id='word_1_272' title='bbox 1434 2283 1532 2329; x_wconf 89' lang='lat' dir='ltr'>per</span> <span class='ocrx_word' id='word_1_273' title='bbox 1545 2283 1648 2313; x_wconf 87' lang='lat' dir='ltr'>eam</span> <span class='ocrx_word' id='word_1_274' title='bbox 1680 2268 1861 2328; x_wconf 88' lang='lat' dir='ltr'>sapiens</span> <span class='ocrx_word' id='word_1_275' title='bbox 1893 2276 2025 2322; x_wconf 83' lang='lat' dir='ltr'>esset,</span> <span class='ocrx_word' id='word_1_276' title='bbox 2053 2276 2096 2311; x_wconf 91' lang='lat' dir='ltr'>et</span> 
     </span>
     <span class='ocr_line' id='line_1_30' title="bbox 73 2332 2094 2396; baseline -0.002 -14.919"><span class='ocrx_word' id='word_1_277' title='bbox 73 2332 199 2387; x_wconf 59' lang='grc' dir='ltr'>,ἀι</span> <span class='ocrx_word' id='word_1_278' title='bbox 218 2333 278 2380; x_wconf 89' lang='lat' dir='ltr'>de</span> <span class='ocrx_word' id='word_1_279' title='bbox 303 2333 426 2390; x_wconf 78' lang='lat' dir='ltr'>aliis;</span> <span class='ocrx_word' id='word_1_280' title='bbox 453 2335 517 2380; x_wconf 87' lang='lat' dir='ltr'>sic</span> <span class='ocrx_word' id='word_1_281' title='bbox 541 2349 652 2394; x_wconf 88' lang='lat' dir='ltr'>ergo</span> <span class='ocrx_word' id='word_1_282' title='bbox 679 2335 931 2380; x_wconf 91' lang='lat' dir='ltr'>secundum</span> <span class='ocrx_word' id='word_1_283' title='bbox 954 2336 1146 2380; x_wconf 79' lang='lat' dir='ltr'>modum</span> <span class='ocrx_word' id='word_1_284' title='bbox 1173 2351 1264 2396; x_wconf 91' lang='lat' dir='ltr'>quo</span> <span class='ocrx_word' id='word_1_285' title='bbox 1287 2351 1358 2381; x_wconf 89' lang='lat' dir='ltr'>res</span> <span class='ocrx_word' id='word_1_286' title='bbox 1380 2336 1549 2380; x_wconf 91' lang='lat' dir='ltr'>habent</span> <span class='ocrx_word' id='word_1_287' title='bbox 1574 2350 1687 2391; x_wconf 89' lang='lat' dir='ltr'>esse,</span> <span class='ocrx_word' id='word_1_288' title='bbox 1712 2345 1780 2380; x_wconf 89' lang='lat' dir='ltr'>est</span> <span class='ocrx_word' id='word_1_289' title='bbox 1801 2349 1907 2379; x_wconf 91' lang='lat' dir='ltr'>suus</span> <span class='ocrx_word' id='word_1_290' title='bbox 1929 2333 2094 2378; x_wconf 90' lang='lat' dir='ltr'>modus</span> 
     </span>
     <span class='ocr_line' id='line_1_31' title="bbox 81 2372 2094 2462; baseline -0.002 -13.904"><span class='ocrx_word' id='word_1_291' title='bbox 81 2400 465 2449; x_wconf 72' lang='lat' dir='ltr'>mnobihtate</span> <span class='ocrx_word' id='word_1_292' title='bbox 498 2416 607 2446; x_wconf 88' lang='lat' dir='ltr'>nam</span> <span class='ocrx_word' id='word_1_293' title='bbox 646 2415 717 2447; x_wconf 89' lang='lat' dir='ltr'>res</span> <span class='ocrx_word' id='word_1_294' title='bbox 754 2402 1007 2447; x_wconf 88' lang='lat' dir='ltr'>secundum</span> <span class='ocrx_word' id='word_1_295' title='bbox 1041 2404 1163 2462; x_wconf 90' lang='lat' dir='ltr'>quod</span> <span class='ocrx_word' id='word_1_296' title='bbox 1200 2418 1335 2448; x_wconf 91' lang='lat' dir='ltr'>suum</span> <span class='ocrx_word' id='word_1_297' title='bbox 1372 2418 1470 2448; x_wconf 90' lang='lat' dir='ltr'>esse</span> <span class='ocrx_word' id='word_1_298' title='bbox 1498 2372 1780 2447; x_wconf 72' lang='lat' dir='ltr'>contraliitur</span> <span class='ocrx_word' id='word_1_299' title='bbox 1813 2403 1867 2446; x_wconf 88' lang='lat' dir='ltr'>ad</span> <span class='ocrx_word' id='word_1_300' title='bbox 1894 2401 2094 2460; x_wconf 86' lang='lat' dir='ltr'>aliquem</span> 
     </span>
     <span class='ocr_line' id='line_1_32' title="bbox 75 2464 2095 2531; baseline -0.002 -17.921"><span class='ocrx_word' id='word_1_301' title='bbox 75 2464 379 2531; x_wconf 62' lang='lat' dir='ltr'>specialem</span> <span class='ocrx_word' id='word_1_302' title='bbox 404 2468 597 2512; x_wconf 88' lang='lat' dir='ltr'>modum</span> <span class='ocrx_word' id='word_1_303' title='bbox 622 2468 871 2514; x_wconf 87' lang='lat' dir='ltr'>nobilitatis</span> <span class='ocrx_word' id='word_1_304' title='bbox 904 2471 1129 2528; x_wconf 87' lang='lat' dir='ltr'>majorem</span> <span class='ocrx_word' id='word_1_305' title='bbox 1155 2470 1229 2514; x_wconf 84' lang='lat' dir='ltr'>vel</span> <span class='ocrx_word' id='word_1_306' title='bbox 1256 2471 1497 2526; x_wconf 88' lang='lat' dir='ltr'>minorem,</span> <span class='ocrx_word' id='word_1_307' title='bbox 1525 2471 1687 2515; x_wconf 88' lang='lat' dir='ltr'>dicitur</span> <span class='ocrx_word' id='word_1_308' title='bbox 1712 2484 1810 2514; x_wconf 90' lang='lat' dir='ltr'>esse</span> <span class='ocrx_word' id='word_1_309' title='bbox 1842 2468 2095 2514; x_wconf 90' lang='lat' dir='ltr'>secundum</span> 
     </span>
     <span class='ocr_line' id='line_1_33' title="bbox 75 2526 2094 2597; baseline -0.003 -12.86"><span class='ocrx_word' id='word_1_310' title='bbox 75 2526 223 2584; x_wconf 49' lang='grc' dir='ltr'>ἶ’ῗῖἕὲἆὶῠῦ</span> <span class='ocrx_word' id='word_1_311' title='bbox 252 2532 452 2580; x_wconf 88' lang='lat' dir='ltr'>nobilior</span> <span class='ocrx_word' id='word_1_312' title='bbox 481 2534 555 2580; x_wconf 92' lang='lat' dir='ltr'>vel</span> <span class='ocrx_word' id='word_1_313' title='bbox 579 2535 731 2580; x_wconf 88' lang='lat' dir='ltr'>minus</span> <span class='ocrx_word' id='word_1_314' title='bbox 757 2536 936 2580; x_wconf 91' lang='lat' dir='ltr'>nobilis.</span> <span class='ocrx_word' id='word_1_315' title='bbox 964 2537 1112 2597; x_wconf 88' lang='lat' dir='ltr'>Igitur</span> <span class='ocrx_word' id='word_1_316' title='bbox 1142 2538 1181 2582; x_wconf 92' lang='lat' dir='ltr'>si</span> <span class='ocrx_word' id='word_1_317' title='bbox 1213 2537 1380 2597; x_wconf 87' lang='lat' dir='ltr'>aliquid</span> <span class='ocrx_word' id='word_1_318' title='bbox 1404 2547 1471 2581; x_wconf 91' lang='lat' dir='ltr'>est</span> <span class='ocrx_word' id='word_1_319' title='bbox 1493 2538 1566 2581; x_wconf 88' lang='lat' dir='ltr'>cui</span> <span class='ocrx_word' id='word_1_320' title='bbox 1593 2537 1812 2595; x_wconf 89' lang='lat' dir='ltr'>competit</span> <span class='ocrx_word' id='word_1_321' title='bbox 1835 2546 1933 2580; x_wconf 88' lang='lat' dir='ltr'>tota</span> <span class='ocrx_word' id='word_1_322' title='bbox 1953 2535 2094 2579; x_wconf 88' lang='lat' dir='ltr'>virtus</span> 
     </span>
     <span class='ocr_line' id='line_1_34' title="bbox 68 2599 2127 2664; baseline 0 -16"><span class='ocrx_word' id='word_1_323' title='bbox 68 2599 324 2658; x_wconf 59' lang='lat' dir='ltr'>mendi,</span> <span class='ocrx_word' id='word_1_324' title='bbox 351 2602 394 2647; x_wconf 90' lang='lat' dir='ltr'>ei</span> <span class='ocrx_word' id='word_1_325' title='bbox 418 2601 546 2647; x_wconf 90' lang='lat' dir='ltr'>nulla</span> <span class='ocrx_word' id='word_1_326' title='bbox 571 2602 785 2647; x_wconf 90' lang='lat' dir='ltr'>nobilitas</span> <span class='ocrx_word' id='word_1_327' title='bbox 812 2603 970 2648; x_wconf 88' lang='lat' dir='ltr'>deesse</span> <span class='ocrx_word' id='word_1_328' title='bbox 1003 2614 1167 2664; x_wconf 90' lang='lat' dir='ltr'>potest,</span> <span class='ocrx_word' id='word_1_329' title='bbox 1200 2619 1315 2664; x_wconf 88' lang='lat' dir='ltr'>quae</span> <span class='ocrx_word' id='word_1_330' title='bbox 1349 2605 1482 2649; x_wconf 90' lang='lat' dir='ltr'>alicui</span> <span class='ocrx_word' id='word_1_331' title='bbox 1518 2605 1582 2648; x_wconf 90' lang='lat' dir='ltr'>rei</span> <span class='ocrx_word' id='word_1_332' title='bbox 1615 2604 1884 2657; x_wconf 82' lang='lat' dir='ltr'>conveniat3</span> <span class='ocrx_word' id='word_1_333' title='bbox 1916 2602 1996 2647; x_wconf 89' lang='lat' dir='ltr'>sed</span> <span class='ocrx_word' id='word_1_334' title='bbox 2030 2601 2094 2645; x_wconf 88' lang='lat' dir='ltr'>rei</span> <span class='ocrx_word' id='word_1_335' title='bbox 2124 2646 2127 2648; x_wconf 7' lang='lat' dir='ltr'>a</span> 
     </span>
     <span class='ocr_line' id='line_1_35' title="bbox 78 2670 2094 2730; baseline -0.002 -13.892"><span class='ocrx_word' id='word_1_336' title='bbox 78 2674 247 2729; x_wconf 66' lang='grc' dir='ltr'><strong>μ’,ζςιιαε</strong></span> <span class='ocrx_word' id='word_1_337' title='bbox 271 2678 341 2715; x_wconf 82' lang='lat' dir='ltr'>est</span> <span class='ocrx_word' id='word_1_338' title='bbox 364 2683 499 2715; x_wconf 87' lang='lat' dir='ltr'>suum</span> <span class='ocrx_word' id='word_1_339' title='bbox 516 2683 629 2724; x_wconf 88' lang='lat' dir='ltr'>esse,</span> <span class='ocrx_word' id='word_1_340' title='bbox 647 2671 868 2729; x_wconf 88' lang='lat' dir='ltr'>competit</span> <span class='ocrx_word' id='word_1_341' title='bbox 894 2685 992 2716; x_wconf 89' lang='lat' dir='ltr'>esse</span> <span class='ocrx_word' id='word_1_342' title='bbox 1019 2672 1271 2716; x_wconf 91' lang='lat' dir='ltr'>secundum</span> <span class='ocrx_word' id='word_1_343' title='bbox 1287 2681 1433 2716; x_wconf 89' lang='lat' dir='ltr'>totam</span> <span class='ocrx_word' id='word_1_344' title='bbox 1451 2671 1630 2716; x_wconf 87' lang='lat' dir='ltr'>essendi</span> <span class='ocrx_word' id='word_1_345' title='bbox 1655 2680 1953 2730; x_wconf 83' lang='lat' dir='ltr'>potestatem:</span> <span class='ocrx_word' id='word_1_346' title='bbox 1977 2670 2094 2714; x_wconf 89' lang='lat' dir='ltr'>sicut</span> 
     </span>
    </p>
   </div>
   <div class='ocr_carea' id='block_1_7' title="bbox 0 2156 318 3728">
    <p class='ocr_par' dir='ltr' id='par_1_8' title="bbox 0 2156 318 3728">
     <span class='ocr_line' id='line_1_36' title="bbox 0 2156 112 2360; baseline 0 -69"><span class='ocrx_word' id='word_1_347' title='bbox 0 2156 112 2360; x_wconf 95' lang='lat' dir='ltr'>   </span> 
     </span>
     <span class='ocr_line' id='line_1_37' title="bbox 0 2360 127 2559; baseline 0.11 -70"><span class='ocrx_word' id='word_1_348' title='bbox 0 2360 127 2559; x_wconf 95' lang='lat' dir='ltr'>    </span> 
     </span>
     <span class='ocr_line' id='line_1_38' title="bbox 0 2559 118 2695; baseline 0 0"><span class='ocrx_word' id='word_1_349' title='bbox 0 2559 118 2695; x_wconf 95' lang='lat' dir='ltr'>  </span> 
     </span>
     <span class='ocr_line' id='line_1_39' title="bbox 0 2695 123 2897; baseline 0 -134"><span class='ocrx_word' id='word_1_350' title='bbox 0 2695 123 2897; x_wconf 95' lang='lat' dir='ltr'>   </span> 
     </span>
     <span class='ocr_line' id='line_1_40' title="bbox 0 2897 118 3097; baseline 0 -66"><span class='ocrx_word' id='word_1_351' title='bbox 0 2897 118 3097; x_wconf 95' lang='lat' dir='ltr'>   </span> 
     </span>
     <span class='ocr_line' id='line_1_41' title="bbox 0 3097 112 3163; baseline 0 691"><span class='ocrx_word' id='word_1_352' title='bbox 0 3097 112 3163; x_wconf 95' lang='lat' dir='ltr'> </span> 
     </span>
     <span class='ocr_line' id='line_1_42' title="bbox 0 3163 114 3228; baseline 0 626"><span class='ocrx_word' id='word_1_353' title='bbox 0 3163 114 3228; x_wconf 95' lang='lat' dir='ltr'> </span> 
     </span>
     <span class='ocr_line' id='line_1_43' title="bbox 0 3228 122 3363; baseline 0 -86"><span class='ocrx_word' id='word_1_354' title='bbox 0 3228 122 3363; x_wconf 95' lang='lat' dir='ltr'>  </span> 
     </span>
     <span class='ocr_line' id='line_1_44' title="bbox 0 3363 128 3564; baseline 0 -65"><span class='ocrx_word' id='word_1_355' title='bbox 0 3363 128 3564; x_wconf 95' lang='lat' dir='ltr'>    </span> 
     </span>
     <span class='ocr_line' id='line_1_45' title="bbox 22 3564 318 3728; baseline 0 -18"><span class='ocrx_word' id='word_1_356' title='bbox 22 3564 318 3728; x_wconf 95' lang='lat' dir='ltr'>   </span> <span class='ocrx_word' id='word_1_357' title='bbox 119 3710 318 3728; x_wconf 95' lang='lat' dir='ltr'> </span> 
     </span>
    </p>
   </div>
   <div class='ocr_carea' id='block_1_8' title="bbox 75 2734 2095 3535">
    <p class='ocr_par' dir='ltr' id='par_1_9' title="bbox 75 2734 2095 3337">
     <span class='ocr_line' id='line_1_46' title="bbox 82 2734 2092 2797; baseline -0.002 -13.908"><span class='ocrx_word' id='word_1_358' title='bbox 82 2734 182 2790; x_wconf 61' lang='grc' dir='ltr'>δι</span> <span class='ocrx_word' id='word_1_359' title='bbox 191 2745 310 2782; x_wconf 74' lang='lat' dir='ltr'>esset</span> <span class='ocrx_word' id='word_1_360' title='bbox 335 2736 485 2796; x_wconf 89' lang='lat' dir='ltr'>aliqua</span> <span class='ocrx_word' id='word_1_361' title='bbox 502 2737 664 2782; x_wconf 86' lang='lat' dir='ltr'>albedo</span> <span class='ocrx_word' id='word_1_362' title='bbox 682 2747 889 2797; x_wconf 86' lang='lat' dir='ltr'>separata</span> <span class='ocrx_word' id='word_1_363' title='bbox 909 2738 1025 2782; x_wconf 89' lang='lat' dir='ltr'>nihil</span> <span class='ocrx_word' id='word_1_364' title='bbox 1051 2739 1094 2783; x_wconf 90' lang='lat' dir='ltr'>ei</span> <span class='ocrx_word' id='word_1_365' title='bbox 1119 2739 1174 2783; x_wconf 91' lang='lat' dir='ltr'>de</span> <span class='ocrx_word' id='word_1_366' title='bbox 1191 2740 1355 2783; x_wconf 88' lang='lat' dir='ltr'>virtute</span> <span class='ocrx_word' id='word_1_367' title='bbox 1372 2738 1592 2783; x_wconf 88' lang='lat' dir='ltr'>albedinis</span> <span class='ocrx_word' id='word_1_368' title='bbox 1609 2739 1766 2782; x_wconf 86' lang='lat' dir='ltr'>deesse</span> <span class='ocrx_word' id='word_1_369' title='bbox 1784 2747 1961 2797; x_wconf 85' lang='lat' dir='ltr'>posset3</span> <span class='ocrx_word' id='word_1_370' title='bbox 1983 2750 2092 2780; x_wconf 90' lang='lat' dir='ltr'>nam</span> 
     </span>
     <span class='ocr_line' id='line_1_47' title="bbox 76 2797 2077 2865; baseline -0.002 -15.928"><span class='ocrx_word' id='word_1_371' title='bbox 76 2797 264 2849; x_wconf 63' lang='lat' dir='ltr'>elicui</span> <span class='ocrx_word' id='word_1_372' title='bbox 282 2801 386 2848; x_wconf 88' lang='lat' dir='ltr'>albo</span> <span class='ocrx_word' id='word_1_373' title='bbox 403 2803 572 2862; x_wconf 87' lang='lat' dir='ltr'>aliquid</span> <span class='ocrx_word' id='word_1_374' title='bbox 589 2803 644 2848; x_wconf 88' lang='lat' dir='ltr'>de</span> <span class='ocrx_word' id='word_1_375' title='bbox 661 2804 825 2849; x_wconf 90' lang='lat' dir='ltr'>virtute</span> <span class='ocrx_word' id='word_1_376' title='bbox 843 2803 1062 2850; x_wconf 89' lang='lat' dir='ltr'>albedinis</span> <span class='ocrx_word' id='word_1_377' title='bbox 1081 2805 1259 2850; x_wconf 88' lang='lat' dir='ltr'>deesset</span> <span class='ocrx_word' id='word_1_378' title='bbox 1275 2821 1328 2850; x_wconf 86' lang='lat' dir='ltr'>ex</span> <span class='ocrx_word' id='word_1_379' title='bbox 1347 2805 1525 2850; x_wconf 89' lang='lat' dir='ltr'>defectu</span> <span class='ocrx_word' id='word_1_380' title='bbox 1541 2805 1798 2865; x_wconf 88' lang='lat' dir='ltr'>recipientis</span> <span class='ocrx_word' id='word_1_381' title='bbox 1821 2804 2077 2848; x_wconf 86' lang='lat' dir='ltr'>albedinem</span> 
     </span>
     <span class='ocr_line' id='line_1_48' title="bbox 98 2867 2091 2932; baseline -0 -17.008"><span class='ocrx_word' id='word_1_382' title='bbox 98 2867 209 2929; x_wconf 75' lang='lat' dir='ltr'>qui</span> <span class='ocrx_word' id='word_1_383' title='bbox 231 2883 336 2915; x_wconf 82' lang='lat' dir='ltr'>eam</span> <span class='ocrx_word' id='word_1_384' title='bbox 367 2870 619 2915; x_wconf 88' lang='lat' dir='ltr'>secundum</span> <span class='ocrx_word' id='word_1_385' title='bbox 656 2870 848 2915; x_wconf 87' lang='lat' dir='ltr'>modum</span> <span class='ocrx_word' id='word_1_386' title='bbox 874 2886 1008 2916; x_wconf 91' lang='lat' dir='ltr'>suum</span> <span class='ocrx_word' id='word_1_387' title='bbox 1034 2873 1207 2932; x_wconf 85' lang='lat' dir='ltr'>recipit,</span> <span class='ocrx_word' id='word_1_388' title='bbox 1235 2883 1279 2917; x_wconf 92' lang='lat' dir='ltr'>et</span> <span class='ocrx_word' id='word_1_389' title='bbox 1309 2872 1501 2917; x_wconf 87' lang='lat' dir='ltr'>fortasse</span> <span class='ocrx_word' id='word_1_390' title='bbox 1527 2887 1622 2917; x_wconf 91' lang='lat' dir='ltr'>non</span> <span class='ocrx_word' id='word_1_391' title='bbox 1659 2872 1911 2917; x_wconf 89' lang='lat' dir='ltr'>secundum</span> <span class='ocrx_word' id='word_1_392' title='bbox 1943 2880 2091 2915; x_wconf 87' lang='lat' dir='ltr'>toturn</span> 
     </span>
     <span class='ocr_line' id='line_1_49' title="bbox 75 2935 2092 3016; baseline 0 -34"><span class='ocrx_word' id='word_1_393' title='bbox 75 2938 265 3004; x_wconf 19' lang='lat' dir='ltr'>&#39;&#39;¹5³&#39;er</span> <span class='ocrx_word' id='word_1_394' title='bbox 289 2935 524 2982; x_wconf 83' lang='lat' dir='ltr'>albedinis.</span> <span class='ocrx_word' id='word_1_395' title='bbox 552 2937 679 2982; x_wconf 89' lang='lat' dir='ltr'>Deus</span> <span class='ocrx_word' id='word_1_396' title='bbox 704 2938 855 2997; x_wconf 89' lang='lat' dir='ltr'>igitur,</span> <span class='ocrx_word' id='word_1_397' title='bbox 882 2939 959 3016; x_wconf 87' lang='lat' dir='ltr'>qui</span> <span class='ocrx_word' id='word_1_398' title='bbox 986 2949 1053 2984; x_wconf 87' lang='lat' dir='ltr'>est</span> <span class='ocrx_word' id='word_1_399' title='bbox 1073 2954 1207 2984; x_wconf 89' lang='lat' dir='ltr'>suum</span> <span class='ocrx_word' id='word_1_400' title='bbox 1235 2953 1347 2994; x_wconf 89' lang='lat' dir='ltr'>esse,</span> <span class='ocrx_word' id='word_1_401' title='bbox 1374 2950 1422 2984; x_wconf 89' lang='lat' dir='ltr'>ut</span> <span class='ocrx_word' id='word_1_402' title='bbox 1447 2940 1688 2999; x_wconf 89' lang='lat' dir='ltr'>probatum</span> <span class='ocrx_word' id='word_1_403' title='bbox 1715 2949 1795 2994; x_wconf 87' lang='lat' dir='ltr'>est,</span> <span class='ocrx_word' id='word_1_404' title='bbox 1825 2938 1963 2982; x_wconf 88' lang='lat' dir='ltr'>habet</span> <span class='ocrx_word' id='word_1_405' title='bbox 1995 2951 2092 2982; x_wconf 87' lang='lat' dir='ltr'>esse</span> 
     </span>
     <span class='ocr_line' id='line_1_50' title="bbox 80 3001 2095 3070; baseline 0 -23"><span class='ocrx_word' id='word_1_406' title='bbox 80 3013 98 3070; x_wconf 38' lang='lat' dir='ltr'>s</span> <span class='ocrx_word' id='word_1_407' title='bbox 130 3001 379 3048; x_wconf 77' lang='lat' dir='ltr'>secundum</span> <span class='ocrx_word' id='word_1_408' title='bbox 406 3014 553 3050; x_wconf 86' lang='lat' dir='ltr'>totam</span> <span class='ocrx_word' id='word_1_409' title='bbox 589 3005 802 3050; x_wconf 88' lang='lat' dir='ltr'>virtutem</span> <span class='ocrx_word' id='word_1_410' title='bbox 827 3006 967 3065; x_wconf 87' lang='lat' dir='ltr'>ipsius</span> <span class='ocrx_word' id='word_1_411' title='bbox 995 3021 1104 3051; x_wconf 89' lang='lat' dir='ltr'>esse.</span> <span class='ocrx_word' id='word_1_412' title='bbox 1132 3007 1240 3051; x_wconf 92' lang='lat' dir='ltr'>Non</span> <span class='ocrx_word' id='word_1_413' title='bbox 1266 3017 1416 3066; x_wconf 88' lang='lat' dir='ltr'>potest</span> <span class='ocrx_word' id='word_1_414' title='bbox 1441 3021 1551 3066; x_wconf 87' lang='lat' dir='ltr'>ergo</span> <span class='ocrx_word' id='word_1_415' title='bbox 1579 3021 1733 3050; x_wconf 87' lang='lat' dir='ltr'>carere</span> <span class='ocrx_word' id='word_1_416' title='bbox 1760 3005 1909 3064; x_wconf 84' lang='lat' dir='ltr'>aliqua</span> <span class='ocrx_word' id='word_1_417' title='bbox 1936 3004 2095 3048; x_wconf 89' lang='lat' dir='ltr'>nobili-</span> 
     </span>
     <span class='ocr_line' id='line_1_51' title="bbox 76 3070 2093 3133; baseline 0.001 -20"><span class='ocrx_word' id='word_1_418' title='bbox 76 3073 96 3133; x_wconf 57' lang='lat' dir='ltr'><strong>j</strong></span> <span class='ocrx_word' id='word_1_419' title='bbox 128 3077 222 3115; x_wconf 81' lang='lat' dir='ltr'>tate</span> <span class='ocrx_word' id='word_1_420' title='bbox 245 3084 362 3129; x_wconf 86' lang='lat' dir='ltr'>quae</span> <span class='ocrx_word' id='word_1_421' title='bbox 384 3070 520 3116; x_wconf 90' lang='lat' dir='ltr'>alicui</span> <span class='ocrx_word' id='word_1_422' title='bbox 545 3072 609 3116; x_wconf 87' lang='lat' dir='ltr'>rei</span> <span class='ocrx_word' id='word_1_423' title='bbox 642 3082 900 3131; x_wconf 79' lang='lat' dir='ltr'>competat3</span> <span class='ocrx_word' id='word_1_424' title='bbox 926 3073 1043 3118; x_wconf 90' lang='lat' dir='ltr'>sicut</span> <span class='ocrx_word' id='word_1_425' title='bbox 1070 3083 1222 3118; x_wconf 85' lang='lat' dir='ltr'>autem</span> <span class='ocrx_word' id='word_1_426' title='bbox 1256 3074 1405 3118; x_wconf 90' lang='lat' dir='ltr'>omnis</span> <span class='ocrx_word' id='word_1_427' title='bbox 1427 3073 1639 3118; x_wconf 86' lang='lat' dir='ltr'>nobilitas</span> <span class='ocrx_word' id='word_1_428' title='bbox 1663 3083 1706 3117; x_wconf 90' lang='lat' dir='ltr'>et</span> <span class='ocrx_word' id='word_1_429' title='bbox 1731 3071 1948 3132; x_wconf 90' lang='lat' dir='ltr'>perfectio</span> <span class='ocrx_word' id='word_1_430' title='bbox 1975 3072 2093 3115; x_wconf 88' lang='lat' dir='ltr'>inest</span> 
     </span>
     <span class='ocr_line' id='line_1_52' title="bbox 78 3136 2093 3198; baseline 0.001 -18"><span class='ocrx_word' id='word_1_431' title='bbox 78 3136 197 3190; x_wconf 50' lang='lat' dir='ltr'>{rei</span> <span class='ocrx_word' id='word_1_432' title='bbox 219 3137 469 3182; x_wconf 87' lang='lat' dir='ltr'>secundum</span> <span class='ocrx_word' id='word_1_433' title='bbox 497 3139 620 3197; x_wconf 88' lang='lat' dir='ltr'>quod</span> <span class='ocrx_word' id='word_1_434' title='bbox 647 3148 727 3193; x_wconf 91' lang='lat' dir='ltr'>est,</span> <span class='ocrx_word' id='word_1_435' title='bbox 749 3140 811 3183; x_wconf 89' lang='lat' dir='ltr'>ita</span> <span class='ocrx_word' id='word_1_436' title='bbox 846 3140 996 3184; x_wconf 91' lang='lat' dir='ltr'>omnis</span> <span class='ocrx_word' id='word_1_437' title='bbox 1030 3140 1233 3186; x_wconf 89' lang='lat' dir='ltr'>defectus</span> <span class='ocrx_word' id='word_1_438' title='bbox 1259 3141 1375 3186; x_wconf 88' lang='lat' dir='ltr'>inest</span> <span class='ocrx_word' id='word_1_439' title='bbox 1407 3141 1448 3185; x_wconf 87' lang='lat' dir='ltr'>ei</span> <span class='ocrx_word' id='word_1_440' title='bbox 1485 3141 1737 3184; x_wconf 91' lang='lat' dir='ltr'>secundum</span> <span class='ocrx_word' id='word_1_441' title='bbox 1770 3139 1891 3198; x_wconf 91' lang='lat' dir='ltr'>quod</span> <span class='ocrx_word' id='word_1_442' title='bbox 1925 3138 2093 3196; x_wconf 87' lang='lat' dir='ltr'>aliqua-</span> 
     </span>
     <span class='ocr_line' id='line_1_53' title="bbox 129 3201 2093 3263; baseline 0 -15.976"><span class='ocrx_word' id='word_1_443' title='bbox 129 3201 231 3247; x_wconf 84' lang='lat' dir='ltr'>liter</span> <span class='ocrx_word' id='word_1_444' title='bbox 246 3217 340 3248; x_wconf 90' lang='lat' dir='ltr'>non</span> <span class='ocrx_word' id='word_1_445' title='bbox 366 3213 448 3251; x_wconf 84' lang='lat' dir='ltr'>est.</span> <span class='ocrx_word' id='word_1_446' title='bbox 472 3204 599 3250; x_wconf 88' lang='lat' dir='ltr'>Deus</span> <span class='ocrx_word' id='word_1_447' title='bbox 625 3216 778 3250; x_wconf 85' lang='lat' dir='ltr'>autem</span> <span class='ocrx_word' id='word_1_448' title='bbox 804 3207 920 3251; x_wconf 91' lang='lat' dir='ltr'>sicut</span> <span class='ocrx_word' id='word_1_449' title='bbox 936 3207 1075 3252; x_wconf 88' lang='lat' dir='ltr'>habet</span> <span class='ocrx_word' id='word_1_450' title='bbox 1099 3222 1197 3252; x_wconf 90' lang='lat' dir='ltr'>esse</span> <span class='ocrx_word' id='word_1_451' title='bbox 1224 3208 1437 3263; x_wconf 88' lang='lat' dir='ltr'>totaliter,</span> <span class='ocrx_word' id='word_1_452' title='bbox 1462 3208 1523 3251; x_wconf 86' lang='lat' dir='ltr'>ita</span> <span class='ocrx_word' id='word_1_453' title='bbox 1542 3208 1595 3251; x_wconf 89' lang='lat' dir='ltr'>ab</span> <span class='ocrx_word' id='word_1_454' title='bbox 1616 3221 1672 3250; x_wconf 90' lang='lat' dir='ltr'>eo</span> <span class='ocrx_word' id='word_1_455' title='bbox 1698 3205 1897 3250; x_wconf 89' lang='lat' dir='ltr'>totaliter</span> <span class='ocrx_word' id='word_1_456' title='bbox 1920 3205 2093 3249; x_wconf 84' lang='lat' dir='ltr'>absistit</span> 
     </span>
     <span class='ocr_line' id='line_1_54' title="bbox 129 3270 2090 3333; baseline 0.001 -18.975"><span class='ocrx_word' id='word_1_457' title='bbox 129 3282 224 3315; x_wconf 83' lang='lat' dir='ltr'>non</span> <span class='ocrx_word' id='word_1_458' title='bbox 248 3282 361 3325; x_wconf 88' lang='lat' dir='ltr'>esse,</span> <span class='ocrx_word' id='word_1_459' title='bbox 392 3270 496 3330; x_wconf 91' lang='lat' dir='ltr'>quia</span> <span class='ocrx_word' id='word_1_460' title='bbox 522 3285 602 3330; x_wconf 87' lang='lat' dir='ltr'>per</span> <span class='ocrx_word' id='word_1_461' title='bbox 632 3273 824 3317; x_wconf 90' lang='lat' dir='ltr'>modum</span> <span class='ocrx_word' id='word_1_462' title='bbox 850 3288 932 3332; x_wconf 90' lang='lat' dir='ltr'>per</span> <span class='ocrx_word' id='word_1_463' title='bbox 957 3288 1094 3333; x_wconf 89' lang='lat' dir='ltr'>quem</span> <span class='ocrx_word' id='word_1_464' title='bbox 1122 3274 1258 3319; x_wconf 89' lang='lat' dir='ltr'>habet</span> <span class='ocrx_word' id='word_1_465' title='bbox 1285 3274 1453 3333; x_wconf 88' lang='lat' dir='ltr'>aliquid</span> <span class='ocrx_word' id='word_1_466' title='bbox 1480 3288 1578 3318; x_wconf 79' lang='lat' dir='ltr'>esse</span> <span class='ocrx_word' id='word_1_467' title='bbox 1606 3273 1756 3318; x_wconf 87' lang='lat' dir='ltr'>deficit</span> <span class='ocrx_word' id='word_1_468' title='bbox 1788 3287 1812 3316; x_wconf 91' lang='lat' dir='ltr'>a</span> <span class='ocrx_word' id='word_1_469' title='bbox 1837 3286 1931 3316; x_wconf 89' lang='lat' dir='ltr'>non</span> <span class='ocrx_word' id='word_1_470' title='bbox 1966 3285 2090 3326; x_wconf 83' lang='lat' dir='ltr'>esse3</span> 
     </span>
    </p>

    <p class='ocr_par' dir='ltr' id='par_1_10' title="bbox 84 3335 2091 3533">
     <span class='ocr_line' id='line_1_55' title="bbox 84 3335 2091 3416; baseline 0 -35"><span class='ocrx_word' id='word_1_471' title='bbox 84 3337 89 3363; x_wconf 63' lang='grc' dir='ltr'>’ἓ</span> <span class='ocrx_word' id='word_1_472' title='bbox 128 3339 173 3383; x_wconf 66' lang='grc' dir='ltr'><em>ἐ</em></span> <span class='ocrx_word' id='word_1_473' title='bbox 180 3335 285 3382; x_wconf 82' lang='grc' dir='ltr'>1)εο</span> <span class='ocrx_word' id='word_1_474' title='bbox 310 3351 421 3395; x_wconf 89' lang='lat' dir='ltr'>ergo</span> <span class='ocrx_word' id='word_1_475' title='bbox 453 3338 606 3383; x_wconf 83' lang='lat' dir='ltr'>omnis</span> <span class='ocrx_word' id='word_1_476' title='bbox 636 3338 839 3385; x_wconf 87' lang='lat' dir='ltr'>defectus</span> <span class='ocrx_word' id='word_1_477' title='bbox 872 3340 1096 3386; x_wconf 89' lang='lat' dir='ltr'>abscedit:</span> <span class='ocrx_word' id='word_1_478' title='bbox 1125 3351 1192 3386; x_wconf 89' lang='lat' dir='ltr'>est</span> <span class='ocrx_word' id='word_1_479' title='bbox 1228 3342 1365 3399; x_wconf 86' lang='lat' dir='ltr'>igitur</span> <span class='ocrx_word' id='word_1_480' title='bbox 1391 3339 1704 3384; x_wconf 89' lang='lat' dir='ltr'>universaliter</span> <span class='ocrx_word' id='word_1_481' title='bbox 1734 3339 1974 3416; x_wconf 79' lang='lat' dir='ltr'>perfectus.</span> <span class='ocrx_word' id='word_1_482' title='bbox 1999 3339 2091 3383; x_wconf 89' lang='lat' dir='ltr'>Ista</span> 
     </span>
     <span class='ocr_line' id='line_1_56' title="bbox 93 3405 2089 3468; baseline 0.001 -20.034"><span class='ocrx_word' id='word_1_483' title='bbox 93 3409 240 3448; x_wconf 58' lang='lat' dir='ltr'>vero</span> <span class='ocrx_word' id='word_1_484' title='bbox 265 3417 382 3463; x_wconf 81' lang='lat' dir='ltr'>quae</span> <span class='ocrx_word' id='word_1_485' title='bbox 405 3414 582 3450; x_wconf 84' lang='lat' dir='ltr'>tanturn</span> <span class='ocrx_word' id='word_1_486' title='bbox 615 3416 720 3451; x_wconf 90' lang='lat' dir='ltr'>sunt</span> <span class='ocrx_word' id='word_1_487' title='bbox 748 3420 843 3451; x_wconf 89' lang='lat' dir='ltr'>non</span> <span class='ocrx_word' id='word_1_488' title='bbox 880 3418 985 3452; x_wconf 89' lang='lat' dir='ltr'>sunt</span> <span class='ocrx_word' id='word_1_489' title='bbox 1010 3408 1277 3468; x_wconf 86' lang='lat' dir='ltr'>imperfecta</span> <span class='ocrx_word' id='word_1_490' title='bbox 1310 3418 1493 3466; x_wconf 89' lang='lat' dir='ltr'>propter</span> <span class='ocrx_word' id='word_1_491' title='bbox 1524 3405 1918 3465; x_wconf 88' lang='lat' dir='ltr'>imperfectionem</span> <span class='ocrx_word' id='word_1_492' title='bbox 1950 3406 2089 3466; x_wconf 86' lang='lat' dir='ltr'>ipsius</span> 
     </span>
     <span class='ocr_line' id='line_1_57' title="bbox 93 3470 2088 3535; baseline 0.001 -20.036"><span class='ocrx_word' id='word_1_493' title='bbox 93 3481 230 3535; x_wconf 67' lang='lat' dir='ltr'>me</span> <span class='ocrx_word' id='word_1_494' title='bbox 254 3470 464 3526; x_wconf 83' lang='lat' dir='ltr'>absoluti3</span> <span class='ocrx_word' id='word_1_495' title='bbox 489 3486 584 3517; x_wconf 92' lang='lat' dir='ltr'>non</span> <span class='ocrx_word' id='word_1_496' title='bbox 610 3473 735 3518; x_wconf 90' lang='lat' dir='ltr'>enim</span> <span class='ocrx_word' id='word_1_497' title='bbox 765 3473 864 3533; x_wconf 87' lang='lat' dir='ltr'>ipsa</span> <span class='ocrx_word' id='word_1_498' title='bbox 888 3475 1058 3519; x_wconf 88' lang='lat' dir='ltr'>habent</span> <span class='ocrx_word' id='word_1_499' title='bbox 1090 3490 1189 3520; x_wconf 88' lang='lat' dir='ltr'>esse</span> <span class='ocrx_word' id='word_1_500' title='bbox 1221 3476 1472 3520; x_wconf 89' lang='lat' dir='ltr'>secundum</span> <span class='ocrx_word' id='word_1_501' title='bbox 1499 3488 1632 3518; x_wconf 90' lang='lat' dir='ltr'>suum</span> <span class='ocrx_word' id='word_1_502' title='bbox 1653 3483 1801 3519; x_wconf 88' lang='lat' dir='ltr'>totum</span> <span class='ocrx_word' id='word_1_503' title='bbox 1827 3488 1976 3533; x_wconf 88' lang='lat' dir='ltr'>posse,</span> <span class='ocrx_word' id='word_1_504' title='bbox 2009 3473 2088 3518; x_wconf 88' lang='lat' dir='ltr'>sed</span> 
     </span>
    </p>
   </div>
   <div class='ocr_carea' id='block_1_9' title="bbox 81 3536 2091 3651">
    <p class='ocr_par' dir='ltr' id='par_1_11' title="bbox 81 3536 2091 3651">
     <span class='ocr_line' id='line_1_58' title="bbox 81 3536 2091 3651; baseline 0.002 -69.069"><span class='ocrx_word' id='word_1_505' title='bbox 81 3536 399 3651; x_wconf 49' lang='lat' dir='ltr'>ffmpant</span> <span class='ocrx_word' id='word_1_506' title='bbox 427 3551 526 3584; x_wconf 85' lang='lat' dir='ltr'>esse</span> <span class='ocrx_word' id='word_1_507' title='bbox 559 3540 812 3585; x_wconf 86' lang='lat' dir='ltr'>secundum</span> <span class='ocrx_word' id='word_1_508' title='bbox 844 3541 1093 3601; x_wconf 90' lang='lat' dir='ltr'>quemdam</span> <span class='ocrx_word' id='word_1_509' title='bbox 1126 3541 1445 3602; x_wconf 86' lang='lat' dir='ltr'>particularem</span> <span class='ocrx_word' id='word_1_510' title='bbox 1478 3541 1685 3596; x_wconf 90' lang='lat' dir='ltr'>modurn,</span> <span class='ocrx_word' id='word_1_511' title='bbox 1718 3551 1763 3586; x_wconf 90' lang='lat' dir='ltr'>et</span> <span class='ocrx_word' id='word_1_512' title='bbox 1797 3540 2091 3601; x_wconf 89' lang='lat' dir='ltr'>imperfectis-</span> 
     </span>
     <span class='ocr_line' id='line_1_59' title="bbox 219 3616 298 3648; baseline 0 0"><span class='ocrx_word' id='word_1_513' title='bbox 219 3616 298 3648; x_wconf 80' lang='lat' dir='ltr'>um</span> 
     </span>
    </p>
   </div>
  </div>
 </body>
</html>
