2332 3854
0 2775 1 2781 ⁴
0 2569 22 2738 1343,;
9 2539 13 2544 .
5 2478 17 2512 μὴ
1 2304 10 2406 »ψ-Μ*

857 254 1013 293 mnan
1049 254 1128 293 111.
1169 254 1290 294 CAP.
1330 254 1384 292 x.
1987 256 2085 310 301

141 354 387 400 voluntatis
413 363 478 399 est
504 352 623 399 velle
650 363 696 398 et
720 368 815 398 non
841 354 984 409 velle;
1011 355 1211 415 itemque
1239 364 1306 400 est
1334 354 1381 398 in
1406 363 1630 414 potestate
1662 355 1802 414 ipsius
1829 357 1951 414 quod
1978 356 2093 400 ratio

141 432 245 466 actu
271 421 540 474 consideret,
565 419 638 464 vel
663 434 687 464 a
715 421 1080 466 consideratione
1111 422 1310 475 desistat,
1338 431 1415 466 aut
1439 422 1560 480 quod
1588 422 1678 465 hoc
1705 421 1779 466 vel
1806 421 1915 465 illud
1951 423 2097 467 consi-

141 489 280 532 deret.
307 488 403 532 Nec
429 497 584 531 tamen
609 487 694 531 iste
720 486 921 531 defectus
955 498 1021 532 est
1047 487 1221 532 malum
1253 487 1450 543 morale;
1483 488 1521 532 si
1552 488 1675 532 enim
1708 489 1822 533 ratio
1849 488 1964 532 nihil
1991 503 2097 533 con-

140 554 316 609 sideret,
342 553 416 597 vel
442 554 698 598 consideret
723 554 896 598 bonum
917 555 1255 614 quodcumque,
1281 555 1485 599 nondum
1505 565 1572 599 est
1597 565 1835 614 peccatum
1859 570 2094 615 quousque

139 620 349 665 voluntas
376 621 422 664 in
439 620 576 664 finem
598 620 848 665 indebitum
871 621 1050 674 tendat;
1077 622 1198 679 quod
1231 624 1325 680 jam
1353 633 1419 666 est
1444 622 1689 666 voluntatis
1716 632 1855 666 actus.

230 687 305 731 Sic
331 687 482 746 igitur,
509 698 603 732 tam
631 686 677 730 in
706 686 969 740 moralibus,
995 701 1135 746 quam
1162 689 1207 731 in
1234 688 1527 744 naturalibus,
1553 698 1676 748 patet
1707 688 1829 749 quod
1864 688 2037 733 malum
2071 703 2096 733 a

140 754 264 798 bono
290 769 383 799 non
406 764 629 809 causatur,
655 754 742 798 nisi
766 767 846 813 per
872 754 1096 800 accidens.

922 923 1176 979 CAPUT
1218 925 1316 979 XI.
1502 912 1504 914 ’
1697 965 1725 977 2

474 1058 634 1105 QUOD
676 1058 870 1096 MALUM
910 1059 965 1097 IN
1006 1058 1215 1104 ALIQUO
1256 1058 1410 1098 BONO
1454 1060 1768 1100 FUNDATUR.

350 1168 406 1226 (I.
430 1173 545 1227 part.
579 1173 730 1226 quaest.
764 1168 919 1212 XLIX.
952 1174 1033 1212 art.
1063 1183 1099 1226 3.
1132 1174 1170 1212 et
1195 1168 1263 1212 De
1289 1168 1416 1221 male,
1443 1174 1592 1226 quaest.
1626 1169 1661 1213 I.
1694 1175 1778 1213 art.
1810 1169 1887 1227 2.).

229 1286 295 1331 Ex
320 1286 577 1347 praemissis
604 1286 743 1330 etiam
766 1286 945 1331 ostendi
961 1295 1110 1345 potest
1132 1286 1253 1346 quod
1277 1301 1416 1332 omne
1438 1286 1614 1331 malum
1642 1295 1708 1331 est
1733 1287 1780 1331 in
1802 1286 1955 1346 aliquo
1971 1287 2096 1332 bono

140 1352 394 1399 fundatum.

228 1419 403 1464 Malum
429 1420 552 1464 enim
584 1434 677 1464 non
704 1430 855 1479 potest
881 1435 982 1465 esse
1009 1435 1089 1479 per
1120 1434 1170 1464 se
1206 1420 1437 1473 exsistens,
1471 1433 1612 1478 quum
1638 1434 1733 1463 non
1765 1420 1821 1464 sit
1854 1421 2099 1474 essentiam

139 1487 330 1541 habens,
355 1497 404 1532 ut
434 1501 569 1546 supra
602 1489 662 1546 (c.
698 1487 760 1545 7.)
797 1498 1033 1532 ostensum
1076 1496 1157 1533 est.
1197 1487 1395 1545 Oportet
1428 1486 1564 1544 igitur
1601 1487 1722 1545 quod
1763 1487 1938 1531 malum
1964 1488 2021 1532 sit
2051 1488 2098 1532 in

141 1553 294 1612 aliquo
321 1554 540 1612 subiecto.
571 1554 726 1599 Omne
750 1564 902 1598 autem
929 1554 1197 1612 subjectum,
1225 1568 1366 1612 quum
1393 1553 1449 1596 sit
1475 1553 1722 1597 substantia
1748 1555 1990 1613 quaedam,
2023 1556 2099 1600 bo-

139 1635 252 1664 num
283 1621 513 1679 quoddam
551 1631 631 1676 est,
670 1631 719 1665 ut
756 1636 810 1665 ex
849 1620 1110 1680 praemissis
1141 1620 1290 1678 (ibid.)
1316 1629 1451 1678 patet.
1483 1620 1637 1665 Omne
1674 1621 1810 1679 igitur
1843 1620 2019 1665 malum
2051 1622 2098 1665 in

139 1687 263 1732 bono
291 1686 443 1747 aliquo
471 1697 551 1731 est.

229 1754 419 1798 Adhuc:
441 1753 617 1798 malum
642 1754 833 1814 privatio
867 1754 1093 1813 quaedam
1127 1763 1208 1808 est,
1241 1763 1290 1797 ut
1327 1767 1380 1797 ex
1421 1754 1682 1812 praemissis
1724 1762 1859 1812 patet.
1897 1754 2098 1800 Privatio

140 1830 294 1865 autem
320 1830 364 1868 et
387 1819 536 1865 forma
568 1821 741 1879 privata
771 1820 817 1863 in
855 1821 1020 1865 eodem
1058 1820 1262 1878 subjecto
1300 1829 1427 1874 sunt;
1467 1820 1698 1877 objectum
1732 1831 1886 1864 autem
1918 1820 2097 1866 formae

140 1897 210 1932 est
233 1902 313 1932 ens
338 1887 386 1931 in
410 1887 613 1946 potentia
641 1887 696 1931 ad
722 1886 938 1941 formam,
965 1887 1088 1946 quod
1113 1887 1288 1931 bonum
1316 1896 1397 1940 est,
1424 1901 1532 1929 nam
1554 1886 1600 1930 in
1620 1887 1783 1930 eodem
1802 1901 1970 1945 genere
1993 1898 2098 1933 sunt

138 1955 344 2013 potentia
368 1964 413 2000 et
438 1963 578 1999 actus.
605 1954 804 1998 Privatio
829 1954 979 2013 igitur,
1006 1954 1128 2013 quod
1155 1953 1330 1998 malum
1357 1963 1437 2006 est,
1471 1963 1540 1997 est
1564 1954 1611 1996 in
1637 1954 1760 1998 bono
1795 1954 1948 2013 aliquo
1981 1955 2099 2000 sicut

139 2021 187 2066 in
218 2021 436 2079 subjecte.
576 2064 580 2066 ,

229 2087 465 2147 Amplius:
492 2101 546 2132 ex
570 2088 662 2132 hoc
689 2087 852 2132 dicitur
878 2087 1046 2147 aliquid
1071 2086 1245 2132 malum
1273 2087 1378 2146 quia
1403 2097 1554 2141 nocet,
1579 2101 1674 2131 non
1701 2098 1854 2133 autern
1879 2089 1967 2134 nisi
1989 2090 2096 2148 quia

140 2165 279 2200 nocet
302 2155 448 2209 bono;
474 2169 641 2199 nocere
669 2155 790 2198 enirn
818 2154 942 2198 malo
971 2155 1142 2198 bonum
1177 2164 1257 2207 est,
1291 2168 1432 2212 quum
1466 2155 1699 2213 corruptio
1733 2154 1843 2198 mali
1876 2156 1933 2200 sit
1963 2156 2098 2201 bona.

141 2222 248 2268 Non
273 2230 427 2266 autem
452 2231 652 2275 noceret,
678 2220 929 2265 formaliter
960 2221 1207 2280 loquendo,
1227 2222 1365 2275 bono,
1392 2221 1479 2265 nisi
1505 2232 1622 2265 esset
1642 2222 1688 2264 in
1717 2222 1867 2276 bono;
1894 2224 1957 2266 sic
1976 2223 2099 2267 enim

141 2289 337 2335 caecitas
362 2289 541 2333 homini
567 2299 718 2344 nocet,
744 2289 791 2332 in
818 2299 1040 2348 quantum
1065 2289 1112 2332 in
1138 2289 1239 2348 ipso
1267 2298 1346 2332 est.
1376 2288 1574 2347 Oportet
1601 2289 1738 2347 igitur
1770 2289 1893 2348 quod
1927 2289 2100 2334 malum

141 2355 199 2401 sit
221 2356 271 2400 in
294 2356 434 2401 bono.

228 2424 367 2468 Item:
395 2421 570 2467 malum
594 2436 688 2466 non
716 2432 925 2466 causatur
951 2422 1039 2467 nisi
1061 2437 1087 2466 a
1114 2423 1254 2476 bono,
1281 2432 1326 2467 et
1348 2422 1427 2481 per
1464 2421 1676 2467 accidens
1710 2433 1903 2467 tantum.
1941 2423 2098 2468 Omne

142 2499 294 2535 autem
319 2490 441 2549 quod
468 2500 535 2534 est
560 2504 638 2548 per
661 2490 871 2534 accidens
897 2489 1126 2534 reducitur
1153 2490 1207 2533 ad
1234 2489 1280 2533 id
1308 2488 1430 2548 quod
1457 2499 1523 2533 est
1549 2504 1629 2547 per
1651 2504 1712 2534 se.
1744 2490 1943 2548 Oportet
1964 2490 2101 2549 igitur

141 2570 321 2615 semper
346 2570 453 2600 cum
484 2556 608 2600 malo
637 2566 839 2610 causato,
865 2556 988 2615 quod
1016 2566 1082 2600 est
1110 2556 1297 2600 effectus
1323 2556 1433 2599 boni
1451 2570 1529 2614 per
1553 2556 1779 2610 accidens,
1802 2571 1901 2601 esse
1922 2558 2097 2601 bonum

142 2623 340 2682 aliquod,
365 2623 488 2682 quod
515 2633 582 2667 est
608 2622 794 2668 effectus
820 2623 930 2667 boni
955 2638 1035 2682 per
1060 2637 1123 2677 se,
1150 2625 1211 2667 ita
1237 2623 1359 2681 quod
1386 2624 1443 2667 sit
1474 2622 1824 2667 fundamentum
1848 2625 1968 2682 eJus3
1991 2638 2100 2668 nam

141 2690 265 2750 quod
291 2698 357 2735 est
381 2704 461 2750 per
482 2690 694 2737 accidens
718 2689 931 2734 fundatur
956 2704 1091 2748 super
1115 2690 1160 2732 id
1187 2690 1310 2748 quod
1337 2700 1405 2734 est
1429 2704 1510 2748 per
1536 2704 1598 2734 se.

230 2756 336 2811 Sed,
362 2771 504 2816 quum
534 2757 708 2801 bonum
741 2767 785 2801 et
816 2756 991 2800 malum
1023 2756 1112 2800 sint
1144 2756 1369 2815 opposita,
1405 2770 1548 2799 unum
1586 2766 1740 2800 autem
1778 2757 2099 2815 oppositorum

141 2837 237 2868 non
261 2824 404 2883 possit
429 2837 529 2868 esse
555 2823 738 2867 alterius
765 2823 1033 2880 subJectum,
1060 2822 1139 2867 sed
1165 2821 1363 2882 expellat
1392 2823 1558 2881 ipsum,
1584 2822 1762 2867 videtur
1788 2823 1925 2868 alicui
1950 2824 2100 2883 primo

145 2883 331 2949 aspectu
357 2903 455 2934 esse
481 2890 808 2934 inconveniens
834 2891 871 2933 si
895 2890 1069 2933 bonum
1092 2889 1347 2947 subjectum
1373 2888 1484 2933 mali
1517 2903 1613 2933 esse
1640 2890 1828 2935 dicatur.

231 2955 338 3000 Non
365 2966 433 3000 est
458 2966 610 3000 autem
642 2956 984 3009 inconveniens,
1011 2956 1050 2999 si
1080 2956 1246 3000 veritas
1278 2956 1574 3015 perquiratur.
1612 2956 1733 3000 Nam
1766 2957 1941 3002 bonum
1973 2971 2101 3002 com·

143 3023 340 3068 munitet
365 3022 528 3067 dicitur
554 3024 670 3067 sicut
695 3032 739 3066 et
770 3036 864 3077 ens,
899 3036 1040 3082 quum
1078 3036 1216 3066 omne
1254 3036 1348 3075 ens,
1386 3023 1433 3066 in
1470 3032 1691 3081 quantum
1732 3023 2013 3082 hujusmodi,
2045 3025 2103 3070 sit

141 3090 331 3144 bonum,
357 3099 406 3133 ut
430 3089 671 3148 probatum
698 3098 764 3133 est
789 3089 952 3148 (ibid).
981 3089 1088 3134 Non
1116 3099 1183 3133 est
1211 3099 1364 3147 autern
1390 3089 1720 3134 inconveniens
1748 3100 1798 3135 ut
1823 3105 1918 3135 non
1944 3106 2024 3136 ens
2046 3092 2104 3136 sit

142 3156 192 3201 in
216 3165 319 3200 ente
345 3156 463 3200 sicut
480 3155 527 3199 in
552 3155 781 3213 subject03
808 3156 1001 3214 privatio
1030 3156 1153 3199 enim
1179 3154 1407 3214 quaelibet
1433 3166 1500 3200 est
1525 3169 1618 3199 non
1636 3170 1729 3210 ens,
1753 3166 1798 3200 et
1822 3166 1975 3202 tamen
1998 3160 2100 3203 sub-

142 3223 312 3282 jectum
340 3223 436 3280 ejus
462 3233 530 3266 est
554 3222 818 3276 substantia,
845 3237 961 3281 quae
995 3232 1062 3266 est
1087 3236 1166 3266 ens
1195 3221 1392 3280 aliquod.
1420 3222 1528 3266 Non
1553 3233 1708 3266 tamen
1734 3237 1828 3267 non
1854 3238 1935 3269 ens
1963 3235 2031 3270 est
2054 3226 2101 3270 in

145 3299 250 3335 ente
274 3289 358 3334 sibi
383 3289 596 3348 opposito
628 3290 745 3334 sicut
775 3290 821 3332 in
853 3289 1083 3346 subject03
1117 3290 1312 3332 caecitas
1340 3289 1463 3332 enim
1490 3303 1584 3332 non
1613 3300 1680 3334 est
1705 3304 1799 3333 non
1823 3304 1902 3335 ens
1928 3292 2102 3336 univer-

143 3355 253 3411 sale,
279 3355 357 3401 sed
383 3370 477 3400 non
503 3370 582 3400 ens
607 3356 712 3410 hoc,
740 3370 831 3414 quo
857 3356 1031 3400 scilicet
1051 3355 1225 3399 tollitur
1251 3355 1396 3408 visus3
1423 3369 1516 3398 non
1541 3365 1607 3399 est
1632 3356 1768 3414 igitur
1794 3357 1839 3400 in
1866 3357 1963 3401 visu
1986 3358 2103 3403 sicut

144 3424 192 3467 in
216 3423 436 3481 subjecto,
462 3422 540 3467 sed
566 3423 614 3467 in
640 3421 841 3466 animali.
861 3421 1080 3466 Similiter
1103 3433 1256 3465 autem
1283 3421 1457 3465 malum
1484 3436 1577 3466 non
1595 3433 1663 3466 est
1689 3422 1806 3467 sicut
1826 3423 1872 3467 in
1895 3424 2100 3482 subjecto

144 3488 191 3535 in
217 3488 339 3533 bono
366 3489 450 3533 sibi
477 3489 703 3548 opposito,
729 3489 808 3533 sed
834 3488 926 3532 hoc
953 3503 1032 3547 per
1060 3489 1234 3532 malum
1260 3487 1448 3542 tollitur,
1475 3489 1553 3532 sed
1579 3489 1626 3532 in
1654 3488 1807 3548 aliquo
1835 3489 1925 3534 alio
1952 3490 2100 3546 bono;

146 3554 262 3599 sicut
278 3554 452 3599 malurn
479 3555 620 3599 moris
647 3565 715 3599 est
739 3555 783 3598 in
808 3555 931 3599 bono
958 3565 1170 3609 naturae3
1198 3554 1371 3599 malum
1391 3564 1544 3599 autem
1562 3564 1765 3611 naturae,
1791 3557 1914 3615 quod
1937 3567 2004 3603 est
2020 3559 2102 3617 pri-

146 3621 270 3668 vatio
294 3620 486 3676 formae,
512 3631 580 3667 est
602 3621 651 3666 in
677 3620 882 3677 materia,
905 3635 1021 3680 quae
1047 3631 1115 3667 est
1140 3621 1314 3665 bonum
1340 3621 1457 3666 sicut
1483 3621 1621 3666 etiam
1645 3635 1724 3668 ens
1750 3623 1796 3667 in
1823 3625 2040 3683 potentia.
