2332 3854
875 241 1031 282 Lumn
1068 241 1104 281 1.
1147 241 1266 282 cu.
1309 240 1401 281 cn.
2008 241 2106 297 117

922 493 1177 550 CAPUT
1218 493 1340 551 CII.

293 634 482 682 QUOD
534 635 766 675 DIVINA
816 636 1210 675 BEATITUDO
1264 635 1805 676 PERFECTISSIMA
1855 635 1974 674 EST

489 709 802 755 OMNEMQUE
841 710 1011 749 ALIAM
1050 710 1469 751 BEATITUDINEM
1506 710 1768 750 EXCEDIT·

726 819 782 877 (Ι.
806 826 926 880 part.
957 828 1111 880 quaest.
1145 822 1303 866 XXVI.
1336 829 1417 866 art.
1452 822 1532 880 4.).

164 970 166 972 ψ
244 937 447 984 Ulterius
464 948 617 984 autem
640 953 695 984 ex
711 938 971 998 praemissis
989 939 1266 984 considerari
1282 949 1432 999 potest
1448 939 1735 984 beatitudinis
1760 937 1942 984 divinae
1965 938 2109 986 excel-

45 1037 66 1051 „x
155 1006 308 1055 lentia.
338 1007 527 1060 Quanto
554 1008 676 1051 enim
704 1006 872 1066 aliquid
897 1008 1192 1066 propinquius
1214 1017 1281 1051 est
1305 1007 1586 1061 beatitudini,
1607 1017 1734 1051 tanto
1753 1005 1992 1066 perfectius
2009 1006 2110 1051 bea-

43 1070 79 1128 ’ἦ
139 1083 254 1127 tum
279 1084 367 1119 est:
399 1074 519 1118 unde
545 1083 590 1118 et
621 1073 659 1118 si
683 1072 845 1132 aliquis
871 1084 1056 1133 propter
1080 1088 1210 1133 spem
1242 1074 1530 1118 beatitudinis
1564 1074 1838 1118 obtinendae
1863 1073 2021 1119 beatus
2047 1074 2110 1118 di-

80 1174 82 1178 ,
139 1141 286 1196 citur,
309 1140 439 1186 nullo
471 1141 613 1186 modo
645 1155 727 1185 sua
750 1140 981 1185 beatitudo
1017 1151 1309 1200 comparatur
1345 1142 1439 1199 ejus
1475 1140 1742 1185 beatitudini
1778 1140 1856 1199 qui
1887 1155 1990 1185 eam
2014 1141 2109 1200 jam

137 1217 260 1270 ,actu
285 1218 556 1254 consecutus
585 1217 665 1253 est.
692 1207 1139 1267 Propinquissimum
1170 1218 1323 1252 autem
1350 1218 1420 1252 est
1444 1207 1726 1261 beatitudini,
1758 1207 1882 1267 quod
1914 1218 1983 1252 est
2011 1207 2107 1267 ipsa

2 1301 3 1304 =
51 1273 401 1330 ᾁζιέϊιδεειὶῑαάο,
428 1274 550 1334 quod
576 1274 631 1319 de
657 1275 759 1320 Deo
801 1284 1037 1320 ostensum
1063 1284 1131 1320 est
1156 1276 1218 1332 (c.
1251 1275 1382 1332 101.).
1410 1274 1511 1333 Ipse
1538 1285 1605 1319 est
1637 1274 1776 1333 igitur
1815 1274 2106 1334 singulariter

134 1340 349 1403 „perfecte
374 1342 547 1387 beatus.

137 1443 141 1451 2
239 1409 379 1455 Item:
406 1423 509 1454 cum
533 1408 776 1454 delectatio
804 1423 856 1453 ex
884 1422 1041 1454 amore
1064 1419 1288 1463 causetur,
1309 1418 1357 1453 ut
1385 1418 1620 1454 ostensum
1646 1417 1713 1453 est
1735 1410 1796 1465 (c.
1815 1411 1924 1470 91.),
1942 1409 2020 1453 ubi
2040 1419 2108 1455 est

135 1476 301 1536 ‚major
325 1489 470 1530 amor,
497 1485 542 1521 et
566 1477 715 1536 major
739 1475 982 1520 delectatio
1007 1477 1054 1520 in
1087 1476 1414 1521 consecutione
1448 1475 1602 1521 amati.
1631 1475 1721 1519 Sed
1749 1477 2107 1536 unumquodque

59 1558 108 1593 A*
137 1544 313 1609 *ceteris
328 1543 508 1603 paribus
525 1543 626 1602 plus
637 1557 686 1588 se
708 1553 832 1588 amat
849 1557 987 1602 quam
1005 1542 1173 1602 aliquid
1193 1540 1334 1597 aliud;
1359 1543 1486 1602 cujus
1510 1543 1692 1600 signum
1709 1552 1776 1587 est
1794 1543 1915 1602 quod
1935 1553 2106 1602 quanto

8 1655 10 1658 ,
152 1609 320 1670 aliquid
346 1619 415 1655 est
440 1609 575 1655 alicui
591 1610 902 1670 propinquius,
921 1610 1068 1668 magis
1085 1609 1350 1654 naturaliter
1369 1620 1558 1654 amatur.
1574 1609 1682 1654 Plus
1701 1610 1839 1668 igitur
1855 1610 2109 1656 delectatur

59 1677 89 1737 ‘J-
148 1676 277 1731 Deus
299 1676 347 1721 in
377 1691 460 1722 sua
489 1676 780 1732 beatitudine,
813 1691 929 1736 quae
963 1687 1030 1721 est
1063 1678 1268 1736 ipsemet,
1301 1691 1440 1736 quam
1474 1676 1550 1720 alii
1579 1677 1700 1721 beati
1732 1677 1779 1720 in
1811 1677 2105 1732 beatitudine,

151 1757 268 1804 quae
289 1757 384 1789 non
410 1753 491 1798 est,
517 1743 640 1803 quod
666 1744 752 1803 ipsi
777 1753 903 1799 sunt3
931 1744 1078 1802 magis
1103 1744 1241 1803 igitur
1263 1743 1538 1788 desiderium
1565 1744 1758 1803 quiescit
1788 1753 1831 1789 et
1863 1744 2107 1804 perfectior

152 1820 221 1856 εστ
242 1810 489 1856 beatitudo.

67 1879 89 1936 43
238 1877 502 1923 Praeterea:
526 1877 648 1937 quod
666 1892 747 1937 per
764 1877 1007 1922 essentiam
1027 1887 1107 1931 est,
1125 1878 1274 1936 potius
1294 1887 1362 1922 est
1379 1892 1434 1922 eo
1468 1877 1590 1937 quod
1609 1893 1688 1936 per
1710 1878 2105 1938 participationem

76 1946 82 1950 ’
150 1944 335 2000 dicitur;
363 1946 480 1991 sicut
503 1956 666 1990 natura
690 1946 809 2005 ignis
847 1945 1086 2005 perfectius
1113 1946 1341 1989 invenitur
1366 1946 1412 1989 in
1444 1945 1544 2004 ipso
1581 1946 1687 2005 igne
1722 1960 1860 2005 quam
1892 1946 1939 1990 in
1971 1947 2103 1992 rebus

10 2004 103 2069 {ps
148 2012 313 2072 ignitis.
339 2013 467 2058 Deus
494 2022 646 2057 autem
672 2027 752 2072 per
779 2012 1021 2057 essentiam
1049 2026 1179 2057 suam
1211 2013 1371 2057 beatus
1399 2022 1479 2066 est,
1513 2014 1636 2072 quod
1668 2013 1781 2056 nulli
1814 2012 1891 2056 alii
1925 2028 2107 2073 compe-

146 2088 242 2125 tere
269 2088 442 2139 potest:
467 2079 582 2123 nihil
608 2080 731 2124 enirn
759 2078 879 2123 aliud
906 2089 1084 2138 praeter
1110 2079 1261 2138 ipsum
1288 2088 1436 2138 potest
1459 2094 1557 2124 esse
1585 2094 1819 2123 summum
1845 2079 2034 2136 bonum,
2056 2090 2104 2125 ut

9 2139 10 2142 ¹
74 2154 95 2189 ,ἒ
149 2159 205 2191 ex
228 2147 468 2207 praedictis
495 2147 555 2204 (c.
588 2150 683 2204 41.)
710 2157 862 2206 patere
896 2156 1066 2205 potest:
1101 2156 1145 2190 et
1181 2147 1246 2190 sic
1280 2156 1475 2205 oportet,
1509 2157 1558 2191 ut
1590 2147 1866 2206 quicumque
1899 2146 2013 2192 alius
2046 2149 2101 2192 ab

65 2209 95 2261 ⁵1
147 2212 249 2273 ipso
273 2214 430 2259 beatus
457 2223 538 2268 est,
563 2213 876 2273 participative
902 2213 1060 2258 beatus
1083 2213 1270 2259 dicatur.
1298 2214 1465 2258 Divina
1491 2214 1628 2272 igitur
1653 2213 1884 2258 beatitudo
1913 2228 2102 2258 omnem

149 2279 286 2327 aliam
310 2280 638 2326 beatitudinem
666 2281 855 2325 excedit.
1603 2313 1605 2315 -

94 2393 98 2396 ,
233 2347 468 2408 Amplius:
501 2347 731 2392 beatitudo
757 2346 998 2407 perfecta'
987 2363 1034 2392 in
1068 2348 1333 2408 operatione
1356 2347 1612 2392 intellectus
1640 2348 1859 2402 consistit,
1883 2358 1931 2392 ut
1954 2358 2102 2393 osten·

94 2416 249 2460 'sum
273 2424 343 2460 est
365 2416 427 2474 (c.
460 2414 593 2471 100..)
617 2413 755 2458 Nulla
797 2425 951 2459 autem
984 2414 1072 2459 alia
1112 2414 1430 2459 intellectualis
1472 2415 1677 2474 operatio
1712 2416 1807 2474 ejus
1849 2416 2105 2474 operationi

75 2462 115 2543 j
147 2481 404 2542 comparari
442 2491 614 2540 potest:
647 2481 770 2541 quod
812 2491 936 2558 patet
958 2496 1053 2526 non
1080 2481 1232 2527 solum
1265 2496 1318 2526 ex
1344 2482 1450 2536 hoc,
1478 2482 1600 2541 quod
1628 2492 1696 2527 est
1721 2483 1926 2541 operatio
1968 2483 2107 2527 subsi-

99 2558 283 2607 stem,
313 2549 393 2594 sed
418 2549 525 2608 quia
549 2562 639 2593 una
661 2549 926 2608 operatione
947 2549 1073 2594 Deus
1100 2549 1299 2608 seipsum
1325 2549 1386 2593 ita
1413 2548 1611 2623 perfecte
1633 2549 1859 2608 intelligit,
1885 2549 2002 2594 sicut
2023 2561 2105 2604 est,

106 2625 197 2663 et
222 2616 379 2662 omnia
404 2615 493 2660 alia
519 2630 636 2676 quae
662 2625 779 2671 sunt,
812 2625 858 2661 et
888 2630 1003 2676 quae
1024 2630 1119 2660 non
1141 2626 1259 2670 sunt,
1284 2616 1406 2660 bona
1428 2615 1473 2660 et
1499 2615 1634 2664 mala.
1662 2617 1714 2659 In
1741 2615 1840 2660 aliis
1867 2626 2019 2660 autem
2042 2617 2106 2660 in-

74 2676 452 2746 telligennbus
476 2682 766 2742 intelligere‘
753 2697 903 2743 ipsum
929 2697 1024 2728 non
1056 2693 1123 2728 est
1144 2683 1403 2736 subsistens,
1430 2683 1508 2727 sed
1536 2693 1661 2727 actus
1688 2683 1982 2728 subsistentis.
2003 2684 2103 2728 Nec

91 2749 297 2814 ipsum
320 2750 488 2802 Deum
515 2751 594 2810 qui
618 2760 686 2795 est
715 2764 948 2795 summum
973 2750 1272 2810 intelligibile,
1299 2750 1460 2809 aliquis
1485 2750 1547 2794 ita
1573 2749 1770 2827 perfecte
1796 2760 1945 2810 potest
1978 2751 2107 2796 intel-

86 2831 124 2857 4
79 2816 287 2942 444113ετε
311 2818 428 2863 sicut
446 2818 543 2878 ipse
567 2817 792 2877 perfectus
818 2828 899 2873 est,
926 2832 1032 2863 cum
1058 2817 1224 2862 nullius
1250 2831 1349 2862 esse
1374 2816 1624 2877 perfectum
1651 2817 1708 2861 sit
1732 2817 1848 2862 sicut
1873 2831 1971 2862 esse
1997 2818 2106 2862 divi-

101 2887 272 2946 αῇαω,
301 2898 387 2929 nec
413 2883 604 2943 alicujus
637 2886 843 2944 operatio
875 2885 1019 2944 possit
1044 2899 1142 2930 esse
1168 2883 1410 2944 perfectior
1445 2898 1583 2943 quam
1611 2898 1692 2928 sua
1718 2884 1990 2939 substantia3
2016 2898 2102 2929 nec

106 2958 215 2999 oet
237 2951 399 3012 aliquis
425 2951 538 2996 alius
563 2950 820 2996 intellectus
847 2951 924 3011 qui
950 2954 1120 3006 omnia,
1149 2952 1287 2996 etiam
1321 2966 1436 3010 quae
1477 2952 1603 2995 Deus
1643 2950 1793 2995 facere
1826 2960 1989 3010 potest,
2031 2965 2104 2996 co·

94 2990 352 3080 ἶ3αοεεετ,
383 3019 490 3078 quia
520 3018 583 3064 sic
610 3018 811 3063 divinam
836 3019 1088 3078 potentiam
1122 3018 1550 3078 comprehenderet.
1592 3017 1671 3062 illa
1713 3018 1865 3073 etiam,
1898 3032 2014 3077 quae
2040 3018 2106 3063 in·

94 3082 350 3131 tellectus
390 3085 505 3130 alius
542 3088 794 3146 cognoscit,
825 3100 920 3130 non
953 3086 1109 3131 omnia
1150 3100 1240 3130 una
1273 3095 1317 3131 et
1354 3085 1517 3131 eadem
1549 3085 1815 3145 operatione
1849 3085 2102 3145 cognoscit.

82 3148 563 3215 Incomparabiliter
586 3153 724 3212 igitur
747 3153 875 3197 Deus
907 3166 1042 3212 super
1067 3153 1224 3197 omnia
1249 3153 1408 3197 beatus
1442 3162 1522 3197 est

231 3217 372 3264 Item:
397 3228 568 3278 quanto
594 3218 763 3279 aliquid
789 3221 936 3279 magis
962 3220 1138 3264 unitum
1165 3229 1245 3275 est,
1271 3229 1399 3264 tanto
1426 3220 1521 3278 ejus
1561 3219 1700 3263 virtus
1728 3229 1773 3263 et
1796 3219 1976 3263 bonitas
2008 3233 2104 3278 per-

88 3281 304 3333 fectior
328 3294 419 3340 est3
445 3286 650 3345 operatio
677 3296 830 3331 autem
870 3287 1127 3332 successiva
1169 3285 1420 3331 secundum
1461 3286 1659 3330 diversas
1692 3295 1840 3344 partes
1881 3286 2101 3344 temporis

89 3342 368 3407 {ftdividitun
393 3351 535 3396 Nullo
559 3353 698 3411 igitur
721 3353 864 3398 modo
886 3355 983 3411 ejus
1009 3353 1228 3413 perfectio
1255 3362 1405 3412 potest
1427 3352 1682 3410 comparari
1707 3350 1976 3411 perfectioni
1998 3366 2103 3412 ope·

109 3416 331 3464 rationis
362 3431 479 3477 quae
505 3427 573 3463 est
597 3419 767 3478 absque
793 3420 1083 3464 successione
1115 3428 1211 3464 tota
1243 3418 1379 3463 simul
1411 3428 1455 3463 et
1479 3417 1720 3477 praecipue
1752 3418 1791 3463 si
1815 3432 1909 3462 non
1935 3420 1981 3463 in
2006 3434 2103 3464 mo-

47 3537 52 3543 .
79 3535 110 3544 4
108 3488 303 3528 mento
331 3493 544 3538 transeat,
578 3485 657 3529 sed
702 3485 750 3529 in
790 3494 1024 3530 aeternum
1067 3495 1263 3530 maneat.
1305 3484 1524 3528 Divinum
1565 3496 1717 3528 autem
1748 3483 2002 3543 intelligere
2033 3497 2102 3531 est

77 3540 314 3609 absque
337 3552 627 3596 successione
650 3559 800 3596 totum
824 3551 962 3597 simul
987 3551 1272 3598 aeternaliter
1297 3550 1536 3606 exsistens;
1559 3559 1767 3596 nostrum
1792 3560 1943 3596 autem
1969 3551 2103 3597 intel·

79 3612 288 3678 ligere
318 3617 659 3663 successionem
690 3617 841 3673 habet,
866 3619 913 3664 in
938 3628 1159 3679 quantum
1193 3617 1450 3677 adjungitur
1490 3617 1546 3672 ei,
1586 3631 1667 3677 per
1698 3617 1924 3674 accidens,
1956 3620 2102 3664 conti-
