2332 3854
811 219 965 258 LIBER
1005 217 1040 255 1.
1082 217 1202 255 CAP.
1244 215 1391 254 xxvr.
2019 214 2045 267 3
2057 214 2083 267 5

129 321 323 377 animan
349 321 460 367 alias
484 329 748 380 sequeretur
772 318 910 378 quod,
928 318 975 362 in
1002 317 1193 363 Socrate
1219 326 1264 362 et
1283 315 1492 370 Platone,
1519 325 1671 360 essent
1692 315 1823 375 plura
1849 314 2087 360 animalia:

62 408 69 412 ff
129 388 300 444 animal
324 387 498 433 scilicet
528 387 679 446 ipsum
706 399 970 438 commune,
997 394 1042 429 et
1065 384 1210 429 homo
1237 383 1513 436 communis,
1549 392 1595 427 et
1629 383 1725 441 ipse
1761 381 1908 426 Plato.
1941 381 2089 426 Multo

130 469 242 516 ergo
266 455 417 501 minus
433 462 478 498 et
493 454 643 512 ipsum
668 465 766 497 esse
785 465 1033 496 commune
1059 460 1127 495 est
1146 449 1315 509 aliquid
1331 459 1508 509 praeter
1529 463 1692 494 omnes
1718 463 1789 494 res
1811 449 2090 503 exsistentes,

38 516 54 524 ’
128 523 218 571 nisi
251 523 300 567 in
335 520 569 567 intellectu
610 518 776 564 solum.
805 518 856 562 Si
885 518 1023 576 igitur
1049 518 1174 562 Deus
1205 517 1263 562 sit
1294 530 1543 561 commune
1580 530 1692 569 esse,
1719 516 1845 560 Deus
1879 529 1974 559 non
2007 515 2092 560 erit

31 601 63 647 ,f
132 589 285 650 aliqua
309 603 380 633 res
406 588 641 639 exsistens,
666 585 755 630 nisi
781 599 896 644 quae
923 586 981 629 sit
1005 584 1051 627 in
1076 583 1311 628 intellectu
1333 593 1525 627 tantum.
1554 583 1807 629 Ostensum
1835 590 1902 626 est
1934 592 2088 626 autem

23 649 69 704 ῑῖ,
132 669 268 716 snpra
292 656 355 714 (c.
388 654 476 711 13.)
501 654 653 698 Deum
681 665 779 696 esse
805 650 977 710 aliquid
1002 664 1096 694 non
1123 649 1275 694 solum
1300 650 1346 694 in
1374 648 1621 703 intellectu,
1647 649 1727 693 sed
1751 649 1800 693 in
1826 662 1979 693 rerum
2016 661 2093 691 na-

131 733 248 772 mra.
271 722 380 766 Non
405 730 473 765 est
493 720 630 779 igitur
655 719 781 764 Deus
803 717 952 776 ipsum
979 730 1079 761 esse
1108 730 1356 760 commune
1384 716 1608 760 omnium.

40 800 51 807 ’
198 818 203 830 ,-
223 801 262 846 5.
287 788 425 833 Item:
460 785 709 846 generatio,
734 798 814 844 per
839 798 885 828 se
911 782 1159 842 loquendo,
1185 792 1253 827 est
1277 784 1350 826 via
1382 784 1427 826 in
1460 797 1573 836 esse,
1600 791 1645 826 et
1656 781 1900 840 ,corruptio
1933 781 2006 824 via
2037 781 2085 824 in

133 870 229 903 non
259 869 372 901 esse.
403 854 511 898 Non
545 852 669 898 enim
701 850 1008 910 generationis
1040 849 1261 894 terminus
1297 859 1363 893 est
1394 848 1559 903 forma,
1593 858 1637 893 et
1668 848 1973 907 corruptionis
2006 847 2090 906 pri-

131 924 272 976 vatio,
295 921 383 966 nisi
407 920 514 980 quia
537 918 688 964 forma
704 917 812 962 facit
829 930 942 970 esse,
961 925 1006 960 et
1031 916 1224 975 privatio
1250 929 1344 959 non
1373 930 1485 960 esse.
1509 915 1631 960 Dato
1658 915 1782 959 enim
1799 915 1921 973 quod
1940 914 2094 973 aliqua

132 989 283 1035 forma
307 1001 401 1032 non
426 986 596 1031 faceret
621 998 734 1038 esse,
759 997 854 1028 non
880 983 1103 1028 diceretur
1130 982 1338 1041 generari
1363 982 1407 1026 id
1435 982 1557 1041 quod
1584 981 1725 1026 talem
1749 980 1950 1026 formam
1982 980 2098 1025 acci-

125 1051 271 1116 peret.
299 1054 350 1099 Si
374 1054 510 1113 igitur
534 1052 660 1097 Deus
686 1051 743 1095 sit
769 1050 978 1095 omnium
1000 1063 1152 1093 rerum
1180 1063 1278 1094 esse
1300 1048 1508 1106 formale,
1537 1058 1748 1107 sequetur
1775 1047 1897 1107 quod
1923 1047 1979 1092 sit
2005 1058 2095 1092 ter-

69 1147 75 1155 ·
135 1123 285 1168 minus
311 1118 640 1180 generationis;
667 1117 790 1177 quod
808 1127 876 1161 est
896 1115 1076 1170 falsum,
1098 1130 1239 1175 quum
1257 1116 1352 1175 ipse
1370 1116 1427 1160 sit
1443 1126 1667 1170 aeternus,
1689 1125 1739 1160 ut
1763 1129 1898 1174 supra
1916 1116 1975 1172 (c.
2003 1114 2096 1173 15.)

135 1198 371 1243 ostensum
396 1195 476 1231 est.

223 1253 266 1301 6.
300 1254 563 1299 Praeterea:
602 1261 814 1310 sequetur
844 1250 967 1310 quod
1000 1264 1099 1294 esse
1133 1249 1373 1309 cujuslibet
1404 1250 1469 1294 rei
1499 1249 1633 1294 fuerit
1665 1249 1718 1294 ab
1753 1259 1954 1293 aeterno.
1988 1248 2095 1294 Non

134 1322 272 1382 igitur
287 1330 436 1380 potest
452 1333 550 1364 esse
567 1318 802 1377 generatio
818 1317 892 1362 vel
918 1318 1172 1376 corrupti03
1199 1317 1237 1361 si
1263 1316 1387 1361 enim
1413 1317 1470 1361 sit
1495 1316 1744 1374 generatio,
1771 1325 1952 1375 oportet
1971 1315 2096 1375 quod

140 1402 239 1435 esse
269 1386 594 1447 praeexsistens
628 1385 764 1430 alicui
790 1384 854 1428 rei
879 1384 934 1428 de
965 1398 1088 1428 novo
1123 1384 1392 1442 acquiratur.
1420 1385 1513 1427 Aut
1541 1398 1651 1441 ergo
1679 1382 1816 1426 alicui
1841 1383 1964 1442 prius
1990 1381 2099 1426 exsi-

137 1455 273 1502 stenti
298 1462 374 1498 aut
403 1452 531 1498 nullo
563 1452 704 1496 modo
736 1451 858 1510 prius
890 1451 1145 1495 exsistenti:
1175 1474 1236 1483 —
1263 1450 1311 1493 Si
1337 1450 1486 1508 primo
1520 1450 1675 1503 modo,
1702 1463 1844 1507 quum
1870 1462 2012 1493 unum
2038 1449 2096 1493 sit

137 1535 238 1567 esse
262 1520 472 1566 omnium
489 1517 814 1570 exsistentium,
841 1517 1092 1561 secundum
1118 1516 1394 1574 positionem
1422 1516 1717 1573 praedictam,
1744 1515 1945 1574 sequitur
1972 1515 2096 1574 quod

134 1601 223 1641 res,
249 1599 365 1646 quae
391 1585 599 1644 generari
624 1584 800 1637 dicitur,
827 1596 922 1627 non
950 1583 1142 1641 accipiat
1167 1597 1342 1626 novum
1368 1596 1480 1636 esse,
1509 1582 1588 1626 sed
1614 1596 1788 1626 novum
1812 1582 2004 1626 modum
2031 1595 2096 1626 es·

137 1653 289 1706 sendi;
322 1651 445 1710 quod
475 1664 569 1694 non
600 1649 708 1693 facit
739 1651 1098 1707 generationem,
1130 1649 1209 1693 sed
1243 1649 1572 1693 alterationem.
1605 1674 1664 1681 —-
1697 1649 1747 1692 Si
1780 1659 1935 1693 autem
1967 1649 2098 1694 nullo

138 1719 280 1770 modo
297 1717 420 1778 prius
433 1716 688 1769 exsistebat,
714 1725 926 1774 sequetur
947 1715 1070 1774 quod
1096 1715 1174 1759 fiat
1200 1730 1256 1760 ex
1270 1716 1441 1771 nihilo;
1461 1716 1583 1774 quod
1601 1727 1668 1761 est
1690 1725 1850 1760 contra
1871 1716 2098 1760 rationem

137 1783 458 1851 generationis.
484 1782 626 1842 Igitur
651 1783 765 1826 haec
792 1782 959 1841 positio
986 1783 1177 1826 omnino
1211 1785 1556 1841 generationem
1583 1793 1627 1827 et
1654 1783 2001 1842 corruptionem
2029 1783 2101 1827 de-

137 1851 290 1906 struit;
310 1859 355 1896 et
385 1850 490 1894 ideo
517 1858 639 1908 patet
663 1863 767 1893 earn
793 1863 891 1894 esse
915 1848 1263 1908 impossibilem.

225 1917 359 1963 Hunc
375 1916 515 1961 etiam
531 1930 733 1960 errorem
756 1930 884 1960 sacra
901 1915 1107 1960 doctrina
1124 1915 1313 1974 repellit,
1340 1917 1450 1960 dum
1476 1903 1716 1961 confitetur
1738 1918 1880 1961 Deum
1895 1917 2100 1962 excelsum

137 1991 177 2032 ct
196 1985 418 2038 clevatum,
441 1993 490 2028 ut
515 1982 678 2027 dicitur
698 1983 785 2027 Isa.
808 1982 910 2040 (VI.
944 1984 1028 2039 1.);
1055 1993 1099 2027 et
1126 1997 1231 2027 eum
1251 1991 1374 2042 super
1396 1985 1539 2027 omnia
1561 1998 1651 2038 esse,
1680 1993 1729 2028 ut
1753 1983 1889 2029 Rom.
1917 1983 2016 2041 (IX.
2037 1985 2099 2040 5.)

137 2053 340 2098 habetur.
359 2050 410 2095 Si
426 2050 549 2095 enim
568 2060 635 2095 est
651 2064 749 2095 esse
773 2050 997 2104 omniurn,
1015 2059 1122 2094 tunc
1141 2060 1209 2094 est
1235 2050 1403 2109 aliquid
1427 2050 1651 2105 omniurn,
1673 2065 1767 2094 non
1786 2061 1939 2095 autem
1962 2064 2098 2110 super

0 2147 3 2170 z
49 2142 69 2158 ⁵
137 2133 310 2166 omnla·

225 2185 286 2230 Hi
311 2184 452 2230 etiam
476 2194 675 2228 errantes
693 2183 856 2228 eadem
874 2184 1097 2228 sententia
1123 2183 1437 2244 propelluntur
1463 2198 1551 2243 qua
1570 2194 1614 2228 et
1629 2183 1914 2238 idololatrae,
1941 2183 2018 2243 qui
2039 2185 2101 2228 in-

0 2234 17 2297 ⁵,
137 2251 482 2300 communicabile
506 2265 669 2304 nomen,
698 2249 872 2295 scilicet
886 2251 989 2305 Dei,
1007 2250 1142 2310 lignis
1170 2261 1215 2296 et
1239 2250 1463 2310 lapidibus
1488 2251 1818 2310 imposuerunt,
1835 2261 1884 2295 ut
1908 2251 2102 2296 habetur

55 2333 86 2382 41
140 2318 344 2382 Sapient.
370 2317 493 2363 XIV.
517 2330 587 2362 21.
616 2317 667 2362 Si
692 2317 815 2362 enirn
835 2318 963 2362 Deus
989 2329 1056 2363 est
1081 2332 1180 2363 esse
1213 2318 1437 2373 omnium,
1459 2333 1554 2362 non
1588 2319 1735 2377 magis
1767 2319 1941 2363 dicetur
1972 2332 2100 2363 vere:

1 2383 3 2387 '
139 2384 328 2446 qsLapis
349 2394 419 2430 est
442 2398 522 2430 ens
548 2401 572 2428 »
608 2398 771 2444 quam:
803 2400 827 2426 «
845 2385 982 2444 Lapis
1009 2395 1078 2430 est
1101 2385 1229 2430 Deus
1255 2402 1296 2429 ».

226 2451 346 2497 Huic
373 2462 528 2496 autem
554 2451 697 2496 errori
722 2462 917 2511 quatuor
943 2462 1048 2496 sunt
1073 2466 1189 2511 quae
1215 2451 1424 2496 videntur
1451 2452 1724 2512 praestitisse
1747 2451 2017 2497 fomentum.

0 2550 4 2558 -
157 2545 173 2567 x
226 2517 437 2564 Primum
472 2529 541 2563 est
580 2519 883 2577 quarumdam
927 2521 1250 2568 auctoritatum
1285 2519 1542 2564 intellectus
1583 2533 1833 2578 perversus.
1870 2519 2104 2564 Invenitur

139 2587 265 2636 enim
279 2585 547 2644 aDionysio
569 2585 742 2630 dictum
769 2585 869 2643 (IV.
889 2599 926 2630 c.
947 2585 1077 2630 Coel.
1096 2586 1256 2642 Hier.):
1280 2602 1303 2627 ‹<
1320 2586 1430 2630 Esse
1452 2587 1662 2630 omnium
1685 2597 1752 2631 est
1767 2586 2105 2645 supersubstan-

28 2655 29 2658 ’
53 2652 106 2707 {71ssss
140 2651 259 2702 tialis
283 2652 510 2697 Divinitas
535 2668 576 2695 ».
604 2651 672 2695 Ex
694 2665 784 2710 quo
810 2651 1066 2711 intelligere
1091 2651 1349 2706 voluerunt,
1374 2653 1526 2710 ipsum
1552 2667 1651 2697 esse
1676 2652 1871 2697 formale
1893 2654 2104 2697 omnium

0 2712 2 2717 ’
122 2732 294 2778 ,retum
309 2719 464 2764 Deum
490 2733 604 2772 esse,
628 2733 724 2763 non
750 2718 1091 2763 considerantes
1109 2719 1232 2763 hunc
1248 2719 1533 2764 intellectum
1550 2719 1658 2778 ipsis
1676 2720 1824 2764 verbis
1847 2733 2103 2764 consonum

0 2815 3 2822 ι
67 2783 116 2846 ἓξ
145 2800 245 2833 esse
268 2800 363 2831 non
388 2799 537 2845 posse.
563 2785 685 2831 Nam
717 2785 756 2830 si
785 2785 1012 2830 Divinitas
1038 2796 1106 2830 est
1133 2786 1342 2830 omniurn
1375 2800 1474 2831 esse
1499 2785 1708 2840 formale,
1739 2800 1834 2830 non
1862 2786 1945 2830 erit
1969 2800 2105 2845 super

0 2846 4 2850 ⁵
144 2852 314 2907 omnia,
332 2852 412 2897 sed
427 2852 545 2896 intra
571 2851 742 2906 omnia,
763 2852 860 2896 irno
888 2851 1058 2912 aliquid
1084 2853 1307 2898 omnium.
1329 2851 1487 2905 Quum
1505 2853 1629 2897 enim
1645 2853 1944 2897 Divinitatem
1970 2867 2106 2912 super

0 2945 6 2958 ·
143 2913 450 2972 omnia'dixit,
482 2918 693 2972 ostendit,
728 2919 983 2964 secundum
1020 2929 1230 2963 naturam
1262 2933 1394 2963 suam
1428 2919 1482 2963 ab
1520 2920 1732 2964 omnibus
1765 2919 2029 2964 distinctum
2062 2930 2106 2964 et

4 3016 5 3021 ,
143 2998 278 3045 super
309 2986 466 3031 omnia
498 2984 793 3030 collocatum.
826 2986 893 3030 Ex
923 2985 1014 3030 hoc
1047 3000 1171 3040 vero,
1203 2986 1326 3045 quod
1359 2986 1482 3040 dixit,
1505 2987 1626 3046 quod
1652 2987 1879 3030 Divinitas
1911 2996 1980 3030 est
2005 3000 2105 3031 esse

71 3052 108 3108 ᾖ,
143 3051 366 3106 omnium,
401 3052 600 3096 ostendit
632 3051 754 3111 quod
787 3067 812 3096 a
844 3053 946 3097 Deo
973 3053 1019 3096 in
1046 3050 1257 3096 omnibus
1290 3052 1516 3111 quaedam
1548 3053 1691 3097 divini
1722 3067 1823 3098 esse
1854 3051 2104 3097 similitudo

90 3144 92 3149 ,
142 3118 378 3178 reperitur.
402 3119 535 3163 Hunc
562 3119 703 3163 etiam
729 3133 889 3164 eorum
915 3134 1180 3179 perversum
1204 3119 1489 3164 intellectum
1507 3119 1613 3164 alibi
1630 3121 1827 3179 apertius
1846 3118 2104 3173 excludens,

72 3182 89 3219 ί
144 3184 257 3231 dixit
279 3185 327 3229 in
349 3184 408 3229 II.
436 3199 535 3245 cap.
552 3185 624 3230 De
644 3185 731 3229 div.
755 3187 946 3240 nomin„
981 3187 1103 3245 quod
1130 3203 1153 3228 «
1174 3188 1312 3244 ipsius
1338 3187 1426 3231 Dei
1443 3201 1590 3246 neque
1615 3196 1762 3231 tactus
1788 3200 1935 3245 neque
1954 3186 2106 3246 aliqua

147 3251 416 3297 commixtio
438 3262 506 3297 est
536 3252 593 3297 ad
616 3266 687 3297 res
721 3252 847 3308 alias,
871 3253 990 3298 sicut
1017 3263 1084 3298 est
1114 3254 1269 3312 puncti
1295 3253 1351 3298 ad
1382 3253 1565 3308 lineam,
1589 3253 1663 3298 vel
1687 3253 1858 3312 figurae
1881 3252 2019 3312 sigilli
2049 3253 2106 3298 ad

149 3331 301 3363 ceram
329 3334 368 3364 ›>.

79 3439 82 3440 ⁷
238 3383 518 3438 Secundum,
536 3385 658 3444 quod
676 3399 755 3431 eos
777 3386 823 3430 in
839 3386 961 3431 hunc
980 3401 1181 3432 errorem
1198 3387 1442 3446 promovit,
1462 3397 1529 3432 est
1545 3386 1732 3432 rationis
1751 3385 1966 3432 defectus.
1982 3387 2107 3440 Quia

150 3449 274 3496 enim
302 3451 365 3506 id,
405 3451 526 3511 quod
559 3465 806 3499 commune
838 3464 920 3508 est,
952 3468 1030 3513 per
1057 3454 1336 3499 additionem
1366 3455 1653 3513 specificatur
1683 3453 1757 3499 vel
1788 3454 2107 3509 individuatur‚

37 3539 42 3555 τ
65 3516 111 3580 {⁴
137 3517 507 3583 ¹aestimaverunt
531 3518 735 3564 divinum
757 3534 871 3574 esse,
898 3521 971 3566 cui
996 3520 1120 3565 nulla
1142 3521 1192 3566 fit
1217 3521 1402 3575 additio,
1424 3535 1517 3565 non
1536 3536 1634 3566 esse
1661 3521 1830 3581 aliquid
1856 3522 2106 3581 proprium,

40 3590 46 3629 ἶ.
134 3582 235 3634 ,κά
257 3598 357 3633 esse
384 3599 630 3634 commune
652 3586 886 3643 omnium,
911 3601 1004 3633 non
1027 3588 1365 3634 considerantes
1391 3588 1514 3648 quod
1540 3588 1598 3643 id,
1624 3589 1747 3649 quod
1771 3603 2019 3634 commune
2041 3599 2109 3635 est
