2332 3854
817 212 972 253 Lmen
1009 211 1086 252 111.
1127 211 1248 251 CAP.
1289 211 1456 250 Lxxn.
2003 214 2102 268 391

160 316 325 360 virtute
351 314 452 360 Dei.
480 313 546 359 Ex
572 314 718 358 causis
746 323 897 359 autem
921 313 1138 373 proximis
1160 312 1298 372 aliqui
1319 311 1507 357 effectus
1533 310 1743 356 dicuntur
1768 312 2012 356 necessarii
2033 311 2110 357 vel

162 382 499 440 contingentes;
539 394 634 425 non
667 391 819 425 autem
845 396 898 424 ex
932 380 1077 424 causis
1115 379 1315 425 remotis.
1348 378 1471 422 Nam
1501 377 1787 421 fructificatio
1821 377 2001 436 plantae
2036 389 2105 423 est

162 448 347 493 effectus
374 447 642 506 contingens
668 458 850 506 propter
878 461 1062 491 causam
1085 447 1354 506 proximam,
1377 459 1492 504 quae
1516 454 1583 488 est
1604 444 1671 488 vis
1695 445 1971 502 generativa,
1991 459 2107 503 quae

161 524 309 573 potest
338 514 548 572 impediri
574 524 617 558 et
643 513 849 567 deficere,
874 514 1080 572 quamvis
1107 527 1243 558 causa
1265 522 1455 565 remota,
1483 511 1656 556 scilicet
1682 509 1766 565 sol,
1793 511 1850 555 sit
1877 525 2012 555 causa
2035 524 2109 554 ne-

161 581 367 626 cessitate
391 595 544 640 agens.
574 581 694 625 Cum
719 580 855 638 igitur
880 581 996 623 inter
1022 595 1180 624 causas
1208 580 1437 638 proximas
1460 577 1630 622 multae
1659 577 1747 621 sint
1773 592 1888 636 quae
1912 576 2105 620 deficere

162 657 366 707 possunt,
398 661 492 691 non
526 660 688 691 ornnes
721 645 906 690 effectus
943 646 1018 704 qui
1050 646 1359 704 providentiae
1400 645 1651 689 subduntur
1687 654 1818 688 erunt
1849 642 2108 696 necessarii,

159 714 239 759 sed
264 714 447 773 plurimi
472 724 576 758 sunt
602 713 930 771 contingentes.

249 780 433 824 Adhuc:
463 780 518 823 ad
552 780 753 824 divinam
778 778 1108 838 providentiam
1143 781 1349 837 pertinet,
1383 789 1430 822 ut
1463 778 1628 836 gradus
1660 777 1833 822 entium
1859 777 1936 836 qui
1968 777 2109 836 possi-

158 845 271 890 biles
298 854 402 890 sunt
424 845 768 904 adimpleantur,
795 857 844 889 ut
870 858 924 888 ex
949 845 1188 903 praedictis
1215 846 1275 901 (c.
1301 844 1392 902 71.)
1415 854 1549 903 patet.
1583 844 1673 888 Ens
1707 855 1866 888 autem·
1897 843 2109 887 dividitur

157 926 237 971 per
262 912 530 970 contingens
560 922 603 956 et
629 912 958 955 necessarium:
987 922 1030 955 et
1062 921 1130 955 est
1162 926 1241 970 per
1274 925 1322 955 se
1355 911 1516 954 divisio
1551 911 1679 955 entis.
1708 910 1757 954 Si
1788 910 1926 969 igitur
1954 909 2106 953 divina

123 989 127 995 ’
156 978 439 1038 providentia
471 977 730 1022 excluderet
762 991 950 1021 omnem
994 978 1371 1035 contingentiam,
1408 991 1501 1020 non
1539 991 1701 1021 omnes
1737 977 1903 1035 gradus
1935 977 2109 1020 entium

155 1053 551 1089 conservarentur.

191 1120 193 1122 ’
246 1109 480 1170 Amplius:
522 1119 692 1169 quanto
721 1109 870 1169 aliqua
901 1119 1006 1154 sunt
1036 1110 1363 1168 propinquiora
1394 1109 1512 1163 Deo,
1543 1119 1671 1153 tanto
1699 1109 1845 1168 magis
1872 1109 1927 1153 de
1954 1108 2109 1153 simili-

156 1177 311 1222 tudine
332 1177 472 1236 ipsius
492 1177 785 1236 participant3
809 1187 854 1221 et
878 1187 1049 1236 quanto
1073 1177 1219 1235 magis
1243 1177 1422 1231 distant,
1444 1186 1571 1221 tanto
1595 1176 1742 1235 magis
1766 1190 1791 1220 a
1813 1174 2109 1221 similitudine

155 1243 295 1302 ipsius
320 1243 548 1289 deficiunt.
576 1243 658 1287 Illa
682 1254 836 1287 autem
863 1257 979 1302 quae
1005 1253 1111 1287 sunt
1132 1244 1235 1287 Deo
1262 1243 1659 1301 propinquissima,
1687 1253 1791 1287 sunt
1817 1243 2007 1286 omnino
2030 1243 2111 1286 im-

156 1308 358 1363 mobilia,
383 1309 557 1354 scilicet
581 1310 860 1354 substantiae
892 1320 1140 1368 separatae,
1168 1324 1283 1368 quae
1321 1309 1520 1353 maxime
1553 1310 1608 1353 ad
1640 1309 1729 1353 Dei
1760 1309 2104 1354 similitudinem

157 1376 391 1430 accedunt,
418 1377 494 1436 qui
521 1386 588 1420 est
613 1378 803 1421 omnino
830 1376 1092 1421 immobilis.
1123 1376 1256 1428 Quae
1285 1386 1437 1419 autem
1463 1386 1567 1420 sunt
1592 1376 1662 1420 his
1689 1375 1911 1434 proxima,
1935 1385 1980 1420 et
2011 1389 2109 1419 mo-

154 1448 318 1487 ventur
341 1443 605 1487 immediate
632 1444 685 1487 ab
712 1443 783 1486 his
810 1457 925 1502 quae
948 1457 1128 1501 semper
1149 1443 1313 1486 eodem
1335 1441 1476 1486 modo
1494 1456 1542 1486 se
1560 1442 1741 1496 habent,
1761 1441 2008 1500 quamdam
2031 1444 2112 1486 im-

162 1508 428 1554 mobilitatis
453 1509 655 1568 speciem
680 1510 874 1553 retinent
898 1509 944 1552 in
969 1509 1060 1554 hoc
1094 1509 1216 1568 quod
1248 1522 1428 1567 semper
1465 1508 1629 1552 eodem
1662 1509 1803 1552 modo
1838 1518 2106 1562 moventur;

154 1577 277 1620 sicut
302 1589 495 1634 corpora
522 1575 749 1621 coelestia.
793 1576 1100 1634 Consequitur
1136 1589 1244 1633 ergo
1273 1575 1394 1633 quod
1430 1589 1485 1618 ea
1526 1588 1642 1633 quae
1677 1585 2017 1633 consequuntur
2049 1574 2105 1618 ad

152 1638 260 1695 ista,
285 1651 331 1686 et
355 1642 409 1685 ab
437 1642 501 1686 eis
526 1652 630 1686 sunt
654 1651 794 1695 mota,
818 1641 999 1700 longius
1028 1642 1080 1685 ab
1107 1639 1428 1685 immobilitate
1451 1640 1541 1684 Dei
1558 1641 1737 1695 distent,
1754 1651 1804 1685 ut
1818 1640 1994 1685 scilicet
2014 1655 2109 1685 non

150 1718 343 1767 <semper
359 1708 523 1753 eodem
538 1708 679 1752 modo
698 1718 990 1752 moveantur:
1020 1708 1124 1751 etin
1139 1706 1228 1750 hoc
1257 1706 1428 1750 ordinis
1457 1705 1714 1764 pulcritudo
1740 1717 1939 1766 apparet.
1955 1707 2111 1752 Omne

162 1783 315 1818 autem
339 1775 661 1828 necessarium,
687 1774 734 1818 in
759 1784 979 1833 quantum
1011 1773 1290 1831 hujusmodi,
1316 1786 1498 1831 semper
1524 1773 1686 1816 eodem
1717 1773 1858 1817 modo
1885 1788 1933 1818 se
1959 1773 2108 1818 habet.

159 1839 450 1900 Repugnaret
474 1840 611 1899 igitur
635 1841 814 1885 divinae
840 1840 1166 1899 providentiae,
1193 1839 1248 1883 ad
1275 1853 1414 1898 quam
1440 1839 1634 1897 pertinet
1661 1840 1868 1884 ordinem
1899 1840 1946 1883 in
1971 1840 2104 1884 rebus

151 1915 353 1952 *statuere
378 1916 425 1952 et
449 1920 736 1962 conservare,
761 1907 800 1950 si
825 1907 981 1955 omnia
1009 1921 1063 1950 ex
1089 1906 1358 1950 necessitate
1382 1905 1630 1949 evenirent.

242 1973 503 2018 Praeterea:
531 1973 654 2032 quod
681 1973 737 2018 de
761 1974 1031 2017 necessit-ate
1068 1983 1149 2027 est,
1180 1986 1360 2031 semper
1386 1981 1478 2026 est;
1504 1971 1682 2015 nullum
1710 1982 1864 2016 autem
1891 1972 2108 2031 corrupti-

155 2038 244 2084 bile
270 2053 452 2099 semper
476 2050 557 2084 est.
591 2039 642 2083 Si
665 2039 802 2099 igitur
834 2040 986 2084 divina
1017 2039 1302 2098 providentia
1333 2039 1423 2083 hoc
1450 2038 1652 2097 requirit,
1679 2039 1802 2098 quod
1830 2039 1987 2083 omnia
2019 2041 2107 2083 sint

154 2105 425 2160 necessaria,
457 2107 657 2165 sequitur
688 2106 810 2165 quod
840 2105 955 2150 nihil
981 2106 1039 2150 sit
1062 2106 1109 2149 in
1135 2105 1267 2149 rebus
1303 2105 1607 2163 corruptibile,
1636 2115 1680 2149 et
1705 2119 1785 2164 per
1817 2119 2103 2164 consequens

152 2184 240 2215 nec
265 2171 534 2230 generabile.
563 2172 912 2216 Subtraheretur
944 2185 1055 2231 ergo
1083 2186 1109 2216 a
1139 2172 1271 2216 rebus
1303 2181 1399 2216 tota
1431 2180 1535 2230 pa'rs
1569 2171 1900 2230 generabilium
1927 2182 1972 2216 et
2004 2185 2103 2216 cor-

153 2237 446 2297 ruptibilium,
472 2239 595 2298 quod
621 2238 889 2297 perfectioni
915 2239 1107 2297 derogat
1132 2238 1344 2282 universi.

242 2305 428 2349 Adhuc:
446 2305 494 2348 in
511 2306 640 2350 omni
664 2315 794 2350 motu
813 2315 880 2350 est
897 2306 1093 2364 quedam
1119 2306 1353 2363 generatio
1373 2314 1417 2349 et
1443 2305 1673 2364 corruptio
1689 2320 1700 2359 ;
1717 2319 1825 2349 nam
1842 2305 1889 2349 in
1913 2320 1969 2350 eo
1988 2306 2110 2364 quod

153 2381 380 2426 movetur,
406 2371 573 2431 aliquid
600 2371 771 2431 incipit,
799 2382 845 2417 et
871 2372 1040 2431 aliquid
1067 2372 1230 2416 desinit
1255 2386 1369 2416 esse.
1398 2371 1448 2415 Si
1468 2372 1605 2430 igitur
1632 2372 1783 2416 omnis
1810 2374 2043 2430 generatio
2068 2382 2110 2416 et

154 2437 384 2497 corruptio
415 2438 752 2483 subtraheretur
783 2439 1010 2483 subtracta
1037 2438 1349 2497 contingentia
1380 2452 1531 2482 rerum
1559 2438 1782 2494 omnium,
1805 2449 1854 2490 ut
1876 2449 2110 2483 ostensum

154 2514 238 2560 est,
264 2518 546 2564 consequens
578 2516 647 2551 est
668 2507 790 2565 quod
813 2516 857 2550 et
882 2517 1035 2550 motus
1062 2506 1401 2550 subtraheretur
1423 2520 1448 2549 a
1470 2506 1619 2559 rebus,
1643 2516 1687 2550 et
1719 2508 1875 2550 omnia
1908 2506 2109 2551 mobilia.

242 2571 383 2616 Item:
409 2571 657 2617 debilitatio
682 2573 857 2617 virtutis
890 2571 1079 2630 alicujus
1114 2572 1404 2626 substantiae,
1437 2582 1481 2616 et
1512 2573 1606 2630 ejus
1647 2573 2024 2631 impedimentum
2058 2587 2111 2617 ex

156 2636 310 2696 aliquo
337 2640 566 2682 contrario
593 2649 771 2698 agente,
798 2649 866 2683 est
892 2653 945 2684 ex
969 2639 1120 2697 aliqua
1142 2639 1238 2696 ejus
1259 2636 1594 2682 immutatione.
1620 2638 1670 2682 Si
1697 2653 1807 2697 ergo
1834 2640 1986 2683 divina
2011 2653 2111 2698 pro-

153 2703 353 2748 videntia
378 2716 471 2748 non
497 2705 688 2763 impedit
712 2716 891 2749 motum
910 2720 935 2749 a
951 2706 1098 2758 rebus,
1125 2719 1274 2763 neque
1293 2706 1431 2749 etiam
1448 2705 1721 2762 impedietur
1754 2705 2003 2750 debilitatio
2021 2705 2108 2749 vir-

155 2771 262 2814 tutis
286 2770 502 2828 ipsarum,
529 2781 604 2815 aut
630 2771 1011 2828 impedimentum
1044 2786 1098 2815 ex
1129 2772 1380 2815 resistentia
1423 2770 1627 2828 alicujus.
1652 2771 1719 2814 Ex
1749 2771 1926 2816 virtutis
1959 2782 2111 2816 autem

157 2834 402 2890 debilitate,
426 2846 471 2880 et
488 2837 583 2894 ejus
610 2837 954 2895 impedimento,
982 2838 1204 2895 contingit
1229 2837 1351 2896 quod
1384 2851 1454 2881 res
1481 2837 1698 2881 naturalis
1730 2852 1824 2882 non
1843 2852 2024 2896 semper
2040 2852 2112 2882 eo-

158 2901 263 2945 dem
287 2901 430 2945 modo
448 2912 674 2961 operatur,
701 2904 780 2947 sed
807 2903 1080 2962 quandoque
1099 2903 1251 2947 deficit
1276 2903 1330 2946 ab
1358 2917 1413 2946 eo
1441 2903 1562 2961 quod
1591 2905 1811 2962 competit
1842 2904 1926 2947 sibi
1958 2918 2112 2949 secun-

158 2966 268 3011 dum
302 2981 431 3012 suam
462 2977 687 3023 naturam,
718 2980 767 3013 ut
784 2969 848 3013 sic
880 2969 1108 3019 naturales
1134 2968 1322 3013 effectus
1338 2983 1432 3013 non
1451 2983 1505 3013 ex
1529 2971 1801 3014 necessitate
1828 2970 2110 3029 proveniant.

159 3032 267 3077 Non
296 3033 434 3092 igitur
458 3036 650 3092 pertinet
682 3036 736 3080 ad
768 3035 1102 3095 providentiam
1125 3035 1325 3079 divinam
1342 3035 1464 3094 quod
1489 3035 1622 3080 rebus
1655 3037 1845 3095 provisis
1870 3036 2096 3081 necessita

157 3107 251 3144 tem
277 3099 497 3158 imponat.
648 3144 654 3152 ,
1522 3147 1525 3149 ,

248 3165 483 3224 Amplius:
515 3167 562 3210 in
584 3167 655 3211 his
678 3182 793 3226 quae
820 3168 1101 3226 providentia
1128 3168 1276 3213 debite
1294 3178 1510 3226 reguntur
1542 3182 1636 3212 non
1663 3168 1798 3213 debet
1819 3182 1918 3213 esse
1940 3168 2109 3228 aliquid

157 3230 334 3276 frustra.
369 3231 528 3286 Quum
554 3233 690 3291 igitur
715 3233 1006 3278 manifestum
1033 3236 1089 3278 sit
1115 3247 1274 3278 causas
1307 3234 1479 3292 aliquas
1506 3249 1604 3278 esse
1627 3235 1945 3294 contingentes
1976 3249 2029 3280 ex
2052 3249 2109 3280 eo

159 3299 283 3357 qnod
315 3298 524 3357 impediri
548 3309 740 3358 possunt
776 3310 825 3345 ut
853 3314 946 3345 non
986 3302 1241 3358 producant
1282 3314 1388 3344 suos
1415 3300 1616 3354 effectus,
1643 3310 1766 3359 patet
1797 3301 1919 3360 quod
1952 3312 2110 3346 contra

157 3364 383 3408 ⁴rationem
414 3365 724 3423 providentiae
750 3376 868 3410 esset
897 3367 1019 3426 quod
1053 3367 1209 3411 omnia
1251 3381 1303 3411 ex
1334 3367 1604 3411 necessitate
1639 3368 1967 3426 contingerent.
2000 3368 2109 3414 Non

131 3429 296 3488 ,igitur
327 3430 477 3475 divina
502 3432 786 3490 providentia
810 3433 1129 3478 necessitatem
1156 3433 1288 3477 rebus
1305 3433 1515 3492 imponit,
1542 3434 1904 3492 contingentiam
1927 3448 1953 3478 a
1975 3434 2109 3479 rebus

155 3497 476 3543 universaliter
501 3497 757 3545 excludens.
