2332 3854
823 247 979 287 ιιιιιιιι
1014 246 1055 287 1.
1095 246 1217 287 cAP.
1257 243 1388 285 an.
2008 246 2073 302 73

868 453 1124 519 CAPUT
1165 458 1339 518 LXII.

293 592 455 645 QUOD
495 590 688 637 131va
719 595 949 636 VERITAS
991 597 1091 637 EST
1131 592 1296 636 PRIMA
1333 595 1404 635 ΕΤ
1445 588 1634 634 SUMMA
1671 593 1918 634 VERITAS.

731 698 786 756 (I.
813 704 928 758 part.
956 705 1111 757 quaest.
1144 699 1264 743 XVI.
1290 704 1373 743 art.
1399 697 1474 758 5..)

62 758 184 854 εξ,

49 817 52 818 ’
160 800 282 855 Ex
305 809 377 855 his
403 819 558 855 autem
584 822 701 868 quae
727 818 912 854 ostensa
937 818 1054 862 sunt,
1082 808 1322 854 manifeste
1349 808 1541 852 habetur
1577 805 1701 866 quod
1737 805 1891 851 divina
1916 807 2081 850 veritas

53 877 93 935 ῥξ,
113 877 197 934 με
203 877 351 955 prima
373 886 418 921 et
441 890 623 921 summa
647 876 836 930 veritas3
862 875 980 920 sicut
1005 875 1129 920 enim
1156 885 1224 919 est
1240 875 1479 934 dispositio
1496 888 1650 919 rerum
1666 873 1714 919 in
1741 886 1855 927 esse,
1881 873 1943 917 ita
1969 882 2015 917 et
2035 872 2081 916 in

96 943 328 1023 gnaritate,
354 952 404 988 ut
427 952 551 1002 patet
575 956 654 1002 per
675 942 1038 1001 Philosophum
1028 956 1074 985 m
1091 941 1293 986 secundo
1311 941 1512 1017 Metaph.
1531 942 1583 1000 (t.
1607 954 1646 985 c.
1671 952 1714 996 4.
1716 940 1761 997 )‚
1785 950 1829 985 et
1849 939 1939 985 hoc
1960 939 2080 993 ideo,

109 1011 231 1072 quia
255 1024 415 1055 verum
442 1019 487 1055 et
527 1023 607 1055 ens
635 1023 683 1054 se
710 1009 906 1054 invicem
935 1018 1287 1067 consequuntur.
1315 1008 1394 1052 Est
1420 1008 1543 1052 enim
1584 1021 1743 1052 verum
1787 1021 1894 1051 curn
1920 1007 2083 1052 dicitur

48 1072 222 1134 ’ἤμεε
247 1076 370 1136 quod
397 1086 486 1132 est;
505 1075 579 1121 vel
603 1080 699 1120 non'
724 1090 823 1120 esse
849 1076 973 1152 quod
1004 1089 1099 1120 non
1126 1085 1207 1120 est.
1238 1074 1329 1119 Sed
1357 1075 1561 1118 divinum
1585 1088 1684 1119 esse
1716 1083 1783 1120 est
1808 1074 2008 1134 primum
2035 1082 2080 1118 et

78 1140 530 1205 ἑ>.«ραῶεᾱεείωυω;
557 1157 667 1201 ergo
694 1153 740 1187 et
765 1156 847 1187 sua
872 1142 1036 1187 veritas
1055 1152 1123 1186 est
1138 1142 1285 1201 prima
1312 1151 1356 1186 et
1373 1155 1567 1186 summa.

83 1236 163 1279 ᾧ
211 1210 353 1256 Item:
379 1210 503 1269 quod
529 1224 608 1268 per
634 1209 880 1254 essentiam
907 1209 1041 1253 alicui
1070 1209 1298 1263 convenit,
1324 1207 1651 1268 perfectissime
1677 1207 1720 1252 ei
1745 1207 1980 1262 convenit3
2001 1206 2081 1252 sed

82 1283 133 1330 ,ξ”.ῇ
155 1327 157 1331 ⁴
166 1276 291 1323 ritas
313 1277 418 1321 Deo
445 1276 699 1321 attribuitur
732 1276 1044 1330 essentialiter,
1070 1285 1119 1320 ut
1145 1285 1381 1320 ostensum
1407 1285 1475 1320 est
1499 1276 1561 1334 (c.
1588 1274 1705 1331 6o.);
1732 1288 1813 1319 sua
1844 1274 1980 1334 igitur
2003 1288 2081 1319 ve-

66 1342 231 1412 ,ptas
256 1353 327 1391 est
349 1357 532 1389 summa
557 1353 603 1388 et
626 1344 773 1421 prima
797 1343 978 1388 veritas

62 1408 151 1466 ‘J
211 1410 474 1456 Praeterea:
508 1410 674 1455 veritas
706 1410 752 1454 in
778 1420 937 1455 nostro
970 1409 1202 1454 intellectu
1229 1423 1282 1454 ex
1313 1408 1405 1454 hoc
1438 1419 1520 1463 est,
1552 1408 1675 1468 quod
1711 1404 1988 1467 adaeq‘uatur
2018 1407 2084 1452 rei

87 1478 89 1481 ’
101 1454 396 1533 {ssfioellectaffi
437 1476 723 1537 aequalitatis
750 1486 903 1522 autem
937 1491 1072 1521 causa
1100 1486 1167 1520 est
1191 1476 1356 1530 unitas,
1388 1486 1438 1520 ut
1468 1485 1591 1552 patet
1615 1476 1662 1519 in
1694 1476 1854 1534 quinto
1878 1474 2080 1533 Metaph.

79 1540 176 1604 ’Ἐξςῑ
199 1557 242 1589 c.
279 1545 399 1602 20.);
426 1558 533 1588 cum
557 1544 695 1602 igitur
719 1544 766 1588 in
801 1543 1039 1588 intellectu
1072 1543 1227 1587 divino
1259 1543 1317 1587 sit
1358 1543 1550 1587 omnino
1586 1542 1709 1586 idern
1749 1540 2006 1586 intellectus
2037 1551 2083 1586 et

5 1613 10 1653 ἐ
68 1606 246 1673 quod
270 1610 554 1670 intelligitur,
579 1624 661 1655 sua
686 1610 854 1655 veritas
882 1611 966 1655 erit
990 1610 1138 1669 prima
1161 1620 1205 1654 et
1229 1624 1412 1654 summa
1437 1610 1617 1654 veritas.

75 1678 158 1731 '25:⁴2⁴
208 1676 444 1737 Amplius:
470 1676 583 1722 illud
610 1677 733 1736 quod
769 1687 838 1722 est
862 1691 1076 1722 mensura
1106 1677 1153 1721 in
1194 1691 1474 1736 unoquoque
1502 1690 1683 1735 genere,
1719 1685 1787 1720 est
1811 1674 2081 1735 perfectissi-

72 1751 251 1798 „uum
266 1744 388 1791 illius
403 1746 582 1803 generi:
601 1744 721 1789 unde
743 1758 905 1790 omnes
929 1743 1108 1789 colores
1134 1753 1455 1788 mensurantur
1482 1742 1600 1788 albo.
1628 1743 1719 1787 Sed
1737 1743 1890 1787 divina
1913 1742 2079 1787 veritas

126 1822 196 1859 est
219 1826 432 1857 mensura
459 1812 610 1857 omnis
633 1813 857 1867 veritatis;
883 1813 1048 1858 veritas
1071 1813 1194 1859 enim
1220 1813 1365 1857 nostri
1389 1812 1648 1857 intellectus
1670 1822 1957 1857 mensuratur
1974 1827 2001 1858 a
2016 1827 2079 1868 re,

84 1902 93 1914 ν
114 1892 239 1940 quae
263 1889 332 1924 est
357 1888 482 1925 extra
514 1879 733 1934 animum,
761 1894 814 1924 ex
839 1879 930 1924 hoc
957 1880 1081 1924 enim
1113 1879 1372 1925 intellectus
1397 1890 1553 1924 noster
1583 1894 1716 1924 verus
1743 1880 1920 1934 dicitur,
1953 1880 2076 1939 quod

118 1956 348 1999 consonat
370 1946 462 2001 rei;
486 1947 652 1991 veritas
679 1955 833 1991 autem
869 1947 935 1992 rei
961 1957 1249 1992 mensuratur
1276 1947 1331 1991 ad
1363 1946 1647 1991 intellectum
1674 1941 1878 1991 divinum
1905 1948 1982 2006 qui
2014 1957 2081 1992 est

4 2011 8 2029 ³
119 2025 259 2074 emisa
282 2027 449 2068 rerum,
475 2023 526 2058 ut
549 2013 664 2058 infra
690 2013 811 2072 (Lib.
837 2014 894 2059 ΙΙ.
922 2028 960 2058 c.
989 2015 1081 2071 24.)
1109 2014 1387 2073 probabitur,
1413 2014 1530 2058 sicut
1555 2014 1720 2058 veritas
1738 2013 2079 2059 artificiatorum

2 2080 7 2141 j
72 2074 186 2136 fib
202 2090 298 2127 arte
323 2080 526 2126 artificisz
552 2090 660 2129 tunc
689 2081 813 2126 enim
838 2095 947 2126 vera
973 2091 1041 2126 est
1083 2095 1187 2125 arca
1214 2081 1398 2140 quando
1432 2091 1657 2126 consonat
1689 2081 1786 2126 arti.
1815 2081 1935 2126 Cum
1969 2095 2078 2140 ergo

68 2145 247 2205 JDeus
271 2148 329 2194 sit
353 2148 526 2208 primus
550 2147 806 2193 intellectus
830 2157 874 2192 et
898 2148 1098 2207 primum
1131 2148 1432 2206 intelligibile,
1466 2158 1648 2207 oportet
1678 2148 1802 2207 quod
1827 2149 1992 2193 veritas
2017 2148 2081 2192 in—

77 2213 326 2261 mel-lectus
348 2215 600 2292 cujuslibet
626 2217 724 2274 ejus
755 2216 944 2259 veritate
986 2225 1285 2269 mensuretur,
1326 2216 1365 2259 si
1405 2215 1763 2274 unumquodque
1795 2225 2081 2261 mensuratur

80 2325 83 2327 ,
94 2281 284 2343 *tamo
291 2282 363 2328 sui
387 2282 581 2341 generis,
606 2292 656 2329 ut
679 2281 990 2341 Philosophus
1012 2281 1183 2326 tradit
1171 2296 1218 2325 m
1242 2282 1422 2326 decimo
1445 2282 1647 2359 Metaph,
1671 2283 1723 2340 (t.
1747 2296 1786 2327 c,
1810 2283 1889 2340 7..)
1911 2282 2079 2326 Divina

251 2351 439 2395 veritas
465 2359 534 2394 est
558 2349 720 2408 prima,
747 2362 929 2393 summa
956 2359 1000 2394 et
1025 2347 1356 2408 perfectissima
1382 2349 1563 2396 veritas.

95 2438 130 2497 ⁴
153 2407 214 2468 ⁴
262 2442 265 2445 ι

102 2506 113 2512 ’
844 2542 1100 2598 CAPUT
1142 2543 1348 2598 Lxm.

459 2685 735 2746 RATIONES
775 2685 1105 2726 VOLENTIUM
1144 2686 1179 2723 A
1218 2686 1333 2724 DEO
1376 2685 1731 2724 SUBTRAHERE

685 2759 1080 2801 COGNITIONEM
1118 2759 1510 2800 SINGULARIUM.

86 2859 91 2862 ,.
126 2847 130 2853 ‘
165 2845 187 2862 J

89 2904 92 2906 ’
99 2893 187 2938 ᾗ
172 2882 327 2931 Sunt
346 2892 500 2927 autem
525 2883 711 2943 quidam
737 2885 814 2942 qui
840 2883 1109 2942 perfectioni
1134 2884 1314 2928 divinae
1341 2883 1617 2942 cognitionis
1640 2882 1940 2942 singularium
1965 2883 2080 2928 noti-

92 2983 93 2986 *
133 2977 135 2979 ·
260 2948 527 2995 subtrahere
562 2950 786 2995 nituntur·
816 2951 871 2994 ad
898 2951 1020 3009 quod
1047 2950 1232 3009 quidem
1259 2950 1623 3010 confirmandum
1650 2959 1825 3010 septem
1850 2949 1936 2995 viis
1971 2964 2075 3010 pro-

85 3025 111 3051 ³
96 3006 298 3063 aedunt.

204 3081 359 3128 Prima
404 3093 472 3128 est
512 3097 568 3129 ex
611 3083 709 3143 ipsa
745 3083 1069 3141 singularitatis
1116 3083 1393 3129 conditione.
1433 3083 1555 3129 Cum
1593 3084 1715 3129 enim
1747 3082 2072 3143 singularitatis

80 3143 109 3197 f,
101 3146 388 3209 {principium
428 3150 487 3195 sit
525 3151 718 3196 materia
743 3151 936 3210 signata,
967 3165 1062 3195 non
1087 3150 1266 3195 videtur
1291 3164 1371 3210 per
1397 3150 1598 3210 aliquam
1620 3151 1834 3195 virtutem
1870 3151 2077 3196 immate-

0 3228 5 3267 ζ
87 3210 277 3274 dalem
300 3215 547 3275 singularia
579 3231 713 3277 posse
740 3218 976 3277 cognosci,
1003 3218 1042 3262 si
1068 3217 1218 3262 omnis
1244 3218 1448 3276 cognitio
1486 3232 1565 3277 per
1591 3217 1820 3277 quandam
1848 3217 2071 3262 assimila-

38 3282 44 3287 ’
179 3296 291 3329 wem
314 3282 408 3338 fiat,
433 3283 553 3329 unde
579 3293 624 3329 et
647 3284 695 3329 in
719 3285 851 3330 nobis
878 3284 983 3329 illae
1015 3284 1142 3330 solae
1168 3285 1399 3343 potentiae
1433 3284 1680 3344 singularia
1713 3284 2075 3344 apprehendunt,

86 3361 120 3393 -.
131 3360 236 3394 uae
271 3349 581 3395 materialibus
619 3351 803 3410 organis
829 3361 1028 3405 utuntur,
1055 3362 1104 3396 ut
1136 3351 1421 3410 imaginatio,
1459 3361 1503 3395 et
1528 3364 1700 3405 sensus,
1723 3360 1767 3395 et
1797 3351 2075 3409 hujusmodi.

0 3428 3 3453 1
34 3447 37 3449 -
260 3425 376 3466 ctus
412 3427 570 3463 autem
607 3427 776 3472 noster,
802 3419 908 3478 quia
942 3418 1256 3464 immaterialis
1300 3429 1382 3472 est,
1422 3417 1672 3477 singularia
1712 3432 1807 3464 non
1844 3420 2074 3496 agnoscit3

32 3480 41 3499 ²
82 3487 148 3552 Ξ,
149 3481 270 3535 ulto
306 3483 444 3543 igitur
478 3485 628 3530 minus
659 3484 917 3532 intellectus
947 3486 1126 3531 divinus
1162 3485 1461 3544 singularium
1503 3495 1571 3530 est
1606 3485 1962 3545 cognoscitivus,
1998 3488 2076 3548 qui

0 3587 4 3612 Γ
30 3561 32 3564 ’
85 3569 90 3576 ⁶
96 3549 339 3616 pum
346 3564 374 3596 a
398 3551 590 3597 materia
613 3551 807 3607 recedit,
832 3562 878 3598 et
901 3552 967 3598 sic
992 3552 1120 3598 nullo
1148 3552 1288 3598 modo
1314 3551 1490 3598 videtur
1516 3552 1638 3612 quod
1670 3553 1796 3598 Deus
1828 3554 2074 3615 singularia

0 3674 2 3686 μ
35 3635 39 3685 ᾖ,
55 3605 57 3610 ’
95 3623 408 3675 &gnoscere
431 3618 588 3678 possit.

0 3759 2 3774 r
86 3739 138 3776 ζ’ῑῑ

0 3812 2 3846 k
58 3809 62 3812 ·
