2332 3854
262 162 334 234 84
734 184 738 196 v
948 175 1103 215 LIBER
1141 176 1176 215 1.
1219 176 1338 214 CAP.
1382 175 1528 214 Lxlx.

343 279 475 324 Patet
496 278 635 323 etiam
661 278 896 338 quomodo
922 278 1113 323 verbum
1138 276 1411 336 Philosophi
1442 276 1646 338 (Physic.
1675 279 1710 323 Ι.
1734 288 1765 324 t.
1794 293 1832 323 c.
1864 281 1970 339 35.),
1997 280 2075 340 qui
2102 279 2213 326 dicit

259 346 381 405 quod
406 346 649 399 infinitum,
671 346 922 390 secundum
949 345 1072 403 quod
1097 344 1340 398 infinitum,
1366 353 1439 397 est⁴
1454 344 1681 402 ignotum,
1707 348 1934 405 praesenti
1965 345 2217 392 sententiae
2275 353 2279 355 “

258 428 353 458 non
379 413 546 467 obviat,
569 413 673 472 quia
693 427 797 456 cum
813 412 976 456 infiniti
997 411 1112 455 ratio
1134 411 1373 470 quantitati
1397 421 1642 471 competat,
1663 423 1713 457 ut
1734 415 1828 472 ipse
1846 413 1969 467 dicit,
1990 412 2218 458 infinitum

259 490 308 525 ut
332 480 560 524 infinitum
593 489 960 537 cognosceretur,
993 478 1032 522 si
1063 493 1142 537 per
1177 479 1568 523 mensurationem
1601 493 1786 523 suarum
1818 480 2015 539 partium
2051 489 2216 525 notum

260 558 399 601 esset3
425 548 539 591 haec
569 556 633 591 est
666 547 788 590 enim
820 545 1003 604 propria
1029 545 1231 603 cognitio
1259 546 1533 604 quantitatis.
1562 545 1638 590 Sic
1672 556 1826 590 autem
1858 547 1985 591 Deus
2016 560 2112 591 non
2131 560 2218 592 vco-

262 615 462 674 gnoscit:
492 614 625 667 unde,
659 623 708 657 ut
739 613 798 655 ita
823 612 1011 665 dicatur,
1044 625 1136 655 non
1171 612 1411 670 cognoscit
1440 612 1682 666 infinitum,
1715 613 1968 657 secundum
1995 613 2118 672 quod
2145 618 2228 659 est?

259 682 500 735 infinitum,
527 681 605 725 sed
631 680 883 724 secundum
910 678 1032 738 quod
1059 678 1115 722 ad
1141 692 1271 723 suam
1297 679 1535 723 scientiam
1567 693 1615 724 se
1646 679 1785 724 habet
1816 694 1870 725 ac
1902 681 1939 724 si
1971 689 2100 726 esset
2098 679 2218 769 fini-

260 760 372 804 tum,
392 759 439 792 ut
456 759 691 792 ostensum
719 756 798 790 est.

350 815 598 859 Sciendum
619 823 788 865 tamen,
816 811 938 871 quod
963 812 1090 856 Deus
1108 811 1284 857 infinita
1316 827 1412 857 non
1445 813 1687 872 cognoscit
1719 812 1910 858 scientia
1935 812 2143 868 visionis,
2171 823 2222 859 ut

259 882 407 926 verbis
435 881 630 924 aliorum
657 890 851 933 utamur,
878 879 982 938 quia
1008 879 1184 923 infinita
1215 894 1299 924 nec
1333 889 1436 924 sunt
1468 890 1586 935 actu,
1610 894 1696 924 nec
1727 880 1922 934 fuerunt,
1953 893 2040 924 nec
2074 890 2219 935 erunt,

261 963 365 992 cum
393 949 628 1005 generatio
656 961 708 990 ex
734 957 894 990 neutra
922 957 1047 1004 parte
1074 947 1130 990 sit
1147 946 1336 1000 infinita,
1364 947 1616 990 secundum
1642 947 1780 991 fidem
1807 945 2111 1002 catholicam;
2134 947 2220 992 s'cit

260 1027 415 1060 tamen
441 1014 613 1057 infinita
641 1014 829 1058 scientia
856 1013 1076 1072 simplicis
1102 1013 1444 1072 intelligentiae.
1473 1013 1570 1057 Scit
1595 1014 1719 1058 enim
1740 1014 1867 1058 Deus
1891 1013 2080 1068 infinita,
2103 1027 2220 1074 quae

260 1096 345 1126 nec
369 1092 486 1134 sunt,
512 1095 596 1124 nec
622 1090 765 1134 erunt,
790 1095 875 1124 nec
907 1080 1121 1134 fuerunt,·
1137 1094 1253 1139 quae
1278 1090 1436 1125 tamen
1462 1089 1567 1125 sunt
1591 1080 1638 1124 in
1661 1081 1866 1138 potentia
1898 1091 2154 1137 creaturae3
2178 1089 2222 1126 et

261 1150 345 1192 scit
371 1149 508 1192 etiarn
534 1148 724 1201 infinita,
751 1161 867 1205 quae
893 1155 997 1190 sunt
1021 1147 1069 1190 in
1095 1161 1176 1190 sua
1203 1147 1420 1205 potentia,
1454 1161 1570 1206 quae
1595 1161 1680 1191 nec
1707 1157 1825 1202 sunt,
1850 1161 1936 1192 nec
1964 1157 2109 1202 erunt,
2133 1162 2221 1193 nec

261 1214 456 1258 fuerunt.
481 1215 631 1268 Unde,
659 1224 876 1273 quantum
903 1213 958 1256 ad
985 1213 1302 1272 quaestionem
1329 1213 1384 1257 de
1408 1214 1672 1272 cognitione
1676 1213 1988 1290 singularium
2012 1215 2221 1274 pertinet,

261 1282 525 1340 responderi
550 1291 700 1340 potest
721 1294 800 1340 per
825 1281 1227 1339 interemptionem
1253 1280 1464 1338 majoris:
1492 1294 1587 1324 non
1614 1281 1738 1324 enim
1764 1280 2015 1340 singularia
2040 1281 2223 1327 suntin·

224 1378 228 1381 -
262 1348 412 1402 finita3
442 1349 480 1392 si
504 1358 660 1393 tamen
689 1357 853 1402 essent,
879 1347 1180 1392 nihilominus
1207 1347 1334 1391 Deus
1361 1360 1414 1391 ea
1441 1357 1756 1406 cognosceret,
1987 1363 1989 1366 ⁴

1008 1524 1264 1580 CAPUT
1299 1525 1474 1579 LXX.

782 1660 940 1705 QUOD
983 1660 1124 1697 DEUS
1167 1659 1488 1700 COGNOSCIT
1528 1661 1693 1699 VILIA·

850 1763 906 1821 (I.
926 1769 1040 1822 part.
1065 1778 1102 1821 q.
1130 1763 1269 1808 XXII.
1297 1770 1378 1808 art.
1399 1778 1435 1823 3.
1465 1763 1518 1808 ad
1537 1759 1616 1823 3.).

352 1877 454 1920 Hoc
482 1884 632 1919 autem
661 1875 832 1928 habito,
860 1875 1194 1919 ostendendum
1221 1885 1288 1919 est
1314 1875 1436 1934 quod
1463 1876 1589 1919 Deus
1616 1876 1856 1934 cognoscit
1879 1875 2002 1930 vilia,
2025 1886 2071 1921 et
2096 1878 2220 1937 quod

261 1945 352 1989 hoc
379 1943 605 1987 nobilitati
631 1945 726 2001 ejus
754 1943 970 1986 scientiae
997 1957 1090 1985 non
1118 1953 1353 2001 repugnat.
1385 1942 1572 1994 Quanto
1594 1943 1714 1987 enim
1733 1943 1885 2002 aliqua
1909 1944 2051 1988 virtus
2074 1938 2223 1989 activa

264 2022 332 2056 est
357 2011 531 2063 fortior,
558 2020 684 2054 tanto
711 2011 757 2052 in
784 2010 1034 2052 remotiora
1060 2024 1191 2053 suam
1219 2010 1452 2053 actionem
1487 2010 1699 2064 extendit,
1720 2021 1768 2054 ut
1794 2011 1932 2054 etiam
1964 2011 2010 2055 in
2042 2011 2227 2063 sensibi-

262 2079 376 2122 lium
404 2078 657 2122 actionibus
680 2087 878 2135 apparet.
906 2077 987 2119 Vis
1014 2087 1166 2120 autem
1194 2077 1334 2119 divini
1360 2077 1614 2120 intellectus
1640 2077 1686 2120 in
1714 2078 2042 2136 cognoscendo
2074 2090 2146 2125 res
2171 2079 2226 2124 si-

263 2146 446 2190 milatur
471 2146 623 2189 virtuti
651 2146 847 2198 activae;
874 2144 1130 2188 intellectus
1159 2145 1282 2188 enim
1309 2145 1485 2189 divinus
1512 2159 1606 2188 non
1642 2146 1905 2204 recipiendo
1933 2160 1959 2189 a
1976 2147 2128 2201 rebus,
2150 2161 2227 2192 co-

267 2214 461 2274 gnoscit,
489 2213 566 2257 sed
594 2213 741 2271 magis
767 2227 846 2271 per
868 2213 959 2255 hoc
993 2212 1116 2270 quod
1149 2212 1213 2256 eis
1238 2211 1410 2257 influit:
1445 2227 1551 2256 cum
1576 2213 1713 2271 igitur
1734 2213 1791 2257 sit
1816 2212 2020 2258 infinitae
2042 2213 2221 2260 virtutis

263 2283 309 2326 in
336 2281 650 2339 intelligendo,
683 2290 737 2324 ut
759 2295 814 2324 ex
848 2280 1089 2338 praedictis
1123 2281 1184 2338 (e.
1216 2281 1309 2338 43.)
1347 2288 1484 2338 patet,
1518 2289 1699 2338 oportet
1734 2280 1857 2339 quod
1891 2282 1987 2339 ejus
2013 2281 2220 2341 cognitio

264 2363 406 2408 usque
426 2349 481 2391 ad
500 2348 806 2392 remotissima
824 2344 1102 2391 extendatur.
1127 2347 1216 2390 Sed
1236 2347 1400 2405 gradus
1417 2346 1664 2391 nobilitatis
1682 2357 1726 2391 et
1741 2347 1926 2392 vilitatis
1941 2348 1989 2392 in
2011 2349 2224 2394 omnibus

264 2417 441 2461 entibus
469 2416 712 2459 attenditur
739 2415 991 2459 secundum
1017 2415 1402 2474 propinquitatem
1429 2424 1473 2459 et
1499 2415 1761 2459 distantiam
1789 2430 1814 2459 a
1844 2416 1963 2470 Deo,
1990 2416 2069 2476 qui
2089 2426 2157 2462 est
2176 2417 2224 2462 in

189 2510 199 2520 ·
265 2484 355 2528 fine
393 2483 665 2536 nobilitatis;
703 2497 813 2540 ergo
851 2492 1272 2541 quantumcumque
1309 2482 1530 2526 vilissima
1561 2483 1608 2526 in
1646 2483 1838 2537 entibus,
1871 2483 1999 2528 Deus
2038 2493 2224 2544 propter

265 2552 515 2594 maximam
541 2550 754 2594 virtutem
781 2550 849 2593 sui
875 2549 1132 2593 intellectus
1160 2550 1414 2608 cognoscit.

354 2618 619 2662 Praeterea:
656 2631 793 2661 omne
812 2617 934 2675 quod
962 2627 1030 2660 est
1054 2617 1100 2660 in
1129 2631 1184 2660 eo
1213 2617 1333 2675 quod
1354 2627 1434 2670 est,
1456 2616 1534 2660 vel
1551 2615 1684 2675 quale
1705 2617 1891 2676 quidem
1908 2627 1989 2673 est,
2013 2626 2116 2663 actu
2138 2627 2221 2674 est,

265 2695 309 2730 et
334 2684 583 2729 similitudo
610 2684 746 2743 primi
772 2694 897 2727 actus
921 2694 1010 2738 est3
1039 2696 1084 2727 et
1110 2698 1164 2727 ex
1189 2683 1279 2727 hoc
1306 2683 1593 2727 nobilitatem
1619 2684 1770 2738 habet,
1803 2684 1908 2743 quia
1934 2685 2075 2729 etiam
2094 2685 2220 2745 quod

264 2753 467 2812 potentia
494 2762 575 2806 est,
604 2767 656 2795 ex
683 2751 841 2795 ordine
869 2751 924 2794 ad
952 2761 1105 2794 actum
1131 2750 1380 2795 nobilitatis
1407 2760 1474 2795 est
1506 2751 1754 2810 particeps;
1771 2751 1845 2795 sic
1878 2751 2002 2796 enirn
2028 2765 2127 2797 esse
2159 2752 2225 2796 di-

264 2820 391 2863 citur.
426 2818 711 2878 Relinquitur
735 2818 873 2877 igitur
899 2818 1022 2876 quod
1050 2818 1407 2877 unumquodque
1433 2818 1479 2860 in
1507 2832 1554 2862 se
1589 2818 1928 2863 consideratum
1953 2817 2107 2864 nobile
2140 2827 2224 2874 est,

264 2886 342 2930 sed
368 2886 458 2930 vile
475 2886 639 2929 dicitur
655 2885 1130 2943 respectulnobilioris.
1151 2886 1191 2928 A
1211 2886 1313 2929 Deo
1337 2895 1489 2928 autem
1513 2885 1679 2929 distant
1694 2885 2008 2946 nobilissimae
2031 2885 2224 2930 aliarum

265 2968 430 3007 rerum,
457 2967 551 2997 non
584 2954 734 2996 minus
767 2966 905 3011 quam
938 2952 1126 2995 ultimae
1160 2967 1311 2996 rerum
1346 2962 1601 2996 creatarum
1643 2952 1811 2997 distant
1842 2966 1868 2996 a
1899 2953 2153 3012 supremis;
2186 2953 2226 2998 si

263 3021 399 3079 igitur
424 3020 539 3064 haec
567 3019 777 3064 distantia
803 3019 1044 3077 impediret
1066 3019 1267 3063 divinam
1291 3020 1618 3078 cognitionem,
1637 3019 1783 3064 inulto
1807 3019 1954 3079 magis
1980 3020 2224 3080 impediret

266 3087 360 3140 illa,
389 3097 432 3131 et
459 3087 523 3131 sic
551 3096 815 3145 sequeretur
843 3086 964 3144 quod
997 3085 1110 3129 nihil
1137 3087 1262 3129 Deus
1296 3097 1597 3144 cognosceret
1630 3085 1750 3130 aliud
1785 3100 1810 3130 a
1842 3101 1905 3142 se,
1931 3087 2055 3147 quod
2087 3100 2222 3148 supra

265 3155 573 3213 improbatum
602 3164 669 3198 est
702 3154 765 3211 (c.
788 3153 896 3212 49).
922 3154 971 3196 Si
997 3154 1134 3210 igitur
1162 3153 1329 3211 aliquid
1359 3153 1479 3197 aliud
1508 3168 1532 3196 a
1558 3167 1607 3197 se
1642 3163 1956 3212 cognosceret,
1988 3163 2226 3214 quantum·

269 3235 465 3279 cumque
492 3221 845 3274 nobilissimum,
872 3222 966 3279 pari
994 3221 1170 3264 ratione
1198 3230 1500 3279 cognosceret
1522 3220 1778 3283 quodlibet,
1805 3231 2226 3282 quantumcumque

269 3288 443 3332 dicatur
467 3288 754 3332 vilissimum.

356 3355 590 3413 Amplius:
622 3356 797 3400 bonum
824 3354 994 3399 ordinis
1013 3354 1212 3399 universi
1229 3354 1427 3398 nobilius
1445 3364 1513 3399 est
1530 3355 1728 3414 qualibet
1745 3365 1871 3416 parte
1889 3355 2101 3410 universi,
2119 3369 2226 3400 cum

268 3431 415 3481 partes
442 3422 647 3480 singulae
674 3423 939 3467 ordinentur
967 3421 1022 3466 ad
1045 3422 1219 3465 bonum
1242 3422 1427 3475 ordinis,
1453 3424 1528 3481 qui
1558 3433 1625 3467 est
1650 3423 1695 3467 in
1722 3431 1820 3469 toto
1846 3423 1965 3469 sicut
1989 3423 2045 3475 ad
2070 3421 2225 3478 finem,

269 3499 318 3533 ut
343 3503 422 3548 per
448 3489 785 3548 Philosophum
812 3500 934 3549 patet
953 3489 1134 3533 decimo
1152 3490 1356 3534 secundo
1374 3489 1574 3550 Metaph.
1593 3492 1645 3548 (t.
1674 3504 1711 3534 c.
1740 3489 1843 3549 52.).
1872 3489 2083 3550 Si-igitur
2098 3489 2228 3535 Deus

270 3557 510 3615 cognoscit
542 3556 742 3616 aliquam
777 3557 913 3601 aliam
954 3567 1165 3601 naturam
1190 3556 1408 3612 nobilem,
1445 3558 1644 3602 maxime
1679 3565 1980 3617 cognosceret
2014 3556 2224 3602 ordinem
