2332 3854
288 197 358 263 64
993 205 1145 243 LIBER
1185 204 1221 241 1.
1263 203 1383 241 CAP.
1425 202 1537 240 Lm.

286 309 409 372 quod
440 308 615 368 species
651 307 961 366 intelligibilis,
988 321 1106 366 quae
1135 315 1204 350 est
1224 305 1374 350 forma
1399 304 1670 360 intellectus,
1697 316 1741 350 et
1776 306 2059 364 intelligendi
2083 306 2247 366 princi-

287 378 429 436 pium,
461 386 530 420 est
561 375 811 419 similitudo
852 375 918 419 rei
958 373 1208 427 exterioris,
1245 373 1447 432 sequitur
1487 373 1610 432 quod
1648 373 1905 418 intellectus
1945 373 2247 417 intentionem

285 445 455 490 formet
486 443 606 487 illius
643 443 708 487 rei
745 442 959 495 similem,
997 441 1102 500 quia
1135 439 1269 499 quale
1307 450 1375 484 est
1406 440 1780 499 unumquodque,
1805 439 1914 484 talia
1941 449 2178 499 operatur3
2204 450 2250 484 et

287 527 341 556 ex
371 513 462 556 hoc
496 511 619 570 quod
651 510 842 554 intentio
875 507 1106 552 intellecta
1139 517 1207 552 est
1238 507 1399 552 similis
1441 507 1577 552 alicui
1614 510 1692 562 rei,
1728 508 1928 567 sequitur
1960 507 2083 566 quod
2121 506 2251 551 intel-

286 579 429 624 lectus
472 577 714 622 formando
747 575 1011 633 hujusmodi
1042 575 1360 627 intentionem,
1401 589 1498 619 rem
1539 574 1667 619 illam
1708 574 1944 633 intelligat.
1986 573 2249 618 Intellectus

288 656 441 691 autern
468 645 645 689 divinus
672 643 794 686 nulla
816 641 903 685 alia
925 641 1075 700 specie
1102 641 1315 700 intelligit
1339 655 1478 700 quam
1504 641 1699 686 essentia
1725 656 1820 695 sua,
1844 651 1892 686 ut
1913 655 2047 700 supra
2066 641 2128 698 (c.
2153 640 2248 699 46.)

288 724 525 758 ostensum
563 722 654 765 est3
686 711 763 754 sed
801 720 957 753 tamen
983 709 1178 753 essentia
1219 723 1301 753 sua
1343 718 1411 752 est
1435 708 1686 753 similitudo
1724 710 1932 752 omnium
1968 716 2146 754 rerum-l
2162 708 2250 751 Per

287 783 378 825 hoc
421 795 530 838 ergo
574 778 774 836 sequitur
807 776 930 835 quod
963 776 1203 835 conceptio
1243 775 1499 820 intellectus
1540 776 1679 820 divini
1720 785 1854 835 prout
1889 775 2087 833 seipsum
2116 774 2251 820 *intel-

286 848 399 907 figit,
427 861 542 906 quae
570 856 637 889 est
661 844 850 888 verbum
876 843 1030 902 ipsius,
1056 858 1151 888 non
1177 842 1329 887 solum
1361 843 1419 887 sit
1443 842 1693 886 similitudo
1719 843 1858 901 ipsius
1889 842 1979 886 Dei
2011 840 2249 895 intellecti,

284 916 366 960 sed
393 917 529 958 etiam
553 913 760 957 omnium
789 926 985 970 quorum
1012 920 1079 955 est
1104 911 1256 955 divina
1279 911 1473 954 essentia
1494 909 1758 954 similitudo.
1783 910 1859 953 Sic
1877 923 1988 967 ergo
2005 922 2084 967 per
2106 921 2247 952 unam

287 982 488 1040 speciem
510 977 856 1037 intelligibilem,
881 991 996 1036 quae
1022 987 1090 1021 est
1111 978 1262 1020 divina
1289 977 1497 1030 essentia,
1525 986 1570 1020 et
1590 990 1669 1035 per
1695 990 1832 1020 unam
1859 976 2164 1020 intentionem
2186 974 2249 1018 in-

287 1048 533 1102 tellec-tam,
557 1060 672 1106 quae
695 1055 762 1089 est
786 1046 977 1090 verbum
1003 1044 1224 1098 divinum,
1247 1043 1391 1087 multa
1416 1053 1606 1102 possunt
1631 1058 1657 1087 a
1678 1043 1781 1087 Deo
1804 1041 2010 1102 intelligi.

1052 1191 1307 1248 CAPUT
1349 1191 1492 1246 LIV.

291 1329 576 1375 QUOMODO
596 1326 790 1379 DIVINA
816 1325 1080 1364 ESSENTIA
1104 1324 1218 1364 UNA
1243 1324 1535 1362 EXSISTENS
1566 1323 1650 1361 SIT
1673 1321 1902 1361 PROPRIA
1918 1320 2247 1361 SIMILITUDO

737 1401 807 1438 ET
841 1400 1011 1439 RATIO
1047 1399 1273 1438 OMNIUM
1311 1397 1806 1437 INTELLIGIBILIUM.

380 1512 471 1558 Sed
497 1526 650 1556 rursus
678 1510 860 1555 difficile
875 1509 951 1555 vel
968 1508 1252 1569 impossibile
1271 1508 1407 1552 alicui
1423 1508 1566 1552 videri
1582 1517 1746 1566 potest,
1764 1506 1886 1565 quod
1903 1520 2048 1551 unum
2069 1517 2115 1552 et
2128 1505 2252 1552 idern

289 1580 497 1640 simplex,
523 1590 572 1624 ut
594 1579 746 1623 divina
773 1578 981 1631 essentia,
1004 1577 1061 1621 sit
1081 1577 1263 1635 propria
1286 1577 1401 1620 ratio
1424 1576 1518 1620 sive
1540 1574 1790 1619 similitudo
1814 1574 2122 1629 diversorum3
2143 1587 2253 1619 narn

291 1663 398 1693 curn
420 1648 701 1691 diversarum
720 1660 871 1690 rerum
889 1645 946 1689 sit
963 1644 1191 1689 distinctio
1210 1644 1385 1688 ratione
1403 1643 1688 1703 propriarum
1705 1641 1959 1687 formarum
1977 1642 2100 1701 quod
2119 1641 2254 1686 alicui

290 1714 542 1760 secundum
565 1713 797 1772 propriam
818 1712 1017 1757 formam
1043 1710 1191 1756 simile
1217 1711 1364 1764 fuerit,
1388 1710 1516 1755 alteri
1538 1724 1724 1754 necesse
1747 1723 1860 1764 esse,
1878 1719 1928 1754 ut
1950 1708 2169 1755 dissimile
2191 1708 2255 1752 in-

290 1783 512 1827 veniatur.
542 1781 807 1825 Secundum
832 1793 942 1823 vero
970 1779 1091 1838 quod
1119 1779 1296 1822 diversa
1323 1777 1491 1836 aliquid
1519 1791 1767 1821 commune
1799 1776 1982 1830 habent,
2007 1774 2123 1820 nihil
2147 1789 2252 1835 pro-

289 1851 416 1895 hibet
442 1864 495 1893 ea
518 1848 865 1893 similitudinem
898 1861 1038 1890 unam
1069 1846 1254 1900 habere,
1287 1845 1403 1890 sicut
1423 1845 1568 1888 homo
1592 1852 1636 1888 et
1658 1844 1809 1887 asinus
1834 1843 1882 1886 in
1908 1852 2129 1901 quantum
2151 1851 2256 1886 sunt

292 1916 522 1962 animalia.
557 1916 622 1959 Ex
648 1930 739 1974 quo
767 1914 967 1973 sequitur
998 1913 1120 1972 quod
1146 1913 1273 1956 Deus
1299 1912 1354 1956 de
1388 1912 1519 1955 rebus
1551 1911 1780 1970 propriam
1815 1910 2128 1969 cognitionem
2159 1923 2254 1953 non

290 1985 472 2037 habeat,
499 1983 578 2027 sed
606 1995 931 2034 communem3
956 1994 1065 2024 narn
1092 1979 1345 2023 secundum
1373 1978 1564 2022 modum
1592 1991 1682 2036 quo
1715 1977 1967 2021 similitudo
1995 1975 2168 2035 cogniti
2189 1985 2256 2020 est

290 2052 338 2095 in
371 2059 694 2109 cognoscente,
721 2048 921 2107 sequitur
954 2047 1230 2104 cognitionis
1264 2048 1485 2105 operatio,
1511 2045 1629 2089 sicut
1654 2054 1699 2088 et
1731 2043 1970 2088 calefactio
2003 2042 2255 2088 secundum

291 2119 484 2163 modum
511 2116 700 2170 caloris;
727 2114 977 2160 similitudo
1005 2114 1128 2158 enim
1156 2113 1330 2171 cogniti
1350 2113 1397 2156 in
1425 2122 1735 2171 cognoscente
1759 2121 1828 2156 est
1852 2110 1968 2155 sicut
1992 2109 2144 2156 forma
2165 2123 2255 2169 qua

293 2187 452 2244 agitur.
979 2208 983 2211 -
1340 2223 1343 2230 ,

383 2253 581 2311 Oportet
610 2251 760 2310 igitur,
787 2250 825 2294 si
856 2250 982 2293 Deus
1015 2249 1071 2293 de
1104 2247 1305 2307 pluribus
1337 2249 1567 2307 propriam
1603 2245 1916 2305 cognitionem
1946 2245 2099 2299 habet,
2130 2245 2255 2304 quod

291 2321 388 2380 ipse
415 2322 472 2364 sit
503 2318 686 2378 propria
717 2317 832 2361 ratio
865 2314 1178 2375 singulorum:
1217 2316 1339 2374 quod
1373 2314 1564 2373 qualiter
1596 2314 1653 2358 sit
1685 2312 2053 2371 investigandum
2078 2322 2158 2357 est.
2193 2312 2257 2357 Ut

293 2388 415 2431 enim
442 2382 755 2444 Philosophus
788 2384 896 2428 dicit
920 2384 967 2427 in
994 2393 1159 2427 octavo
1188 2382 1389 2440 Metaph.
1417 2382 1468 2437 (t.
1497 2395 1536 2425 c.
1569 2380 1672 2438 1o.)‚
1698 2379 1877 2425 formae
1900 2389 1945 2424 et
1964 2378 2256 2425 diffinitiones

293 2469 460 2508 rerum,
494 2467 610 2512 quae
638 2466 712 2496 eas
739 2451 935 2510 signant,
962 2461 1066 2494 sunt
1091 2449 1263 2494 similes
1289 2448 1517 2503 numeris;
1544 2462 1652 2491 nam
1675 2448 1720 2491 in
1746 2449 1947 2492 numeris
1970 2460 2059 2492 una
2085 2446 2256 2492 unitate

295 2522 446 2566 addita
470 2519 546 2564 vel
570 2520 812 2572 subtracta,
840 2518 1014 2576 species
1040 2517 1221 2560 numeri
1245 2516 1458 2568 variatur,
1485 2525 1535 2558 ut
1560 2525 1683 2572 patet
1703 2515 1750 2558 in
1771 2515 1948 2559 binario
1971 2523 2015 2559 et
2031 2513 2256 2568 ternari03

294 2588 503 2634 similiter
530 2597 683 2631 autem
710 2596 778 2631 est
809 2587 854 2629 in
881 2584 1238 2637 diffinitionibus,
1255 2597 1363 2626 nam
1380 2596 1471 2626 una
1494 2581 1746 2625 differentia
1767 2581 1919 2626 addita
1934 2580 2009 2625 vel
2028 2581 2255 2630 subtracta

293 2657 439 2701 variat
464 2655 692 2715 speciem;
722 2652 972 2698 substantia
995 2652 1118 2695 enim
1145 2649 1369 2695 sensibilis
1396 2650 1565 2708 absque
1588 2648 1799 2692 rationali
1826 2658 1903 2692 aut
1915 2647 2169 2692 irrationali
2185 2646 2259 2692 ad-

294 2724 404 2779 dito,
429 2723 579 2782 specie
606 2720 767 2765 differt.
794 2721 846 2764 In
873 2720 943 2763 his
966 2729 1133 2772 autem,
1151 2732 1266 2777 quae
1284 2718 1331 2760 in
1348 2731 1397 2761 se
1416 2716 1559 2760 multa
1583 2716 1831 2769 continent,
1848 2729 1943 2759 non
1965 2715 2029 2761 sic
2052 2728 2102 2760 se
2118 2714 2258 2759 habet

294 2790 549 2835 intellectus
576 2798 625 2833 ut
649 2798 834 2841 natura;
856 2801 963 2831 nam
993 2801 1046 2830 ea
1073 2799 1188 2845 quae
1216 2785 1271 2829 ad
1288 2798 1385 2828 esse
1404 2783 1593 2840 alicujus
1610 2783 1675 2826 rei
1693 2783 1937 2840 conjuncta
1954 2781 2256 2842 requiruntur,

294 2859 413 2904 illius
441 2858 506 2902 rei
530 2867 691 2901 natura
718 2856 860 2899 divisa
885 2868 982 2899 esse
1009 2868 1102 2897 non
1129 2853 1317 2912 patitur:
1345 2865 1438 2895 non
1457 2852 1579 2894 enim
1596 2849 1848 2893 remanebit
1870 2848 2080 2895 animalis
2095 2858 2257 2893 natura

295 2927 333 2971 si
359 2941 384 2969 a
412 2939 604 2984 corpore
633 2924 786 2967 anima
818 2921 1116 2966 subtrahatur.
1150 2919 1411 2963 Intellectus
1438 2932 1546 2962 vero
1581 2932 1633 2961 ea
1666 2931 1782 2976 quae
1809 2926 1914 2961 sunt
1937 2917 1984 2960 in
2010 2930 2108 2961 esse
2134 2929 2254 2960 con-

293 2996 461 3053 juncta,
487 2991 714 3036 interdum
741 2989 1002 3048 disjunctim
1031 2988 1236 3046 accipere
1263 2996 1426 3046 potest,
1443 2986 1626 3044 quando
1653 2998 1793 3027 unum
1818 2997 1979 3028 eorum
2005 2983 2051 3029 in
2074 2983 2257 3028 alterius

294 3061 520 3109 rationem
545 3073 639 3103 non
667 3057 801 3112 cadit,
828 3066 872 3100 et
897 3070 977 3114 per
999 3056 1090 3099 hoc
1117 3057 1161 3098 in
1188 3053 1386 3098 ternario
1414 3062 1563 3111 potest
1590 3050 1868 3095 considerari
1892 3050 2117 3095 binarium
2150 3060 2254 3095 tan-

294 3139 407 3181 tum,
435 3137 478 3171 et
503 3127 549 3170 in
584 3124 771 3169 animali
802 3122 1013 3167 rationali
1039 3122 1083 3165 id
1111 3122 1233 3180 quod
1262 3130 1329 3164 est
1355 3119 1565 3164 sensibile
1598 3129 1800 3172 tantum3
1833 3118 1953 3163 unde
1984 3117 2257 3172 intellectus,

294 3195 338 3238 id
366 3194 489 3253 quod
516 3192 645 3252 plura
672 3190 1006 3250 complectitur,
1033 3198 1182 3248 potest
1209 3188 1415 3246 accipere
1443 3197 1490 3230 ut
1528 3186 1759 3245 propriam
1788 3185 2015 3230 rationem
2039 3185 2256 3245 plurimo·

295 3276 411 3315 rum,
436 3259 821 3319 apprehendendo
850 3257 1000 3316 aliqua
1026 3255 1212 3300 illorum
1236 3254 1404 3312 absque
1432 3253 1544 3297 aliis.
1569 3254 1726 3297 Potest
1743 3253 1865 3296 enirn
1891 3252 2099 3312 accipere
2120 3252 2253 3298 dena-

296 3329 412 3372 rium
437 3338 486 3371 ut
510 3327 742 3386 propriam
769 3325 994 3369 rationem
1026 3322 1279 3375 novenarii,
1306 3335 1396 3364 una
1422 3320 1593 3364 unitate
1626 3321 1869 3374 subtracta,
1895 3330 1941 3364 et
1970 3318 2178 3365 similiter
2210 3329 2259 3364 ut

297 3395 527 3455 propriam
554 3396 780 3438 rationem
798 3391 1085 3450 singulorum
1102 3403 1398 3434 numerorum
1417 3388 1533 3432 infra
1557 3387 1867 3434 inclusorum:
1895 3386 2102 3433 similiter
2117 3386 2257 3432 etiam

297 3473 342 3507 et
357 3463 404 3506 in
419 3462 608 3506 homine
628 3461 833 3519 accipere
852 3468 1000 3519 potest
1022 3458 1257 3517 proprium
1275 3455 1507 3514 exemplar
1527 3455 1735 3499 animalis
1752 3454 2040 3508 irrationalis,
2057 3454 2104 3499 in
2121 3468 2259 3514 quan·

297 3541 395 3574 tum
419 3529 699 3587 hujusmodi,
726 3537 770 3572 et
795 3526 1095 3585 singularium
1128 3524 1383 3583 specierum
1413 3524 1523 3581 ejus,
1549 3523 1637 3567 nisi
1668 3522 1844 3582 aliquas
1869 3519 2144 3568 differentias
2170 3521 2259 3566 ad-

299 3597 423 3642 deret
464 3595 694 3656 positivas.
728 3595 919 3654 Propter
959 3593 1050 3638 hoc
1084 3591 1267 3652 quidam
1302 3590 1616 3651 philosophuS,
1651 3589 1869 3636 Clemens
1900 3588 2103 3643 nomine,
2134 3587 2257 3643 dicit,
