<?xml version="1.0" encoding="UTF-8"?>
<!DOCTYPE html PUBLIC "-//W3C//DTD XHTML 1.0 Transitional//EN"
    "http://www.w3.org/TR/xhtml1/DTD/xhtml1-transitional.dtd">
<html xmlns="http://www.w3.org/1999/xhtml" xml:lang="en" lang="en">
 <head>
  <title>
</title>
<meta http-equiv="Content-Type" content="text/html;charset=utf-8" />
  <meta name='ocr-system' content='tesseract 3.04.00' />
  <meta name='ocr-capabilities' content='ocr_page ocr_carea ocr_par ocr_line ocrx_word'/>
</head>
<body>
  <div class='ocr_page' id='page_1' title='image "./divithomaeaquina00thom_0333.png"; bbox 0 0 2332 3854; ppageno 0'>
   <div class='ocr_carea' id='block_1_1' title="bbox 781 227 2059 296">
    <p class='ocr_par' dir='ltr' id='par_1_1' title="bbox 781 227 2059 296">
     <span class='ocr_line' id='line_1_1' title="bbox 781 227 2059 296; baseline 0.001 -20"><span class='ocrx_word' id='word_1_1' title='bbox 781 227 936 278; x_wconf 75' lang='lat' dir='ltr'>LIBER</span> <span class='ocrx_word' id='word_1_2' title='bbox 975 236 1051 277; x_wconf 87' lang='lat' dir='ltr'>m.</span> <span class='ocrx_word' id='word_1_3' title='bbox 1093 234 1213 277; x_wconf 71' lang='lat' dir='ltr'>CAP.</span> <span class='ocrx_word' id='word_1_4' title='bbox 1258 235 1387 275; x_wconf 86' lang='lat' dir='ltr'><strong>xxv.</strong></span> <span class='ocrx_word' id='word_1_5' title='bbox 1961 236 2059 296; x_wconf 61' lang='lat'>3:31</span> 
     </span>
    </p>
   </div>
   <div class='ocr_carea' id='block_1_2' title="bbox 110 336 2077 1067">
    <p class='ocr_par' dir='ltr' id='par_1_2' title="bbox 112 336 2073 600">
     <span class='ocr_line' id='line_1_2' title="bbox 113 336 2073 400; baseline -0.004 -13"><span class='ocrx_word' id='word_1_6' title='bbox 113 342 257 388; x_wconf 85' lang='lat' dir='ltr'>turale</span> <span class='ocrx_word' id='word_1_7' title='bbox 284 341 557 387; x_wconf 84' lang='lat' dir='ltr'>desiderium</span> <span class='ocrx_word' id='word_1_8' title='bbox 575 340 790 400; x_wconf 86' lang='lat' dir='ltr'>quiescat.</span> <span class='ocrx_word' id='word_1_9' title='bbox 816 340 924 384; x_wconf 89' lang='lat' dir='ltr'>Non</span> <span class='ocrx_word' id='word_1_10' title='bbox 950 340 1115 384; x_wconf 87' lang='lat' dir='ltr'>sufficit</span> <span class='ocrx_word' id='word_1_11' title='bbox 1137 340 1286 398; x_wconf 83' lang='lat' dir='ltr'>igitur,</span> <span class='ocrx_word' id='word_1_12' title='bbox 1306 338 1361 383; x_wconf 92' lang='lat' dir='ltr'>ad</span> <span class='ocrx_word' id='word_1_13' title='bbox 1377 337 1643 383; x_wconf 84' lang='lat' dir='ltr'>felicitatem</span> <span class='ocrx_word' id='word_1_14' title='bbox 1670 336 1938 391; x_wconf 86' lang='lat' dir='ltr'>humanam,</span> <span class='ocrx_word' id='word_1_15' title='bbox 1957 351 2073 396; x_wconf 88' lang='lat' dir='ltr'>quae</span> 
     </span>
     <span class='ocr_line' id='line_1_3' title="bbox 114 403 2073 467; baseline -0.004 -13"><span class='ocrx_word' id='word_1_16' title='bbox 114 413 182 454; x_wconf 71' lang='lat' dir='ltr'>est</span> <span class='ocrx_word' id='word_1_17' title='bbox 193 408 378 453; x_wconf 89' lang='lat' dir='ltr'>ultimus</span> <span class='ocrx_word' id='word_1_18' title='bbox 395 409 511 463; x_wconf 92' lang='lat' dir='ltr'>finis,</span> <span class='ocrx_word' id='word_1_19' title='bbox 529 406 874 467; x_wconf 89' lang='lat' dir='ltr'>qualiscumque</span> <span class='ocrx_word' id='word_1_20' title='bbox 891 406 1187 465; x_wconf 84' lang='lat' dir='ltr'>intelligibilis</span> <span class='ocrx_word' id='word_1_21' title='bbox 1207 406 1425 464; x_wconf 83' lang='lat' dir='ltr'>cognitio,</span> <span class='ocrx_word' id='word_1_22' title='bbox 1444 405 1531 448; x_wconf 91' lang='lat' dir='ltr'>nisi</span> <span class='ocrx_word' id='word_1_23' title='bbox 1549 404 1702 447; x_wconf 87' lang='lat' dir='ltr'>divina</span> <span class='ocrx_word' id='word_1_24' title='bbox 1719 403 1924 461; x_wconf 80' lang='lat' dir='ltr'>cognitio</span> <span class='ocrx_word' id='word_1_25' title='bbox 1945 403 2073 457; x_wconf 89' lang='lat' dir='ltr'>adsit,</span> 
     </span>
     <span class='ocr_line' id='line_1_4' title="bbox 112 469 2072 535; baseline -0.003 -16"><span class='ocrx_word' id='word_1_26' title='bbox 112 480 229 535; x_wconf 80' lang='lat' dir='ltr'>quae</span> <span class='ocrx_word' id='word_1_27' title='bbox 253 474 457 520; x_wconf 87' lang='lat' dir='ltr'>naturale</span> <span class='ocrx_word' id='word_1_28' title='bbox 484 473 758 518; x_wconf 87' lang='lat' dir='ltr'>desiderium</span> <span class='ocrx_word' id='word_1_29' title='bbox 786 474 955 532; x_wconf 91' lang='lat' dir='ltr'>quietet</span> <span class='ocrx_word' id='word_1_30' title='bbox 980 474 1096 517; x_wconf 91' lang='lat' dir='ltr'>sicut</span> <span class='ocrx_word' id='word_1_31' title='bbox 1129 473 1314 518; x_wconf 90' lang='lat' dir='ltr'>ultimus</span> <span class='ocrx_word' id='word_1_32' title='bbox 1341 472 1454 517; x_wconf 91' lang='lat' dir='ltr'>finis.</span> <span class='ocrx_word' id='word_1_33' title='bbox 1487 471 1566 516; x_wconf 92' lang='lat' dir='ltr'>Est</span> <span class='ocrx_word' id='word_1_34' title='bbox 1591 471 1728 529; x_wconf 87' lang='lat' dir='ltr'>igitur</span> <span class='ocrx_word' id='word_1_35' title='bbox 1760 470 1945 514; x_wconf 91' lang='lat' dir='ltr'>ultimus</span> <span class='ocrx_word' id='word_1_36' title='bbox 1973 469 2072 514; x_wconf 91' lang='lat' dir='ltr'>finis</span> 
     </span>
     <span class='ocr_line' id='line_1_5' title="bbox 113 540 794 600; baseline -0.006 -14"><span class='ocrx_word' id='word_1_37' title='bbox 113 542 313 587; x_wconf 77' lang='lat' dir='ltr'>hominis</span> <span class='ocrx_word' id='word_1_38' title='bbox 340 543 436 600; x_wconf 90' lang='lat' dir='ltr'>ipsa</span> <span class='ocrx_word' id='word_1_39' title='bbox 462 541 550 586; x_wconf 88' lang='lat' dir='ltr'>Dei</span> <span class='ocrx_word' id='word_1_40' title='bbox 576 540 794 598; x_wconf 84' lang='lat' dir='ltr'>cognitio.</span> 
     </span>
    </p>

    <p class='ocr_par' dir='ltr' id='par_1_3' title="bbox 110 603 2077 1067">
     <span class='ocr_line' id='line_1_6' title="bbox 172 603 2076 668; baseline -0.004 -15"><span class='ocrx_word' id='word_1_41' title='bbox 172 612 181 623; x_wconf 94' lang='grc'><em>“</em></span> <span class='ocrx_word' id='word_1_42' title='bbox 201 608 436 668; x_wconf 83' lang='lat' dir='ltr'>Amplius:</span> <span class='ocrx_word' id='word_1_43' title='bbox 470 621 634 665; x_wconf 88' lang='lat' dir='ltr'>corpus</span> <span class='ocrx_word' id='word_1_44' title='bbox 667 606 788 665; x_wconf 92' lang='lat' dir='ltr'>quod</span> <span class='ocrx_word' id='word_1_45' title='bbox 814 606 1007 649; x_wconf 87' lang='lat' dir='ltr'>naturali</span> <span class='ocrx_word' id='word_1_46' title='bbox 1044 607 1242 665; x_wconf 89' lang='lat' dir='ltr'>appetitu</span> <span class='ocrx_word' id='word_1_47' title='bbox 1269 606 1413 650; x_wconf 89' lang='lat' dir='ltr'>tendit</span> <span class='ocrx_word' id='word_1_48' title='bbox 1437 606 1483 648; x_wconf 92' lang='lat' dir='ltr'>in</span> <span class='ocrx_word' id='word_1_49' title='bbox 1510 617 1643 648; x_wconf 91' lang='lat' dir='ltr'>suum</span> <span class='ocrx_word' id='word_1_50' title='bbox 1667 604 1756 657; x_wconf 85' lang='lat' dir='ltr'>ubi,</span> <span class='ocrx_word' id='word_1_51' title='bbox 1789 612 1916 647; x_wconf 90' lang='lat' dir='ltr'>tanto</span> <span class='ocrx_word' id='word_1_52' title='bbox 1942 603 2076 646; x_wconf 88' lang='lat' dir='ltr'>vehe-</span> 
     </span>
     <span class='ocr_line' id='line_1_7' title="bbox 111 669 2077 731; baseline -0.004 -12"><span class='ocrx_word' id='word_1_53' title='bbox 111 676 307 720; x_wconf 86' lang='lat' dir='ltr'>mentius</span> <span class='ocrx_word' id='word_1_54' title='bbox 335 685 376 718; x_wconf 93' lang='lat' dir='ltr'>et</span> <span class='ocrx_word' id='word_1_55' title='bbox 403 673 606 718; x_wconf 88' lang='lat' dir='ltr'>velocius</span> <span class='ocrx_word' id='word_1_56' title='bbox 640 681 864 725; x_wconf 89' lang='lat' dir='ltr'>movetur,</span> <span class='ocrx_word' id='word_1_57' title='bbox 898 682 1068 731; x_wconf 87' lang='lat' dir='ltr'>quanto</span> <span class='ocrx_word' id='word_1_58' title='bbox 1097 675 1242 731; x_wconf 82' lang='lat' dir='ltr'>magis</span> <span class='ocrx_word' id='word_1_59' title='bbox 1277 672 1610 731; x_wconf 82' lang='lat' dir='ltr'>appropinquat</span> <span class='ocrx_word' id='word_1_60' title='bbox 1634 670 1736 724; x_wconf 91' lang='lat' dir='ltr'>fini;</span> <span class='ocrx_word' id='word_1_61' title='bbox 1763 670 1882 714; x_wconf 90' lang='lat' dir='ltr'>uncle</span> <span class='ocrx_word' id='word_1_62' title='bbox 1915 669 2077 728; x_wconf 88' lang='lat' dir='ltr'>probat</span> 
     </span>
     <span class='ocr_line' id='line_1_8' title="bbox 114 738 2073 798; baseline -0.003 -12"><span class='ocrx_word' id='word_1_63' title='bbox 114 740 382 787; x_wconf 78' lang='lat' dir='ltr'>Aristoteles</span> <span class='ocrx_word' id='word_1_64' title='bbox 400 740 445 784; x_wconf 85' lang='lat' dir='ltr'>in</span> <span class='ocrx_word' id='word_1_65' title='bbox 463 741 612 798; x_wconf 89' lang='lat' dir='ltr'>primo</span> <span class='ocrx_word' id='word_1_66' title='bbox 634 739 705 783; x_wconf 91' lang='lat' dir='ltr'>De</span> <span class='ocrx_word' id='word_1_67' title='bbox 723 738 856 783; x_wconf 91' lang='lat' dir='ltr'>coelo</span> <span class='ocrx_word' id='word_1_68' title='bbox 871 740 921 796; x_wconf 92' lang='lat' dir='ltr'>(t.</span> <span class='ocrx_word' id='word_1_69' title='bbox 937 754 973 783; x_wconf 92' lang='lat' dir='ltr'>c.</span> <span class='ocrx_word' id='word_1_70' title='bbox 987 739 1080 795; x_wconf 83' lang='lat'><strong>44.)</strong></span> <span class='ocrx_word' id='word_1_71' title='bbox 1104 741 1225 798; x_wconf 91' lang='lat' dir='ltr'>quod</span> <span class='ocrx_word' id='word_1_72' title='bbox 1249 750 1400 783; x_wconf 89' lang='lat' dir='ltr'>motus</span> <span class='ocrx_word' id='word_1_73' title='bbox 1419 738 1634 795; x_wconf 81' lang='lat' dir='ltr'>naturalis</span> <span class='ocrx_word' id='word_1_74' title='bbox 1648 746 1798 781; x_wconf 91' lang='lat' dir='ltr'>rectus</span> <span class='ocrx_word' id='word_1_75' title='bbox 1813 750 1907 780; x_wconf 89' lang='lat' dir='ltr'>non</span> <span class='ocrx_word' id='word_1_76' title='bbox 1924 747 2073 795; x_wconf 89' lang='lat' dir='ltr'>potest</span> 
     </span>
     <span class='ocr_line' id='line_1_9' title="bbox 111 803 2076 864; baseline -0.003 -12"><span class='ocrx_word' id='word_1_77' title='bbox 111 818 209 852; x_wconf 84' lang='lat' dir='ltr'>esse</span> <span class='ocrx_word' id='word_1_78' title='bbox 222 807 277 851; x_wconf 92' lang='lat' dir='ltr'>ad</span> <span class='ocrx_word' id='word_1_79' title='bbox 290 806 530 859; x_wconf 88' lang='lat' dir='ltr'>infinitum,</span> <span class='ocrx_word' id='word_1_80' title='bbox 544 808 647 864; x_wconf 90' lang='lat' dir='ltr'>quia</span> <span class='ocrx_word' id='word_1_81' title='bbox 665 819 757 848; x_wconf 90' lang='lat' dir='ltr'>non</span> <span class='ocrx_word' id='word_1_82' title='bbox 776 805 922 863; x_wconf 89' lang='lat' dir='ltr'>magis</span> <span class='ocrx_word' id='word_1_83' title='bbox 941 817 1200 849; x_wconf 87' lang='lat' dir='ltr'>moveretur</span> <span class='ocrx_word' id='word_1_84' title='bbox 1213 816 1369 864; x_wconf 89' lang='lat' dir='ltr'>postea</span> <span class='ocrx_word' id='word_1_85' title='bbox 1383 818 1519 863; x_wconf 89' lang='lat' dir='ltr'>quam</span> <span class='ocrx_word' id='word_1_86' title='bbox 1536 804 1671 863; x_wconf 89' lang='lat' dir='ltr'>prius.</span> <span class='ocrx_word' id='word_1_87' title='bbox 1693 803 1832 856; x_wconf 84' lang='lat' dir='ltr'>Quod</span> <span class='ocrx_word' id='word_1_88' title='bbox 1849 803 1987 862; x_wconf 80' lang='lat' dir='ltr'>igitur</span> <span class='ocrx_word' id='word_1_89' title='bbox 2002 817 2076 847; x_wconf 89' lang='lat' dir='ltr'>ve-</span> 
     </span>
     <span class='ocr_line' id='line_1_10' title="bbox 110 870 2072 931; baseline -0.003 -13"><span class='ocrx_word' id='word_1_90' title='bbox 110 873 366 919; x_wconf 79' lang='lat' dir='ltr'>hementius</span> <span class='ocrx_word' id='word_1_91' title='bbox 385 874 428 916; x_wconf 86' lang='lat' dir='ltr'>in</span> <span class='ocrx_word' id='word_1_92' title='bbox 449 872 614 931; x_wconf 91' lang='lat' dir='ltr'>aliquid</span> <span class='ocrx_word' id='word_1_93' title='bbox 642 872 783 915; x_wconf 90' lang='lat' dir='ltr'>tendit</span> <span class='ocrx_word' id='word_1_94' title='bbox 809 882 966 929; x_wconf 90' lang='lat' dir='ltr'>postea</span> <span class='ocrx_word' id='word_1_95' title='bbox 989 886 1124 930; x_wconf 88' lang='lat' dir='ltr'>quarn</span> <span class='ocrx_word' id='word_1_96' title='bbox 1144 873 1280 930; x_wconf 88' lang='lat' dir='ltr'>prius,</span> <span class='ocrx_word' id='word_1_97' title='bbox 1299 886 1391 915; x_wconf 90' lang='lat' dir='ltr'>non</span> <span class='ocrx_word' id='word_1_98' title='bbox 1419 881 1631 915; x_wconf 86' lang='lat' dir='ltr'>movetur</span> <span class='ocrx_word' id='word_1_99' title='bbox 1654 871 1708 914; x_wconf 91' lang='lat' dir='ltr'>ad</span> <span class='ocrx_word' id='word_1_100' title='bbox 1730 870 1971 923; x_wconf 88' lang='lat' dir='ltr'>infinitum,</span> <span class='ocrx_word' id='word_1_101' title='bbox 1993 870 2072 914; x_wconf 86' lang='lat' dir='ltr'>sed</span> 
     </span>
     <span class='ocr_line' id='line_1_11' title="bbox 115 937 2068 999; baseline -0.003 -14"><span class='ocrx_word' id='word_1_102' title='bbox 115 940 171 985; x_wconf 73' lang='lat' dir='ltr'>ad</span> <span class='ocrx_word' id='word_1_103' title='bbox 197 939 364 999; x_wconf 84' lang='lat' dir='ltr'>aliquid</span> <span class='ocrx_word' id='word_1_104' title='bbox 392 939 742 983; x_wconf 88' lang='lat' dir='ltr'>determinatum</span> <span class='ocrx_word' id='word_1_105' title='bbox 764 939 919 982; x_wconf 87' lang='lat' dir='ltr'>tendit.</span> <span class='ocrx_word' id='word_1_106' title='bbox 950 939 1050 982; x_wconf 87' lang='lat' dir='ltr'>Hoc</span> <span class='ocrx_word' id='word_1_107' title='bbox 1080 949 1231 982; x_wconf 86' lang='lat' dir='ltr'>autem</span> <span class='ocrx_word' id='word_1_108' title='bbox 1259 939 1514 982; x_wconf 85' lang='lat' dir='ltr'>invenimus</span> <span class='ocrx_word' id='word_1_109' title='bbox 1542 938 1586 980; x_wconf 90' lang='lat' dir='ltr'>in</span> <span class='ocrx_word' id='word_1_110' title='bbox 1614 937 1838 982; x_wconf 89' lang='lat' dir='ltr'>desiderio</span> <span class='ocrx_word' id='word_1_111' title='bbox 1865 937 2068 989; x_wconf 89' lang='lat' dir='ltr'>sciendi;</span> 
     </span>
     <span class='ocr_line' id='line_1_12' title="bbox 110 999 2074 1067; baseline -0.002 -17"><span class='ocrx_word' id='word_1_112' title='bbox 110 999 280 1067; x_wconf 67' lang='lat' dir='ltr'>quanto</span> <span class='ocrx_word' id='word_1_113' title='bbox 307 1006 429 1050; x_wconf 88' lang='lat' dir='ltr'>enim</span> <span class='ocrx_word' id='word_1_114' title='bbox 457 1005 617 1064; x_wconf 89' lang='lat' dir='ltr'>aliquis</span> <span class='ocrx_word' id='word_1_115' title='bbox 645 1004 773 1062; x_wconf 87' lang='lat' dir='ltr'>plura</span> <span class='ocrx_word' id='word_1_116' title='bbox 800 1005 895 1059; x_wconf 90' lang='lat' dir='ltr'>scit,</span> <span class='ocrx_word' id='word_1_117' title='bbox 929 1015 1055 1048; x_wconf 90' lang='lat' dir='ltr'>tanto</span> <span class='ocrx_word' id='word_1_118' title='bbox 1090 1006 1253 1062; x_wconf 85' lang='lat' dir='ltr'>majori</span> <span class='ocrx_word' id='word_1_119' title='bbox 1279 1005 1504 1055; x_wconf 79' lang='lat' dir='ltr'>desiderio</span> <span class='ocrx_word' id='word_1_120' title='bbox 1533 1004 1714 1047; x_wconf 86' lang='lat' dir='ltr'>affectat</span> <span class='ocrx_word' id='word_1_121' title='bbox 1738 1004 1869 1048; x_wconf 88' lang='lat' dir='ltr'>scire.</span> <span class='ocrx_word' id='word_1_122' title='bbox 1905 1002 2074 1047; x_wconf 86' lang='lat' dir='ltr'>Tendit</span> 
     </span>
    </p>
   </div>
   <div class='ocr_carea' id='block_1_3' title="bbox 45 1069 2071 1132">
    <p class='ocr_par' dir='ltr' id='par_1_4' title="bbox 45 1069 2071 1132">
     <span class='ocr_line' id='line_1_13' title="bbox 45 1069 2071 1132; baseline -0.002 -15"><span class='ocrx_word' id='word_1_123' title='bbox 45 1084 51 1092; x_wconf 90' lang='lat'>·</span> <span class='ocrx_word' id='word_1_124' title='bbox 110 1073 247 1132; x_wconf 75' lang='lat' dir='ltr'>igitur</span> <span class='ocrx_word' id='word_1_125' title='bbox 263 1072 537 1116; x_wconf 79' lang='lat' dir='ltr'>desiderIum</span> <span class='ocrx_word' id='word_1_126' title='bbox 553 1070 756 1115; x_wconf 88' lang='lat' dir='ltr'>naturale</span> <span class='ocrx_word' id='word_1_127' title='bbox 776 1072 976 1115; x_wconf 85' lang='lat' dir='ltr'>hominis</span> <span class='ocrx_word' id='word_1_128' title='bbox 995 1072 1039 1115; x_wconf 90' lang='lat' dir='ltr'>in</span> <span class='ocrx_word' id='word_1_129' title='bbox 1059 1072 1246 1115; x_wconf 88' lang='lat' dir='ltr'>sciendo</span> <span class='ocrx_word' id='word_1_130' title='bbox 1260 1072 1311 1115; x_wconf 90' lang='lat' dir='ltr'>ad</span> <span class='ocrx_word' id='word_1_131' title='bbox 1335 1071 1531 1130; x_wconf 86' lang='lat' dir='ltr'>aliquem</span> <span class='ocrx_word' id='word_1_132' title='bbox 1550 1070 1900 1114; x_wconf 87' lang='lat' dir='ltr'>determinatum</span> <span class='ocrx_word' id='word_1_133' title='bbox 1918 1069 2071 1113; x_wconf 78' lang='lat' dir='ltr'>finem,</span> 
     </span>
    </p>
   </div>
   <div class='ocr_carea' id='block_1_4' title="bbox 108 1137 2074 1865">
    <p class='ocr_par' dir='ltr' id='par_1_5' title="bbox 109 1137 2072 1529">
     <span class='ocr_line' id='line_1_14' title="bbox 110 1137 2070 1197; baseline -0.003 -13"><span class='ocrx_word' id='word_1_134' title='bbox 110 1139 212 1184; x_wconf 80' lang='lat' dir='ltr'>Hoc</span> <span class='ocrx_word' id='word_1_135' title='bbox 239 1149 390 1183; x_wconf 87' lang='lat' dir='ltr'>autem</span> <span class='ocrx_word' id='word_1_136' title='bbox 407 1152 502 1182; x_wconf 91' lang='lat' dir='ltr'>non</span> <span class='ocrx_word' id='word_1_137' title='bbox 529 1148 677 1197; x_wconf 88' lang='lat' dir='ltr'>potest</span> <span class='ocrx_word' id='word_1_138' title='bbox 703 1152 799 1182; x_wconf 89' lang='lat' dir='ltr'>esse</span> <span class='ocrx_word' id='word_1_139' title='bbox 822 1137 942 1181; x_wconf 89' lang='lat' dir='ltr'>aliud</span> <span class='ocrx_word' id='word_1_140' title='bbox 970 1153 1106 1197; x_wconf 89' lang='lat' dir='ltr'>quam</span> <span class='ocrx_word' id='word_1_141' title='bbox 1134 1139 1470 1182; x_wconf 85' lang='lat' dir='ltr'>nobilissimum</span> <span class='ocrx_word' id='word_1_142' title='bbox 1494 1137 1665 1190; x_wconf 87' lang='lat' dir='ltr'>scibile,</span> <span class='ocrx_word' id='word_1_143' title='bbox 1691 1137 1815 1195; x_wconf 91' lang='lat' dir='ltr'>quod</span> <span class='ocrx_word' id='word_1_144' title='bbox 1843 1137 1968 1180; x_wconf 90' lang='lat' dir='ltr'>Deus</span> <span class='ocrx_word' id='word_1_145' title='bbox 1990 1145 2070 1180; x_wconf 87' lang='lat' dir='ltr'>est.</span> 
     </span>
     <span class='ocr_line' id='line_1_15' title="bbox 109 1203 2072 1265; baseline -0.003 -14"><span class='ocrx_word' id='word_1_146' title='bbox 109 1205 190 1251; x_wconf 73' lang='lat' dir='ltr'>Est</span> <span class='ocrx_word' id='word_1_147' title='bbox 212 1205 347 1265; x_wconf 85' lang='lat' dir='ltr'>igitur</span> <span class='ocrx_word' id='word_1_148' title='bbox 373 1205 576 1263; x_wconf 88' lang='lat' dir='ltr'>cognitio</span> <span class='ocrx_word' id='word_1_149' title='bbox 594 1205 743 1248; x_wconf 87' lang='lat' dir='ltr'>divina</span> <span class='ocrx_word' id='word_1_150' title='bbox 761 1204 861 1248; x_wconf 74' lang='lat' dir='ltr'>finis</span> <span class='ocrx_word' id='word_1_151' title='bbox 879 1205 1062 1248; x_wconf 90' lang='lat' dir='ltr'>ultimus</span> <span class='ocrx_word' id='word_1_152' title='bbox 1086 1205 1299 1248; x_wconf 87' lang='lat' dir='ltr'>hominis.</span> <span class='ocrx_word' id='word_1_153' title='bbox 1325 1204 1525 1248; x_wconf 88' lang='lat' dir='ltr'>Ultimus</span> <span class='ocrx_word' id='word_1_154' title='bbox 1553 1214 1704 1248; x_wconf 88' lang='lat' dir='ltr'>autem</span> <span class='ocrx_word' id='word_1_155' title='bbox 1729 1203 1829 1246; x_wconf 81' lang='lat' dir='ltr'>sinis</span> <span class='ocrx_word' id='word_1_156' title='bbox 1854 1203 2072 1256; x_wconf 87' lang='lat' dir='ltr'>hominis,</span> 
     </span>
     <span class='ocr_line' id='line_1_16' title="bbox 110 1269 2071 1331; baseline -0.003 -13"><span class='ocrx_word' id='word_1_157' title='bbox 110 1281 157 1318; x_wconf 81' lang='lat' dir='ltr'>et</span> <span class='ocrx_word' id='word_1_158' title='bbox 181 1272 417 1331; x_wconf 85' lang='lat' dir='ltr'>cujuslibet</span> <span class='ocrx_word' id='word_1_159' title='bbox 442 1271 759 1316; x_wconf 88' lang='lat' dir='ltr'>intellectualis</span> <span class='ocrx_word' id='word_1_160' title='bbox 786 1272 1075 1324; x_wconf 88' lang='lat' dir='ltr'>substantiae,</span> <span class='ocrx_word' id='word_1_161' title='bbox 1096 1271 1286 1315; x_wconf 87' lang='lat' dir='ltr'>felicitas</span> <span class='ocrx_word' id='word_1_162' title='bbox 1308 1271 1402 1314; x_wconf 90' lang='lat' dir='ltr'>sive</span> <span class='ocrx_word' id='word_1_163' title='bbox 1420 1271 1651 1314; x_wconf 82' lang='lat' dir='ltr'>beatitudo</span> <span class='ocrx_word' id='word_1_164' title='bbox 1674 1270 1962 1322; x_wconf 84' lang='lat' dir='ltr'>nominatur3</span> <span class='ocrx_word' id='word_1_165' title='bbox 1981 1269 2071 1313; x_wconf 90' lang='lat' dir='ltr'>hoc</span> 
     </span>
     <span class='ocr_line' id='line_1_17' title="bbox 111 1335 2071 1398; baseline -0.003 -14"><span class='ocrx_word' id='word_1_166' title='bbox 111 1339 235 1385; x_wconf 79' lang='lat' dir='ltr'>enim</span> <span class='ocrx_word' id='word_1_167' title='bbox 267 1349 335 1384; x_wconf 90' lang='lat' dir='ltr'>est</span> <span class='ocrx_word' id='word_1_168' title='bbox 365 1339 487 1398; x_wconf 92' lang='lat' dir='ltr'>quod</span> <span class='ocrx_word' id='word_1_169' title='bbox 521 1341 670 1382; x_wconf 90' lang='lat' dir='ltr'>omnis</span> <span class='ocrx_word' id='word_1_170' title='bbox 703 1338 950 1382; x_wconf 90' lang='lat' dir='ltr'>substantia</span> <span class='ocrx_word' id='word_1_171' title='bbox 983 1337 1300 1382; x_wconf 84' lang='lat' dir='ltr'>intellectualis</span> <span class='ocrx_word' id='word_1_172' title='bbox 1334 1337 1558 1381; x_wconf 83' lang='lat' dir='ltr'>desiderat</span> <span class='ocrx_word' id='word_1_173' title='bbox 1588 1347 1826 1395; x_wconf 88' lang='lat' dir='ltr'>tamquam</span> <span class='ocrx_word' id='word_1_174' title='bbox 1858 1335 2071 1379; x_wconf 79' lang='lat' dir='ltr'>ultitnum</span> 
     </span>
     <span class='ocr_line' id='line_1_18' title="bbox 109 1401 2071 1465; baseline -0.003 -14"><span class='ocrx_word' id='word_1_175' title='bbox 109 1406 247 1451; x_wconf 86' lang='lat' dir='ltr'>finem</span> <span class='ocrx_word' id='word_1_176' title='bbox 276 1416 319 1450; x_wconf 88' lang='lat' dir='ltr'>et</span> <span class='ocrx_word' id='word_1_177' title='bbox 345 1415 529 1465; x_wconf 90' lang='lat' dir='ltr'>propter</span> <span class='ocrx_word' id='word_1_178' title='bbox 555 1420 602 1449; x_wconf 90' lang='lat' dir='ltr'>se</span> <span class='ocrx_word' id='word_1_179' title='bbox 629 1414 817 1449; x_wconf 89' lang='lat' dir='ltr'>tantum.</span> <span class='ocrx_word' id='word_1_180' title='bbox 846 1405 923 1448; x_wconf 87' lang='lat' dir='ltr'>Est</span> <span class='ocrx_word' id='word_1_181' title='bbox 947 1405 1082 1463; x_wconf 89' lang='lat' dir='ltr'>igitur</span> <span class='ocrx_word' id='word_1_182' title='bbox 1107 1405 1338 1448; x_wconf 90' lang='lat' dir='ltr'>beatitudo</span> <span class='ocrx_word' id='word_1_183' title='bbox 1367 1414 1411 1447; x_wconf 94' lang='lat' dir='ltr'>et</span> <span class='ocrx_word' id='word_1_184' title='bbox 1435 1403 1627 1448; x_wconf 87' lang='lat' dir='ltr'>felicitas</span> <span class='ocrx_word' id='word_1_185' title='bbox 1644 1403 1804 1446; x_wconf 87' lang='lat' dir='ltr'>ultima</span> <span class='ocrx_word' id='word_1_186' title='bbox 1832 1401 2071 1460; x_wconf 70' lang='lat' dir='ltr'>quuslibet</span> 
     </span>
     <span class='ocr_line' id='line_1_19' title="bbox 110 1471 1227 1529; baseline -0.002 -12"><span class='ocrx_word' id='word_1_187' title='bbox 110 1473 387 1517; x_wconf 86' lang='lat' dir='ltr'>substantiae</span> <span class='ocrx_word' id='word_1_188' title='bbox 414 1471 731 1516; x_wconf 87' lang='lat' dir='ltr'>intellectualis</span> <span class='ocrx_word' id='word_1_189' title='bbox 754 1485 1035 1529; x_wconf 87' lang='lat' dir='ltr'>cognoscere</span> <span class='ocrx_word' id='word_1_190' title='bbox 1062 1472 1227 1515; x_wconf 88' lang='lat' dir='ltr'>Deum.</span> 
     </span>
    </p>

    <p class='ocr_par' dir='ltr' id='par_1_6' title="bbox 108 1536 2074 1865">
     <span class='ocr_line' id='line_1_20' title="bbox 201 1536 2074 1598; baseline -0.002 -15"><span class='ocrx_word' id='word_1_191' title='bbox 201 1539 318 1583; x_wconf 89' lang='lat' dir='ltr'>Hinc</span> <span class='ocrx_word' id='word_1_192' title='bbox 339 1548 405 1583; x_wconf 89' lang='lat' dir='ltr'>est</span> <span class='ocrx_word' id='word_1_193' title='bbox 429 1539 551 1598; x_wconf 90' lang='lat' dir='ltr'>quod</span> <span class='ocrx_word' id='word_1_194' title='bbox 578 1539 742 1582; x_wconf 89' lang='lat' dir='ltr'>dicitur</span> <span class='ocrx_word' id='word_1_195' title='bbox 759 1539 942 1595; x_wconf 90' lang='lat' dir='ltr'>(Matth.</span> <span class='ocrx_word' id='word_1_196' title='bbox 965 1537 1020 1581; x_wconf 92' lang='lat' dir='ltr'>V.</span> <span class='ocrx_word' id='word_1_197' title='bbox 1041 1538 1127 1594; x_wconf 84' lang='lat'><strong>8.):</strong></span> <span class='ocrx_word' id='word_1_198' title='bbox 1148 1539 1266 1581; x_wconf 78' lang='lat' dir='ltr'>Beati</span> <span class='ocrx_word' id='word_1_199' title='bbox 1283 1537 1436 1581; x_wconf 81' lang='lat' dir='ltr'>mundo</span> <span class='ocrx_word' id='word_1_200' title='bbox 1461 1537 1596 1591; x_wconf 80' lang='lat' dir='ltr'>corde,</span> <span class='ocrx_word' id='word_1_201' title='bbox 1620 1538 1817 1595; x_wconf 74' lang='lat' dir='ltr'>quonlam</span> <span class='ocrx_word' id='word_1_202' title='bbox 1836 1537 1916 1595; x_wconf 83' lang='lat' dir='ltr'>ipsi</span> <span class='ocrx_word' id='word_1_203' title='bbox 1934 1536 2074 1580; x_wconf 78' lang='lat' dir='ltr'>Deum</span> 
     </span>
     <span class='ocr_line' id='line_1_21' title="bbox 110 1603 2073 1663; baseline -0.002 -14"><span class='ocrx_word' id='word_1_204' title='bbox 110 1605 336 1657; x_wconf 72' lang='lat' dir='ltr'>videbunt:</span> <span class='ocrx_word' id='word_1_205' title='bbox 365 1615 409 1650; x_wconf 91' lang='lat' dir='ltr'>et</span> <span class='ocrx_word' id='word_1_206' title='bbox 441 1606 529 1663; x_wconf 88' lang='lat' dir='ltr'>(Jo.</span> <span class='ocrx_word' id='word_1_207' title='bbox 557 1605 700 1648; x_wconf 91' lang='lat' dir='ltr'>XVlI.</span> <span class='ocrx_word' id='word_1_208' title='bbox 732 1605 815 1663; x_wconf 85' lang='lat'>3.):</span> <span class='ocrx_word' id='word_1_209' title='bbox 839 1605 956 1648; x_wconf 77' lang='lat' dir='ltr'>Haec</span> <span class='ocrx_word' id='word_1_210' title='bbox 983 1611 1039 1648; x_wconf 83' lang='lat' dir='ltr'>est</span> <span class='ocrx_word' id='word_1_211' title='bbox 1062 1606 1154 1648; x_wconf 81' lang='lat' dir='ltr'>vita</span> <span class='ocrx_word' id='word_1_212' title='bbox 1181 1611 1349 1647; x_wconf 74' lang='lat' dir='ltr'>aeterna</span> <span class='ocrx_word' id='word_1_213' title='bbox 1375 1610 1419 1647; x_wconf 85' lang='lat' dir='ltr'>ut</span> <span class='ocrx_word' id='word_1_214' title='bbox 1444 1609 1690 1661; x_wconf 81' lang='lat' dir='ltr'>cognoscant</span> <span class='ocrx_word' id='word_1_215' title='bbox 1716 1609 1750 1647; x_wconf 84' lang='lat' dir='ltr'>te</span> <span class='ocrx_word' id='word_1_216' title='bbox 1773 1603 1906 1646; x_wconf 86' lang='lat' dir='ltr'>solum</span> <span class='ocrx_word' id='word_1_217' title='bbox 1931 1603 2073 1646; x_wconf 83' lang='lat' dir='ltr'>Deum</span> 
     </span>
     <span class='ocr_line' id='line_1_22' title="bbox 109 1669 2068 1726; baseline -0.003 -9"><span class='ocrx_word' id='word_1_218' title='bbox 109 1687 273 1717; x_wconf 79' lang='lat' dir='ltr'>verum.</span> <span class='ocrx_word' id='word_1_219' title='bbox 290 1671 407 1716; x_wconf 84' lang='lat' dir='ltr'>Huic</span> <span class='ocrx_word' id='word_1_220' title='bbox 435 1672 571 1716; x_wconf 89' lang='lat' dir='ltr'>etiam</span> <span class='ocrx_word' id='word_1_221' title='bbox 599 1672 847 1715; x_wconf 89' lang='lat' dir='ltr'>sententiae</span> <span class='ocrx_word' id='word_1_222' title='bbox 871 1670 1140 1714; x_wconf 87' lang='lat' dir='ltr'>Aristoteles</span> <span class='ocrx_word' id='word_1_223' title='bbox 1167 1670 1212 1713; x_wconf 88' lang='lat' dir='ltr'>in</span> <span class='ocrx_word' id='word_1_224' title='bbox 1239 1670 1401 1712; x_wconf 91' lang='lat' dir='ltr'>ultimo</span> <span class='ocrx_word' id='word_1_225' title='bbox 1430 1669 1574 1713; x_wconf 89' lang='lat' dir='ltr'>Ethic.</span> <span class='ocrx_word' id='word_1_226' title='bbox 1604 1670 1662 1726; x_wconf 92' lang='lat' dir='ltr'>(c.</span> <span class='ocrx_word' id='word_1_227' title='bbox 1696 1670 1783 1726; x_wconf 92' lang='lat'>10.)</span> <span class='ocrx_word' id='word_1_228' title='bbox 1804 1669 2068 1721; x_wconf 93' lang='lat' dir='ltr'>concordat,</span> 
     </span>
     <span class='ocr_line' id='line_1_23' title="bbox 111 1727 2068 1795; baseline -0.002 -12"><span class='ocrx_word' id='word_1_229' title='bbox 111 1738 187 1783; x_wconf 81' lang='lat' dir='ltr'>ubi</span> <span class='ocrx_word' id='word_1_230' title='bbox 212 1738 419 1783; x_wconf 88' lang='lat' dir='ltr'>ultimam</span> <span class='ocrx_word' id='word_1_231' title='bbox 447 1738 648 1782; x_wconf 89' lang='lat' dir='ltr'>hominis</span> <span class='ocrx_word' id='word_1_232' title='bbox 673 1736 938 1782; x_wconf 87' lang='lat' dir='ltr'>felicitatem</span> <span class='ocrx_word' id='word_1_233' title='bbox 964 1737 1072 1781; x_wconf 88' lang='lat' dir='ltr'>dicit</span> <span class='ocrx_word' id='word_1_234' title='bbox 1098 1750 1196 1780; x_wconf 89' lang='lat' dir='ltr'>esse</span> <span class='ocrx_word' id='word_1_235' title='bbox 1224 1736 1554 1795; x_wconf 88' lang='lat' dir='ltr'>speculativam</span> <span class='ocrx_word' id='word_1_236' title='bbox 1581 1746 1802 1795; x_wconf 89' lang='lat' dir='ltr'>quantum</span> <span class='ocrx_word' id='word_1_237' title='bbox 1826 1736 1881 1779; x_wconf 89' lang='lat' dir='ltr'>ad</span> <span class='ocrx_word' id='word_1_238' title='bbox 1914 1727 2068 1794; x_wconf 63' lang='lat' dir='ltr'>specu&#39;-</span> 
     </span>
     <span class='ocr_line' id='line_1_24' title="bbox 108 1804 1422 1865; baseline -0.005 -13"><span class='ocrx_word' id='word_1_239' title='bbox 108 1805 329 1854; x_wconf 79' lang='lat' dir='ltr'>lationem</span> <span class='ocrx_word' id='word_1_240' title='bbox 355 1805 518 1865; x_wconf 90' lang='lat' dir='ltr'>optimi</span> <span class='ocrx_word' id='word_1_241' title='bbox 535 1804 834 1864; x_wconf 88' lang='lat' dir='ltr'>speculabilis.</span> <span class='ocrx_word' id='word_1_242' title='bbox 1419 1812 1422 1814; x_wconf 84' lang='grc'><strong><em>·</em></strong></span> 
     </span>
    </p>
   </div>
   <div class='ocr_carea' id='block_1_5' title="bbox 834 1973 1340 2048">
    <p class='ocr_par' dir='ltr' id='par_1_7' title="bbox 834 1973 1340 2048">
     <span class='ocr_line' id='line_1_25' title="bbox 834 1973 1340 2048; baseline -0.002 -18"><span class='ocrx_word' id='word_1_243' title='bbox 834 1973 1088 2030; x_wconf 82' lang='lat' dir='ltr'><strong>CAPUT</strong></span> <span class='ocrx_word' id='word_1_244' title='bbox 1131 1974 1340 2048; x_wconf 72' lang='lat' dir='ltr'><strong>XXVI.</strong></span> 
     </span>
    </p>
   </div>
   <div class='ocr_carea' id='block_1_6' title="bbox 260 2107 1920 2276">
    <p class='ocr_par' dir='ltr' id='par_1_8' title="bbox 260 2107 1920 2276">
     <span class='ocr_line' id='line_1_26' title="bbox 260 2107 1920 2157; baseline -0.001 -9"><span class='ocrx_word' id='word_1_245' title='bbox 260 2110 414 2157; x_wconf 86' lang='lat' dir='ltr'><strong>QUOD</strong></span> <span class='ocrx_word' id='word_1_246' title='bbox 454 2110 737 2150; x_wconf 79' lang='lat' dir='ltr'><strong>FELICITAS</strong></span> <span class='ocrx_word' id='word_1_247' title='bbox 779 2110 834 2148; x_wconf 88' lang='lat' dir='ltr'>IN</span> <span class='ocrx_word' id='word_1_248' title='bbox 875 2109 1025 2148; x_wconf 83' lang='lat' dir='ltr'>ACTU</span> <span class='ocrx_word' id='word_1_249' title='bbox 1064 2109 1414 2149; x_wconf 88' lang='lat' dir='ltr'>VOLUNTATIS</span> <span class='ocrx_word' id='word_1_250' title='bbox 1455 2108 1572 2148; x_wconf 92' lang='lat' dir='ltr'>NON</span> <span class='ocrx_word' id='word_1_251' title='bbox 1614 2107 1920 2149; x_wconf 82' lang='lat' dir='ltr'>CONSISTIT.</span> 
     </span>
     <span class='ocr_line' id='line_1_27' title="bbox 769 2217 1405 2276; baseline -0.003 -14"><span class='ocrx_word' id='word_1_252' title='bbox 769 2217 893 2275; x_wconf 89' lang='lat' dir='ltr'><strong><em>(I-II.</em></strong></span> <span class='ocrx_word' id='word_1_253' title='bbox 928 2223 1067 2276; x_wconf 84' lang='lat' dir='ltr'>quaest</span> <span class='ocrx_word' id='word_1_254' title='bbox 1096 2217 1178 2261; x_wconf 92' lang='grc' dir='ltr'><em>ΙΙΙ.</em></span> <span class='ocrx_word' id='word_1_255' title='bbox 1213 2223 1293 2261; x_wconf 84' lang='lat' dir='ltr'>art.</span> <span class='ocrx_word' id='word_1_256' title='bbox 1326 2218 1405 2275; x_wconf 89' lang='lat'><em>4.).</em></span> 
     </span>
    </p>
   </div>
   <div class='ocr_carea' id='block_1_7' title="bbox 107 2326 2071 2654">
    <p class='ocr_par' dir='ltr' id='par_1_9' title="bbox 107 2326 2071 2654">
     <span class='ocr_line' id='line_1_28' title="bbox 159 2326 2069 2386; baseline -0.001 -14"><span class='ocrx_word' id='word_1_257' title='bbox 159 2346 162 2353; x_wconf 27' lang='grc' dir='ltr'>ἲ</span> <span class='ocrx_word' id='word_1_258' title='bbox 190 2327 324 2381; x_wconf 52' lang='lat' dir='ltr'>:Quia</span> <span class='ocrx_word' id='word_1_259' title='bbox 348 2341 456 2373; x_wconf 85' lang='lat' dir='ltr'>vero</span> <span class='ocrx_word' id='word_1_260' title='bbox 473 2326 789 2372; x_wconf 90' lang='lat' dir='ltr'>intellectualis</span> <span class='ocrx_word' id='word_1_261' title='bbox 812 2327 1059 2371; x_wconf 89' lang='lat' dir='ltr'>substantia</span> <span class='ocrx_word' id='word_1_262' title='bbox 1075 2341 1156 2372; x_wconf 85' lang='lat' dir='ltr'>sua</span> <span class='ocrx_word' id='word_1_263' title='bbox 1183 2327 1450 2386; x_wconf 86' lang='lat' dir='ltr'>operatione</span> <span class='ocrx_word' id='word_1_264' title='bbox 1467 2328 1679 2386; x_wconf 87' lang='lat' dir='ltr'>pertingit</span> <span class='ocrx_word' id='word_1_265' title='bbox 1707 2327 1763 2371; x_wconf 86' lang='lat' dir='ltr'>ad</span> <span class='ocrx_word' id='word_1_266' title='bbox 1789 2327 1958 2380; x_wconf 92' lang='lat' dir='ltr'>Deum,</span> <span class='ocrx_word' id='word_1_267' title='bbox 1975 2341 2069 2370; x_wconf 93' lang='lat' dir='ltr'>non</span> 
     </span>
     <span class='ocr_line' id='line_1_29' title="bbox 107 2394 2070 2454; baseline -0.002 -14"><span class='ocrx_word' id='word_1_268' title='bbox 107 2394 261 2441; x_wconf 63' lang='lat' dir='ltr'>solum</span> <span class='ocrx_word' id='word_1_269' title='bbox 286 2394 598 2454; x_wconf 87' lang='lat' dir='ltr'>intelligendo,</span> <span class='ocrx_word' id='word_1_270' title='bbox 624 2394 703 2439; x_wconf 92' lang='lat' dir='ltr'>sed</span> <span class='ocrx_word' id='word_1_271' title='bbox 735 2408 814 2452; x_wconf 91' lang='lat' dir='ltr'>per</span> <span class='ocrx_word' id='word_1_272' title='bbox 847 2404 1000 2438; x_wconf 87' lang='lat' dir='ltr'>actum</span> <span class='ocrx_word' id='word_1_273' title='bbox 1033 2395 1170 2438; x_wconf 88' lang='lat' dir='ltr'>etiam</span> <span class='ocrx_word' id='word_1_274' title='bbox 1196 2394 1443 2438; x_wconf 89' lang='lat' dir='ltr'>voluntatis</span> <span class='ocrx_word' id='word_1_275' title='bbox 1472 2394 1772 2438; x_wconf 90' lang='lat' dir='ltr'>desiderando</span> <span class='ocrx_word' id='word_1_276' title='bbox 1800 2403 1844 2438; x_wconf 93' lang='lat' dir='ltr'>et</span> <span class='ocrx_word' id='word_1_277' title='bbox 1870 2394 2070 2438; x_wconf 89' lang='lat' dir='ltr'>amando</span> 
     </span>
     <span class='ocr_line' id='line_1_30' title="bbox 107 2456 2070 2522; baseline -0.002 -15"><span class='ocrx_word' id='word_1_278' title='bbox 107 2456 272 2522; x_wconf 63' lang='lat' dir='ltr'>ipsum,</span> <span class='ocrx_word' id='word_1_279' title='bbox 296 2473 343 2507; x_wconf 84' lang='lat' dir='ltr'>et</span> <span class='ocrx_word' id='word_1_280' title='bbox 372 2462 419 2506; x_wconf 85' lang='lat' dir='ltr'>in</span> <span class='ocrx_word' id='word_1_281' title='bbox 443 2463 544 2521; x_wconf 89' lang='lat' dir='ltr'>ipso</span> <span class='ocrx_word' id='word_1_282' title='bbox 571 2461 922 2506; x_wconf 87' lang='lat' dir='ltr'>delectationem</span> <span class='ocrx_word' id='word_1_283' title='bbox 954 2461 1182 2515; x_wconf 91' lang='lat' dir='ltr'>habendo,</span> <span class='ocrx_word' id='word_1_284' title='bbox 1209 2471 1358 2519; x_wconf 90' lang='lat' dir='ltr'>potest</span> <span class='ocrx_word' id='word_1_285' title='bbox 1391 2462 1526 2506; x_wconf 89' lang='lat' dir='ltr'>alicui</span> <span class='ocrx_word' id='word_1_286' title='bbox 1558 2462 1700 2505; x_wconf 91' lang='lat' dir='ltr'>videri</span> <span class='ocrx_word' id='word_1_287' title='bbox 1733 2461 1855 2520; x_wconf 90' lang='lat' dir='ltr'>quod</span> <span class='ocrx_word' id='word_1_288' title='bbox 1883 2461 2070 2505; x_wconf 88' lang='lat' dir='ltr'>ultimus</span> 
     </span>
     <span class='ocr_line' id='line_1_31' title="bbox 108 2527 2070 2587; baseline -0.002 -13"><span class='ocrx_word' id='word_1_289' title='bbox 108 2528 210 2575; x_wconf 74' lang='lat' dir='ltr'>finis</span> <span class='ocrx_word' id='word_1_290' title='bbox 233 2539 278 2574; x_wconf 87' lang='lat' dir='ltr'>et</span> <span class='ocrx_word' id='word_1_291' title='bbox 301 2528 462 2573; x_wconf 89' lang='lat' dir='ltr'>ultima</span> <span class='ocrx_word' id='word_1_292' title='bbox 487 2528 688 2573; x_wconf 89' lang='lat' dir='ltr'>hominis</span> <span class='ocrx_word' id='word_1_293' title='bbox 713 2527 904 2573; x_wconf 86' lang='lat' dir='ltr'>felicitas</span> <span class='ocrx_word' id='word_1_294' title='bbox 925 2542 1020 2572; x_wconf 88' lang='lat' dir='ltr'>non</span> <span class='ocrx_word' id='word_1_295' title='bbox 1046 2529 1104 2572; x_wconf 91' lang='lat' dir='ltr'>sit</span> <span class='ocrx_word' id='word_1_296' title='bbox 1129 2529 1174 2572; x_wconf 89' lang='lat' dir='ltr'>in</span> <span class='ocrx_word' id='word_1_297' title='bbox 1203 2529 1528 2587; x_wconf 90' lang='lat' dir='ltr'>cognoscendo</span> <span class='ocrx_word' id='word_1_298' title='bbox 1554 2529 1723 2581; x_wconf 92' lang='lat' dir='ltr'>Deum,</span> <span class='ocrx_word' id='word_1_299' title='bbox 1747 2529 1825 2573; x_wconf 90' lang='lat' dir='ltr'>sed</span> <span class='ocrx_word' id='word_1_300' title='bbox 1850 2528 1997 2586; x_wconf 86' lang='lat' dir='ltr'>magis</span> <span class='ocrx_word' id='word_1_301' title='bbox 2023 2529 2070 2572; x_wconf 89' lang='lat' dir='ltr'>in</span> 
     </span>
     <span class='ocr_line' id='line_1_32' title="bbox 109 2594 2071 2654; baseline -0.001 -14"><span class='ocrx_word' id='word_1_302' title='bbox 109 2595 323 2650; x_wconf 66' lang='lat' dir='ltr'>amando,</span> <span class='ocrx_word' id='word_1_303' title='bbox 355 2595 431 2639; x_wconf 87' lang='lat' dir='ltr'>vel</span> <span class='ocrx_word' id='word_1_304' title='bbox 467 2594 620 2654; x_wconf 84' lang='lat' dir='ltr'>aliquo</span> <span class='ocrx_word' id='word_1_305' title='bbox 655 2594 746 2638; x_wconf 91' lang='lat' dir='ltr'>alio</span> <span class='ocrx_word' id='word_1_306' title='bbox 781 2605 884 2638; x_wconf 90' lang='lat' dir='ltr'>actu</span> <span class='ocrx_word' id='word_1_307' title='bbox 918 2594 1165 2639; x_wconf 89' lang='lat' dir='ltr'>voluntatis</span> <span class='ocrx_word' id='word_1_308' title='bbox 1200 2609 1248 2640; x_wconf 92' lang='lat' dir='ltr'>se</span> <span class='ocrx_word' id='word_1_309' title='bbox 1282 2595 1494 2639; x_wconf 90' lang='lat' dir='ltr'>habendo</span> <span class='ocrx_word' id='word_1_310' title='bbox 1533 2595 1588 2638; x_wconf 92' lang='lat' dir='ltr'>ad</span> <span class='ocrx_word' id='word_1_311' title='bbox 1621 2597 1795 2654; x_wconf 83' lang='lat' dir='ltr'>ipsum3</span> <span class='ocrx_word' id='word_1_312' title='bbox 1830 2597 2071 2654; x_wconf 89' lang='lat' dir='ltr'>praecipue</span> 
     </span>
    </p>
   </div>
   <div class='ocr_carea' id='block_1_8' title="bbox 107 2661 2141 2722">
    <p class='ocr_par' dir='ltr' id='par_1_10' title="bbox 107 2661 2141 2722">
     <span class='ocr_line' id='line_1_33' title="bbox 107 2661 2141 2722; baseline -0.001 -15"><span class='ocrx_word' id='word_1_313' title='bbox 107 2663 248 2722; x_wconf 85' lang='lat' dir='ltr'>quum</span> <span class='ocrx_word' id='word_1_314' title='bbox 265 2662 497 2720; x_wconf 79' lang='lat' dir='ltr'>obiectum</span> <span class='ocrx_word' id='word_1_315' title='bbox 513 2661 759 2706; x_wconf 84' lang='lat' dir='ltr'>voluntatis</span> <span class='ocrx_word' id='word_1_316' title='bbox 777 2662 835 2705; x_wconf 91' lang='lat' dir='ltr'>sit</span> <span class='ocrx_word' id='word_1_317' title='bbox 849 2662 1037 2714; x_wconf 89' lang='lat' dir='ltr'>bonum,</span> <span class='ocrx_word' id='word_1_318' title='bbox 1056 2661 1178 2720; x_wconf 91' lang='lat' dir='ltr'>quod</span> <span class='ocrx_word' id='word_1_319' title='bbox 1196 2662 1333 2706; x_wconf 93' lang='lat' dir='ltr'>habet</span> <span class='ocrx_word' id='word_1_320' title='bbox 1350 2663 1576 2706; x_wconf 87' lang='lat' dir='ltr'>rationem</span> <span class='ocrx_word' id='word_1_321' title='bbox 1593 2661 1694 2705; x_wconf 88' lang='lat' dir='ltr'>finis</span> <span class='ocrx_word' id='word_1_322' title='bbox 1709 2678 1719 2715; x_wconf 93' lang='lat'>;</span> <span class='ocrx_word' id='word_1_323' title='bbox 1737 2675 1898 2706; x_wconf 89' lang='lat' dir='ltr'>verum</span> <span class='ocrx_word' id='word_1_324' title='bbox 1916 2661 2069 2715; x_wconf 89' lang='lat' dir='ltr'>etiam,</span> <span class='ocrx_word' id='word_1_325' title='bbox 2139 2709 2141 2712; x_wconf 14' lang='grc' dir='ltr'><em>Α</em></span> 
     </span>
    </p>
   </div>
   <div class='ocr_carea' id='block_1_9' title="bbox 108 2726 2071 3054">
    <p class='ocr_par' dir='ltr' id='par_1_11' title="bbox 108 2726 2071 2919">
     <span class='ocr_line' id='line_1_34' title="bbox 109 2726 2071 2787; baseline -0.001 -14"><span class='ocrx_word' id='word_1_326' title='bbox 109 2728 233 2787; x_wconf 83' lang='lat' dir='ltr'>quod</span> <span class='ocrx_word' id='word_1_327' title='bbox 257 2738 327 2773; x_wconf 62' lang='lat' dir='ltr'>at</span> <span class='ocrx_word' id='word_1_328' title='bbox 348 2728 581 2787; x_wconf 87' lang='lat' dir='ltr'>objectum</span> <span class='ocrx_word' id='word_1_329' title='bbox 606 2726 877 2781; x_wconf 89' lang='lat' dir='ltr'>intellectus,</span> <span class='ocrx_word' id='word_1_330' title='bbox 894 2742 989 2771; x_wconf 89' lang='lat' dir='ltr'>non</span> <span class='ocrx_word' id='word_1_331' title='bbox 1009 2728 1176 2772; x_wconf 90' lang='lat' dir='ltr'>habeat</span> <span class='ocrx_word' id='word_1_332' title='bbox 1201 2729 1425 2773; x_wconf 89' lang='lat' dir='ltr'>rationem</span> <span class='ocrx_word' id='word_1_333' title='bbox 1453 2729 1570 2782; x_wconf 90' lang='lat' dir='ltr'>finis,</span> <span class='ocrx_word' id='word_1_334' title='bbox 1597 2729 1685 2772; x_wconf 90' lang='lat' dir='ltr'>nisi</span> <span class='ocrx_word' id='word_1_335' title='bbox 1710 2729 1756 2771; x_wconf 89' lang='lat' dir='ltr'>in</span> <span class='ocrx_word' id='word_1_336' title='bbox 1783 2739 2000 2787; x_wconf 88' lang='lat' dir='ltr'>quantum</span> <span class='ocrx_word' id='word_1_337' title='bbox 2026 2739 2071 2772; x_wconf 90' lang='lat' dir='ltr'>et</span> 
     </span>
     <span class='ocr_line' id='line_1_35' title="bbox 108 2794 2070 2854; baseline 0.002 -16"><span class='ocrx_word' id='word_1_338' title='bbox 108 2794 205 2853; x_wconf 82' lang='lat' dir='ltr'>ipse</span> <span class='ocrx_word' id='word_1_339' title='bbox 227 2804 294 2839; x_wconf 88' lang='lat' dir='ltr'>est</span> <span class='ocrx_word' id='word_1_340' title='bbox 317 2794 504 2838; x_wconf 85' lang='lat' dir='ltr'>bonum.</span> <span class='ocrx_word' id='word_1_341' title='bbox 524 2794 658 2842; x_wconf 90' lang='lat' dir='ltr'>Unde</span> <span class='ocrx_word' id='word_1_342' title='bbox 683 2807 780 2838; x_wconf 90' lang='lat' dir='ltr'>non</span> <span class='ocrx_word' id='word_1_343' title='bbox 803 2794 979 2838; x_wconf 90' lang='lat' dir='ltr'>videtur</span> <span class='ocrx_word' id='word_1_344' title='bbox 1003 2794 1149 2839; x_wconf 91' lang='lat' dir='ltr'>homo</span> <span class='ocrx_word' id='word_1_345' title='bbox 1177 2795 1397 2854; x_wconf 88' lang='lat' dir='ltr'>consequi</span> <span class='ocrx_word' id='word_1_346' title='bbox 1421 2794 1635 2840; x_wconf 91' lang='lat' dir='ltr'>ultimum</span> <span class='ocrx_word' id='word_1_347' title='bbox 1652 2795 1789 2839; x_wconf 90' lang='lat' dir='ltr'>finem</span> <span class='ocrx_word' id='word_1_348' title='bbox 1814 2809 1894 2854; x_wconf 90' lang='lat' dir='ltr'>per</span> <span class='ocrx_word' id='word_1_349' title='bbox 1917 2806 2070 2841; x_wconf 86' lang='lat' dir='ltr'>actum</span> 
     </span>
     <span class='ocr_line' id='line_1_36' title="bbox 108 2859 1235 2919; baseline 0 -14"><span class='ocrx_word' id='word_1_350' title='bbox 108 2859 380 2915; x_wconf 81' lang='lat' dir='ltr'>intellectus,</span> <span class='ocrx_word' id='word_1_351' title='bbox 405 2860 486 2904; x_wconf 83' lang='lat' dir='ltr'>sed</span> <span class='ocrx_word' id='word_1_352' title='bbox 510 2860 658 2918; x_wconf 89' lang='lat' dir='ltr'>magis</span> <span class='ocrx_word' id='word_1_353' title='bbox 685 2873 763 2919; x_wconf 91' lang='lat' dir='ltr'>per</span> <span class='ocrx_word' id='word_1_354' title='bbox 790 2869 942 2904; x_wconf 88' lang='lat' dir='ltr'>actum</span> <span class='ocrx_word' id='word_1_355' title='bbox 974 2860 1235 2905; x_wconf 87' lang='lat' dir='ltr'>voluntatis.</span> 
     </span>
    </p>

    <p class='ocr_par' dir='ltr' id='par_1_12' title="bbox 114 2925 2070 3054">
     <span class='ocr_line' id='line_1_37' title="bbox 146 2925 2070 2987; baseline 0.002 -16"><span class='ocrx_word' id='word_1_356' title='bbox 146 2942 150 2943; x_wconf 45' lang='lat'><em>⁷</em></span> <span class='ocrx_word' id='word_1_357' title='bbox 196 2926 458 2971; x_wconf 81' lang='lat' dir='ltr'>Praeterea:</span> <span class='ocrx_word' id='word_1_358' title='bbox 490 2926 651 2970; x_wconf 90' lang='lat' dir='ltr'>ultima</span> <span class='ocrx_word' id='word_1_359' title='bbox 677 2925 896 2985; x_wconf 90' lang='lat' dir='ltr'>perfectio</span> <span class='ocrx_word' id='word_1_360' title='bbox 927 2927 1206 2985; x_wconf 87' lang='lat' dir='ltr'>operationis</span> <span class='ocrx_word' id='word_1_361' title='bbox 1233 2937 1299 2972; x_wconf 89' lang='lat' dir='ltr'>est</span> <span class='ocrx_word' id='word_1_362' title='bbox 1325 2927 1583 2983; x_wconf 90' lang='lat' dir='ltr'>delectatio,</span> <span class='ocrx_word' id='word_1_363' title='bbox 1611 2942 1727 2987; x_wconf 90' lang='lat' dir='ltr'>quae</span> <span class='ocrx_word' id='word_1_364' title='bbox 1759 2928 1937 2986; x_wconf 89' lang='lat' dir='ltr'>perficit</span> <span class='ocrx_word' id='word_1_365' title='bbox 1960 2942 2070 2987; x_wconf 89' lang='lat' dir='ltr'>ope-</span> 
     </span>
     <span class='ocr_line' id='line_1_38' title="bbox 114 2991 2069 3054; baseline 0.002 -17"><span class='ocrx_word' id='word_1_366' title='bbox 114 2992 354 3047; x_wconf 85' lang='lat' dir='ltr'>rationem,</span> <span class='ocrx_word' id='word_1_367' title='bbox 371 2993 488 3037; x_wconf 84' lang='lat' dir='ltr'>sicut</span> <span class='ocrx_word' id='word_1_368' title='bbox 517 2991 773 3052; x_wconf 88' lang='lat' dir='ltr'>pulcritudo</span> <span class='ocrx_word' id='word_1_369' title='bbox 790 2994 1086 3050; x_wconf 85' lang='lat' dir='ltr'>juventutem,</span> <span class='ocrx_word' id='word_1_370' title='bbox 1108 3004 1157 3038; x_wconf 93' lang='lat' dir='ltr'>ut</span> <span class='ocrx_word' id='word_1_371' title='bbox 1182 2994 1493 3054; x_wconf 89' lang='lat' dir='ltr'>Philosophus</span> <span class='ocrx_word' id='word_1_372' title='bbox 1526 2995 1634 3040; x_wconf 91' lang='lat' dir='ltr'>dicit</span> <span class='ocrx_word' id='word_1_373' title='bbox 1650 2996 1696 3039; x_wconf 93' lang='lat' dir='ltr'>in</span> <span class='ocrx_word' id='word_1_374' title='bbox 1714 2995 1895 3040; x_wconf 91' lang='lat' dir='ltr'>decimo</span> <span class='ocrx_word' id='word_1_375' title='bbox 1921 2995 2069 3040; x_wconf 88' lang='lat' dir='ltr'>Ethic.</span> 
     </span>
    </p>
   </div>
   <div class='ocr_carea' id='block_1_10' title="bbox 26 3058 2070 3186">
    <p class='ocr_par' dir='ltr' id='par_1_13' title="bbox 26 3058 2070 3186">
     <span class='ocr_line' id='line_1_39' title="bbox 26 3058 2070 3121; baseline 0.002 -18"><span class='ocrx_word' id='word_1_376' title='bbox 26 3071 35 3111; x_wconf 48' lang='lat'>‘2</span> <span class='ocrx_word' id='word_1_377' title='bbox 108 3060 171 3118; x_wconf 90' lang='lat' dir='ltr'>(c.</span> <span class='ocrx_word' id='word_1_378' title='bbox 196 3062 272 3115; x_wconf 87' lang='lat'><strong>4.).</strong></span> <span class='ocrx_word' id='word_1_379' title='bbox 298 3059 347 3103; x_wconf 90' lang='lat' dir='ltr'>Si</span> <span class='ocrx_word' id='word_1_380' title='bbox 371 3058 508 3118; x_wconf 84' lang='lat' dir='ltr'>igitur</span> <span class='ocrx_word' id='word_1_381' title='bbox 532 3058 732 3118; x_wconf 87' lang='lat' dir='ltr'>perfecta</span> <span class='ocrx_word' id='word_1_382' title='bbox 749 3060 953 3118; x_wconf 89' lang='lat' dir='ltr'>operatio</span> <span class='ocrx_word' id='word_1_383' title='bbox 980 3069 1046 3104; x_wconf 91' lang='lat' dir='ltr'>est</span> <span class='ocrx_word' id='word_1_384' title='bbox 1072 3060 1258 3105; x_wconf 91' lang='lat' dir='ltr'>ultimus</span> <span class='ocrx_word' id='word_1_385' title='bbox 1274 3061 1390 3115; x_wconf 86' lang='lat' dir='ltr'>finis,</span> <span class='ocrx_word' id='word_1_386' title='bbox 1406 3062 1583 3106; x_wconf 88' lang='lat' dir='ltr'>videtur</span> <span class='ocrx_word' id='word_1_387' title='bbox 1609 3063 1731 3121; x_wconf 92' lang='lat' dir='ltr'>quod</span> <span class='ocrx_word' id='word_1_388' title='bbox 1757 3061 1943 3108; x_wconf 90' lang='lat' dir='ltr'>ultimus</span> <span class='ocrx_word' id='word_1_389' title='bbox 1968 3062 2070 3108; x_wconf 89' lang='lat' dir='ltr'>finis</span> 
     </span>
     <span class='ocr_line' id='line_1_40' title="bbox 30 3125 1690 3186; baseline 0.002 -17"><span class='ocrx_word' id='word_1_390' title='bbox 30 3131 33 3133; x_wconf 64' lang='grc'><strong>“</strong></span> <span class='ocrx_word' id='word_1_391' title='bbox 109 3126 257 3186; x_wconf 83' lang='lat' dir='ltr'>magis</span> <span class='ocrx_word' id='word_1_392' title='bbox 283 3128 340 3170; x_wconf 89' lang='lat' dir='ltr'>sit</span> <span class='ocrx_word' id='word_1_393' title='bbox 364 3125 615 3170; x_wconf 89' lang='lat' dir='ltr'>secundum</span> <span class='ocrx_word' id='word_1_394' title='bbox 637 3126 951 3185; x_wconf 84' lang='lat' dir='ltr'>operationem</span> <span class='ocrx_word' id='word_1_395' title='bbox 981 3126 1227 3171; x_wconf 90' lang='lat' dir='ltr'>voluntatis</span> <span class='ocrx_word' id='word_1_396' title='bbox 1254 3142 1391 3186; x_wconf 92' lang='lat' dir='ltr'>quam</span> <span class='ocrx_word' id='word_1_397' title='bbox 1421 3127 1690 3173; x_wconf 88' lang='lat' dir='ltr'>intellectus.</span> 
     </span>
    </p>
   </div>
   <div class='ocr_carea' id='block_1_11' title="bbox 196 3191 2068 3255">
    <p class='ocr_par' dir='ltr' id='par_1_14' title="bbox 196 3191 2068 3255">
     <span class='ocr_line' id='line_1_41' title="bbox 196 3191 2068 3255; baseline 0.003 -19"><span class='ocrx_word' id='word_1_398' title='bbox 196 3192 385 3236; x_wconf 84' lang='lat' dir='ltr'>Adhuc:</span> <span class='ocrx_word' id='word_1_399' title='bbox 411 3191 652 3236; x_wconf 87' lang='lat' dir='ltr'>delectatio</span> <span class='ocrx_word' id='word_1_400' title='bbox 669 3192 846 3236; x_wconf 88' lang='lat' dir='ltr'>videtur</span> <span class='ocrx_word' id='word_1_401' title='bbox 861 3193 923 3236; x_wconf 90' lang='lat' dir='ltr'>ita</span> <span class='ocrx_word' id='word_1_402' title='bbox 945 3204 1127 3252; x_wconf 86' lang='lat' dir='ltr'>propter</span> <span class='ocrx_word' id='word_1_403' title='bbox 1153 3207 1201 3238; x_wconf 83' lang='lat' dir='ltr'>se</span> <span class='ocrx_word' id='word_1_404' title='bbox 1224 3195 1467 3239; x_wconf 90' lang='lat' dir='ltr'>desiderari</span> <span class='ocrx_word' id='word_1_405' title='bbox 1484 3196 1606 3254; x_wconf 81' lang='lat' dir='ltr'>quod</span> <span class='ocrx_word' id='word_1_406' title='bbox 1627 3210 1860 3255; x_wconf 89' lang='lat' dir='ltr'>nunquam</span> <span class='ocrx_word' id='word_1_407' title='bbox 1883 3206 2068 3255; x_wconf 92' lang='lat' dir='ltr'>propter</span> 
     </span>
    </p>
   </div>
   <div class='ocr_carea' id='block_1_12' title="bbox 32 3251 2067 3461">
    <p class='ocr_par' dir='ltr' id='par_1_15' title="bbox 32 3251 2067 3461">
     <span class='ocr_line' id='line_1_42' title="bbox 32 3251 2067 3320; baseline 0.002 -16"><span class='ocrx_word' id='word_1_408' title='bbox 32 3251 41 3298; x_wconf 68' lang='lat' dir='ltr'>s</span> <span class='ocrx_word' id='word_1_409' title='bbox 107 3258 254 3314; x_wconf 82' lang='lat' dir='ltr'>aliud3</span> <span class='ocrx_word' id='word_1_410' title='bbox 281 3259 469 3304; x_wconf 89' lang='lat' dir='ltr'>stultum</span> <span class='ocrx_word' id='word_1_411' title='bbox 486 3259 609 3303; x_wconf 89' lang='lat' dir='ltr'>enim</span> <span class='ocrx_word' id='word_1_412' title='bbox 636 3269 704 3303; x_wconf 90' lang='lat' dir='ltr'>est</span> <span class='ocrx_word' id='word_1_413' title='bbox 729 3274 946 3318; x_wconf 88' lang='lat' dir='ltr'>quaerere</span> <span class='ocrx_word' id='word_1_414' title='bbox 964 3261 1017 3304; x_wconf 88' lang='lat' dir='ltr'>ab</span> <span class='ocrx_word' id='word_1_415' title='bbox 1035 3261 1186 3320; x_wconf 89' lang='lat' dir='ltr'>aliquo</span> <span class='ocrx_word' id='word_1_416' title='bbox 1210 3276 1348 3320; x_wconf 90' lang='lat' dir='ltr'>quare</span> <span class='ocrx_word' id='word_1_417' title='bbox 1374 3262 1484 3307; x_wconf 90' lang='lat' dir='ltr'>velit</span> <span class='ocrx_word' id='word_1_418' title='bbox 1510 3263 1736 3308; x_wconf 89' lang='lat' dir='ltr'>delectari.</span> <span class='ocrx_word' id='word_1_419' title='bbox 1762 3264 1887 3308; x_wconf 85' lang='lat' dir='ltr'>Haec</span> <span class='ocrx_word' id='word_1_420' title='bbox 1914 3274 2067 3309; x_wconf 91' lang='lat' dir='ltr'>autem</span> 
     </span>
     <span class='ocr_line' id='line_1_43' title="bbox 33 3324 2066 3393; baseline 0.001 -21"><span class='ocrx_word' id='word_1_421' title='bbox 33 3347 45 3393; x_wconf 49' lang='lat' dir='ltr'>s</span> <span class='ocrx_word' id='word_1_422' title='bbox 107 3337 174 3372; x_wconf 77' lang='lat' dir='ltr'>est</span> <span class='ocrx_word' id='word_1_423' title='bbox 206 3325 408 3371; x_wconf 88' lang='lat' dir='ltr'>conditio</span> <span class='ocrx_word' id='word_1_424' title='bbox 435 3325 584 3369; x_wconf 87' lang='lat' dir='ltr'>ultimi</span> <span class='ocrx_word' id='word_1_425' title='bbox 609 3324 726 3380; x_wconf 85' lang='lat' dir='ltr'>finis,</span> <span class='ocrx_word' id='word_1_426' title='bbox 751 3336 800 3370; x_wconf 90' lang='lat' dir='ltr'>ut</span> <span class='ocrx_word' id='word_1_427' title='bbox 812 3325 998 3371; x_wconf 67' lang='lat' dir='ltr'>scilicet</span> <span class='ocrx_word' id='word_1_428' title='bbox 1029 3338 1212 3386; x_wconf 89' lang='lat' dir='ltr'>propter</span> <span class='ocrx_word' id='word_1_429' title='bbox 1244 3343 1291 3372; x_wconf 91' lang='lat' dir='ltr'>se</span> <span class='ocrx_word' id='word_1_430' title='bbox 1317 3339 1571 3388; x_wconf 89' lang='lat' dir='ltr'>quaeratur.</span> <span class='ocrx_word' id='word_1_431' title='bbox 1604 3330 1685 3374; x_wconf 91' lang='lat' dir='ltr'>Est</span> <span class='ocrx_word' id='word_1_432' title='bbox 1716 3331 1852 3389; x_wconf 88' lang='lat' dir='ltr'>igitur</span> <span class='ocrx_word' id='word_1_433' title='bbox 1878 3330 2066 3376; x_wconf 89' lang='lat' dir='ltr'>ultimus</span> 
     </span>
     <span class='ocr_line' id='line_1_44' title="bbox 41 3392 1765 3461; baseline 0 -21"><span class='ocrx_word' id='word_1_434' title='bbox 41 3455 47 3461; x_wconf 88' lang='lat'>.</span> <span class='ocrx_word' id='word_1_435' title='bbox 106 3394 208 3440; x_wconf 81' lang='lat' dir='ltr'>finis</span> <span class='ocrx_word' id='word_1_436' title='bbox 233 3394 380 3453; x_wconf 89' lang='lat' dir='ltr'>magis</span> <span class='ocrx_word' id='word_1_437' title='bbox 405 3393 452 3437; x_wconf 90' lang='lat' dir='ltr'>in</span> <span class='ocrx_word' id='word_1_438' title='bbox 479 3393 742 3452; x_wconf 88' lang='lat' dir='ltr'>operatione</span> <span class='ocrx_word' id='word_1_439' title='bbox 769 3392 1014 3439; x_wconf 88' lang='lat' dir='ltr'>voluntatis</span> <span class='ocrx_word' id='word_1_440' title='bbox 1042 3410 1178 3454; x_wconf 89' lang='lat' dir='ltr'>quam</span> <span class='ocrx_word' id='word_1_441' title='bbox 1207 3396 1479 3450; x_wconf 82' lang='lat' dir='ltr'>intellectus,</span> <span class='ocrx_word' id='word_1_442' title='bbox 1507 3406 1554 3440; x_wconf 91' lang='lat' dir='ltr'>ut</span> <span class='ocrx_word' id='word_1_443' title='bbox 1576 3397 1765 3441; x_wconf 90' lang='lat' dir='ltr'>videtur.</span> 
     </span>
    </p>
   </div>
   <div class='ocr_carea' id='block_1_13' title="bbox 104 3459 2067 3592">
    <p class='ocr_par' dir='ltr' id='par_1_16' title="bbox 104 3459 2067 3592">
     <span class='ocr_line' id='line_1_45' title="bbox 110 3459 2067 3523; baseline 0.001 -17"><span class='ocrx_word' id='word_1_444' title='bbox 110 3473 115 3481; x_wconf 78' lang='lat'>⁷</span> <span class='ocrx_word' id='word_1_445' title='bbox 191 3461 333 3506; x_wconf 82' lang='lat' dir='ltr'>¹Item:</span> <span class='ocrx_word' id='word_1_446' title='bbox 355 3461 401 3504; x_wconf 89' lang='lat' dir='ltr'>in</span> <span class='ocrx_word' id='word_1_447' title='bbox 424 3459 625 3519; x_wconf 87' lang='lat' dir='ltr'>appetitu</span> <span class='ocrx_word' id='word_1_448' title='bbox 650 3459 800 3503; x_wconf 90' lang='lat' dir='ltr'>ultimi</span> <span class='ocrx_word' id='word_1_449' title='bbox 826 3459 933 3505; x_wconf 70' lang='lat' dir='ltr'>finis*</span> <span class='ocrx_word' id='word_1_450' title='bbox 951 3462 1149 3507; x_wconf 86' lang='lat' dir='ltr'>maxime</span> <span class='ocrx_word' id='word_1_451' title='bbox 1177 3477 1337 3507; x_wconf 90' lang='lat' dir='ltr'>omnes</span> <span class='ocrx_word' id='word_1_452' title='bbox 1371 3464 1668 3518; x_wconf 86' lang='lat' dir='ltr'>concordant,</span> <span class='ocrx_word' id='word_1_453' title='bbox 1694 3477 1835 3523; x_wconf 90' lang='lat' dir='ltr'>quum</span> <span class='ocrx_word' id='word_1_454' title='bbox 1860 3463 1922 3508; x_wconf 88' lang='lat' dir='ltr'>sit</span> <span class='ocrx_word' id='word_1_455' title='bbox 1941 3474 2067 3508; x_wconf 88' lang='lat' dir='ltr'>natu-</span> 
     </span>
     <span class='ocr_line' id='line_1_46' title="bbox 104 3526 2066 3592; baseline 0.001 -19"><span class='ocrx_word' id='word_1_456' title='bbox 104 3526 226 3573; x_wconf 73' lang='lat' dir='ltr'>niis.</span> <span class='ocrx_word' id='word_1_457' title='bbox 251 3526 411 3572; x_wconf 84' lang='lat' dir='ltr'>Plures</span> <span class='ocrx_word' id='word_1_458' title='bbox 433 3535 586 3571; x_wconf 83' lang='lat' dir='ltr'>autem</span> <span class='ocrx_word' id='word_1_459' title='bbox 612 3536 834 3585; x_wconf 88' lang='lat' dir='ltr'>quaerunt</span> <span class='ocrx_word' id='word_1_460' title='bbox 858 3526 1210 3573; x_wconf 86' lang='lat' dir='ltr'>delectationem</span> <span class='ocrx_word' id='word_1_461' title='bbox 1237 3544 1376 3592; x_wconf 89' lang='lat' dir='ltr'>quam</span> <span class='ocrx_word' id='word_1_462' title='bbox 1403 3530 1732 3590; x_wconf 85' lang='lat' dir='ltr'>cognitionem.</span> <span class='ocrx_word' id='word_1_463' title='bbox 1759 3530 1907 3589; x_wconf 87' lang='lat' dir='ltr'>Magis</span> <span class='ocrx_word' id='word_1_464' title='bbox 1928 3531 2066 3590; x_wconf 85' lang='lat' dir='ltr'>igitur</span> 
     </span>
    </p>
   </div>
   <div class='ocr_carea' id='block_1_14' title="bbox 107 3592 1206 3655">
    <p class='ocr_par' dir='ltr' id='par_1_17' title="bbox 26 3592 1206 3665">
     <span class='ocr_line' id='line_1_47' title="bbox 107 3592 1206 3655; baseline 0.002 -15.863"><span class='ocrx_word' id='word_1_465' title='bbox 107 3593 285 3642; x_wconf 64' lang='lat' dir='ltr'>videtur</span> <span class='ocrx_word' id='word_1_466' title='bbox 305 3607 403 3640; x_wconf 80' lang='lat' dir='ltr'>esse</span> <span class='ocrx_word' id='word_1_467' title='bbox 429 3593 531 3639; x_wconf 85' lang='lat' dir='ltr'>finis</span> <span class='ocrx_word' id='word_1_468' title='bbox 556 3592 798 3638; x_wconf 82' lang='lat' dir='ltr'>delectatio</span> <span class='ocrx_word' id='word_1_469' title='bbox 824 3608 963 3654; x_wconf 88' lang='lat' dir='ltr'>quam</span> <span class='ocrx_word' id='word_1_470' title='bbox 989 3596 1206 3655; x_wconf 90' lang='lat' dir='ltr'>cognitio.</span> 
     </span>
    </p>
   </div>
   <div class='ocr_carea' id='block_1_15' title="bbox 132 3696 1973 3781">
    <p class='ocr_par' dir='ltr' id='par_1_18' title="bbox 132 3696 1973 3781">
     <span class='ocr_line' id='line_1_48' title="bbox 250 3696 1973 3736; baseline 0.003 -5"><span class='ocrx_word' id='word_1_471' title='bbox 250 3696 288 3733; x_wconf 87' lang='lat' dir='ltr'>S.</span> <span class='ocrx_word' id='word_1_472' title='bbox 312 3696 466 3732; x_wconf 71' lang='grc' dir='ltr'><strong>ΤειοκΑε</strong></span> <span class='ocrx_word' id='word_1_473' title='bbox 491 3697 625 3732; x_wconf 79' lang='lat' dir='ltr'>Summa</span> <span class='ocrx_word' id='word_1_474' title='bbox 649 3702 756 3731; x_wconf 72' lang='lat' dir='ltr'>contra</span> <span class='ocrx_word' id='word_1_475' title='bbox 783 3696 938 3734; x_wconf 75' lang='lat' dir='ltr'>Gentiles.</span> <span class='ocrx_word' id='word_1_476' title='bbox 1935 3710 1973 3736; x_wconf 64' lang='grc' dir='ltr'>δι</span> 
     </span>
     <span class='ocr_line' id='line_1_49' title="bbox 132 3758 550 3781; baseline -0.012 -16"><span class='ocrx_word' id='word_1_477' title='bbox 132 3758 140 3765; x_wconf 92' lang='grc'><em>.</em></span> <span class='ocrx_word' id='word_1_478' title='bbox 160 3760 186 3781; x_wconf 43' lang='grc' dir='ltr'><em>φ</em></span> <span class='ocrx_word' id='word_1_479' title='bbox 546 3764 550 3768; x_wconf 49' lang='grc'>,</span> 
     </span>
    </p>
   </div>
  </div>
 </body>
</html>
