2332 3854
242 262 349 332 468
904 278 1058 316 LIBER
1099 277 1175 315 111.
1217 277 1339 315 cAP.
1385 277 1531 316 cxlx.

238 380 342 424 Deo
374 380 547 438 parenti
573 380 781 424 omnium
807 380 958 423 honor
990 378 1266 432 exhibeatur,
1293 379 1471 437 pietatis
1499 393 1598 424 esse
1623 380 1823 436 videtur;
1850 392 2036 440 propter
2067 381 2190 441 quod

242 446 319 505 qui
339 446 410 490 his
438 461 552 505 quae
582 446 636 489 ad
672 447 874 489 divinum
908 444 1080 493 cultum
1105 445 1332 503 pertinent
1357 445 1650 499 adversantur
1680 447 1810 506 impii
1835 448 2073 492 dicuntur.-

332 514 456 566 Quia
482 528 590 556 vero
624 513 749 555 Deus
771 526 865 554 non
898 510 1050 555 solum
1083 520 1150 555 est
1180 512 1324 555 nostri
1351 525 1449 556 esse
1480 526 1618 556 causa
1645 522 1690 557 et
1714 514 2002 572 principium,
2027 514 2106 559 sed
2127 524 2193 560 to·

241 590 338 624 tum
370 590 577 623 nostrum
604 593 702 623 esse
725 580 768 622 in
797 587 1019 634 potestate
1039 578 1179 636 ipsius
1207 588 1287 633 est,
1309 588 1353 623 et
1368 588 1525 629 ‘totum
1547 579 1668 638 quod
1691 580 1736 622 in
1763 580 1894 636 nobis
1922 590 1991 625 est
2013 580 2101 639 ipsi
2120 582 2194 627 de-

241 647 415 698 bemus,
450 660 500 688 ac
533 659 612 703 per
643 645 732 687 boc
760 644 882 702 quod
905 658 1010 694 vere
1033 644 1249 690 dominus
1277 655 1432 701 noster
1457 655 1538 699 est,
1566 646 1614 689 id
1638 646 1759 704 quod
1782 645 1828 689 in
1850 646 2078 692 honorem
2102 646 2194 693 Dei

243 713 524 764 exhibemus,
550 711 783 754 servitium
816 711 991 754 dicitur.
1027 712 1107 755 Est
1139 721 1290 755 autern
1323 713 1448 756 Deus
1482 713 1694 756 dominus
1731 726 1826 756 non
1858 727 1936 771 per
1969 715 2194 770 accidens,

240 780 354 822 sicut
379 779 577 821 hominis
595 778 754 832 homo,
782 777 860 821 sed
886 791 967 835 per
991 787 1225 830 naturam;
1244 788 1287 822 et
1303 779 1408 822 ideo
1435 780 1563 823 aliter
1589 779 1776 823 debetur
1806 780 2041 824 servitium
2070 781 2191 836 Deo,

241 855 285 889 et
310 845 437 888 aliter
461 845 639 888 homini
666 847 738 887 cui
764 857 843 903 per
867 844 1079 888 accidens
1105 845 1352 899 subdimur,
1379 855 1424 890 et
1449 846 1525 904 qui
1549 846 1691 890 habet
1715 846 1899 905 aliquod
1922 844 2195 905 particulare

238 912 283 954 in
315 912 448 955 rebus
481 911 751 964 dominium,
785 921 829 955 et
859 911 903 954 id
936 924 961 954 a
992 911 1095 955 Deo
1128 911 1405 956 derivatum:
1433 912 1551 957 unde
1578 912 1813 957 servitium
1838 913 2094 973 qnodDeo
2121 914 2196 960 deq

236 978 366 1023 betur
397 977 651 1037 specialiter
684 977 802 1038 apud
835 977 1040 1023 Graecos
1073 977 1204 1022 latria
1237 988 1442 1023 vocatur.
1951 1000 1954 1007 ·

952 1132 1244 1192 CAPUT
1286 1133 1462 1190 CXX.

460 1270 619 1318 QUOD
653 1270 888 1310 LATRIAE
923 1269 1137 1309 comus
1171 1269 1295 1306 som
1335 1268 1450 1306 Deo
1490 1268 1590 1306 EST
1623 1263 2020 1352 Exfflnssunus.

325 1381 524 1425 Fuerunt
541 1391 691 1426 autem
707 1380 845 1439 aliqui
871 1380 948 1439 qui
964 1379 1121 1423 latriae
1148 1378 1322 1422 cultum
1347 1392 1441 1423 non
1459 1377 1610 1422 solum
1628 1378 1776 1455 primo
1795 1392 1948 1424 rerum
1965 1336 2189 1439 principio

239 1448 545 1492 exhibendum
563 1448 945 1500 existimaverunt,
964 1446 1041 1494 sed
1060 1446 1272 1490 omnibus
1289 1445 1428 1489 etiam
1455 1446 1669 1490 creaturis
1687 1459 1803 1505 quae
1825 1459 1960 1504 supra
1980 1446 2193 1493 hominm

237 1525 353 1559 sunt.
382 1514 515 1559 Unde
542 1516 742 1574 quidam,
769 1514 876 1559 licet
908 1513 1201 1573 opinarentur
1232 1513 1386 1557 Deum
1419 1527 1517 1558 esse
1544 1527 1685 1557 unum
1719 1515 1919 1573 primum
1944 1523 1991 1559 et
2015 1513 2193 1559 univer·-

234 1582 327 1626 sale
354 1597 503 1626 rerum
526 1583 812 1640 principium,
839 1581 1019 1625 latriam
1044 1590 1198 1624 tamen
1223 1580 1525 1624 exhibendam
1553 1580 2076 1639 aestimaveruntprimd
2101 1581 2196 1640 qui-

234 1648 340 1692 dem
367 1659 470 1707 post
494 1650 646 1692 Deum
674 1648 931 1692 substantiis
955 1647 1335 1691 intellectualibus
1360 1647 1648 1702 coelestibus,
1675 1662 1795 1706 quas
1812 1647 1924 1692 deos
1950 1644 2193 1694 etiamvo-

235 1715 411 1769 cabant,
447 1717 541 1759 sive
578 1726 728 1759 essent
761 1715 1035 1759 substantiae
1069 1716 1261 1759 omnino
1295 1729 1320 1758 a
1349 1714 1614 1773 corporibus
1641 1724 1893 1773 separatae„
1915 1712 2010 1760 sive
2036 1724 2219 1760 essent-

234 1781 415 1825 animae
443 1782 621 1825 orbium
648 1791 726 1825 aut
751 1780 998 1826 stellarum.
1027 1780 1240 1824 Secundo
1269 1781 1407 1824 etiam
1426 1781 1696 1839 quibusdam
1714 1781 1975 1825 substantiis
1989 1780 2191 1826 intellec·

229 1847 441 1901 tualibus,
483 1863 594 1906 quas
627 1849 773 1892 unitas
812 1848 1055 1892 credebant
1087 1848 1353 1906 corporibus
1390 1847 1548 1901 aereis,
1579 1846 1756 1891 scilicet
1790 1860 1906 1905 quos
1936 1847 2189 1892 daemones

234 1928 332 1958 esse
360 1915 592 1968 dicebant3
621 1925 663 1958 et
689 1925 842 1958 tamen
870 1915 975 1973 quia
1001 1928 1134 1971 supra
1151 1914 1363 1958 homines
1382 1928 1460 1958 eos
1482 1927 1579 1957 esse
1603 1914 1861 1969 credebant,
1886 1914 2005 1958 sieut
2023 1927 2188 1973 corpus

233 1984 416 2024 aereum
434 1992 501 2024 est
517 1996 650 2040 supra
668 1991 891 2035 terrestre,
916 1981 1177 2038 hujusmodi
1208 1982 1344 2024 etiam
1368 1981 1640 2025 substantias
1658 1980 1875 2025 colendas
1892 1981 2052 2025 divino
2065 1981 2190 2041 cultu

235 2048 287 2090 ab
315 2047 578 2092 hominibus
610 2048 853 2106 ponebant,
887 2058 931 2091 et
955 2048 1002 2090 in
1035 2048 1381 2106 comparatione
1405 2048 1462 2091 ad
1490 2047 1705 2091 homines
1738 2047 1851 2091 deos
1875 2046 1979 2093 illos
2006 2061 2105 2093 esse
2131 2047 2193 2092 di·

234 2116 409 2170 cebant,
436 2117 564 2174 quasi
599 2117 776 2160 medios
812 2116 927 2159 inter
958 2116 1170 2158 homines
1197 2125 1242 2158 et
1273 2116 1397 2158 deos.
1426 2115 1482 2158 Et
1517 2115 1622 2173 quia
1655 2116 1833 2158 animas
1856 2114 2190 2174 bonorum'per

230 2182 320 2224 hoc
341 2183 461 2240 quod
481 2197 506 2225 a
523 2197 714 2242 corpore
742 2193 1020 2241 separentur,
1047 2182 1093 2224 in
1120 2192 1286 2225 statum
1307 2181 1515 2225 altiorem
1536 2195 1674 2239 quam
1692 2181 1750 2225 sit
1774 2190 1916 2226 status
1937 2181 2190 2240 praesentis

232 2248 350 2291 vitae
377 2250 566 2293 transire
593 2250 850 2304 credebant,
869 2249 1006 2292 etiam
1025 2249 1261 2292 animabus
1295 2258 1596 2300 mortuorum,
1614 2261 1726 2306 quas
1747 2247 1913 2292 heroas
1929 2257 2009 2292 aut
2027 2253 2187 2293 mines

234 2315 475 2369 vocabant,
509 2316 712 2360 divinum
740 2315 911 2359 cultum
940 2315 1242 2359 exhibendum
1272 2328 1371 2359 esse
1398 2315 1710 2372 opinabantur.
2050 2333 2074 2353 τ’

319 2381 522 2433 Quidam
545 2396 654 2426 vero
687 2383 839 2426 Deum
867 2396 965 2426 esse
993 2382 1195 2425 animam
1217 2381 1376 2424 mundi
1410 2381 1714 2434 aestimantes,
1742 2379 2030 2426 credidertmt'
2058 2381 2184 2441 quod

228 2447 316 2492 soli
341 2450 515 2493 mundo
548 2459 592 2493 et
623 2449 815 2508 singulis
842 2451 938 2507 ejus
963 2449 1163 2507 partibus
1190 2458 1308 2492 esset
1333 2448 1479 2493 cultus
1501 2447 1750 2491 divinitatis
1764 2447 2068 2503 exhibendua3
2092 2456 2191 2493 n'on-

226 2524 381 2559 tamen
409 2525 590 2574 propter
616 2529 795 2574 corpus,
822 2515 900 2559 sed
918 2525 1103 2574 propter
1130 2515 1347 2567 animam,
1368 2529 1505 2574 quam
1523 2515 1676 2559 Deum
1693 2528 1793 2559 esse
1811 2514 2191 2570 dicebant;.fsicut

229 2592 277 2639 et,
289 2582 470 2625 homini
495 2582 686 2641 sapienti
712 2583 862 2626 honor
880 2582 1128 2636 exhibetur,
1147 2595 1240 2625 non
1258 2591 1441 2640 propter
1467 2595 1646 2640 corpus,
1662 2581 1744 2625 sed
1761 2591 1945 2640 propter
1970 2581 2190 2628 animam.

321 2648 524 2701 Quidam
546 2663 657 2693 vero
685 2650 823 2693 etiarn
851 2664 904 2693 ea
931 2663 1046 2708 quae
1072 2650 1188 2692 intra
1205 2649 1445 2692 hominem
1461 2658 1565 2692 sunt
1590 2648 1842 2692 secundum
1858 2654 2084 2704 natura-m,
2106 2649 2189 2695 ho—

232 2716 345 2758 mini
371 2725 527 2760 tamen
556 2711 749 2760 colenda
767 2730 864 2759 esse
884 2716 1093 2759 dicebant
1111 2715 1264 2759 divino
1282 2714 1422 2768 cultu,
1440 2715 1485 2758 in
1509 2724 1728 2773 quantum
1751 2717 1797 2759 iu
1814 2715 1878 2760 eis
1895 2715 2189 2774 participatur

230 2781 397 2841 aliquid
423 2783 598 2826 virtutis
625 2783 870 2841 superioris
887 2793 1087 2826 naturae.
1113 2782 1247 2830 Unde
1266 2796 1372 2825 cum
1391 2782 1612 2840 quasdam
1630 2782 1853 2840 imagines
1874 2795 1956 2841 per
1975 2781 2186 2828 homines

225 2848 367 2893 factas
394 2850 543 2893 sortiri
577 2849 810 2894 crederent
837 2849 1035 2908 aliquam
1076 2850 1291 2893 virtutem
1323 2849 1731 2908 supernaturalem,
1761 2848 1839 2894 vel
1868 2863 1927 2894 οι
1953 2849 2187 2895 influentia

229 2915 498 2960 coelestium
526 2930 786 2975 corporum,
804 2916 879 2960 vel
902 2932 955 2960 ex
982 2917 1238 2974 praesentia
1256 2916 1514 2975 aliquorum
1532 2916 1786 2974 spirituum,
1803 2916 2014 2962 dicebant
2036 2917 2188 2975 huju&

231 2983 356 3025 modi
379 2983 655 3041 imaginibus
673 2983 876 3026 divinum
896 2982 1068 3026 cultum
1086 2997 1184 3026 esse
1202 2982 1523 3036 exhibendum,
1543 2996 1655 3041 quas
1671 2982 1815 3026 etiam·
1834 2982 2059 3042 imagines
2070 2984 2187 3029 'deo's

227 3049 467 3102 vocabant,
502 3059 686 3107 propter
717 3051 838 3108 quod
866 3060 909 3093 et
940 3049 1211 3094 idololatrae
1245 3059 1349 3093 sunt
1381 3049 1502 3103 dicti,
1535 3050 1639 3108 quia
1667 3049 1823 3094 latriae
1851 3048 2024 3097 cultum
2048 3050 2187 3096 idolis

229 3125 274 3158 et
299 3115 574 3174 imaginibus
595 3116 930 3174 impendebant.

319 3182 396 3225 Est
423 3193 575 3226 autem
592 3183 899 3227 irrationabile
927 3183 1200 3240 ponentibus
1226 3197 1367 3226 unum
1394 3192 1572 3227 tantum
1595 3184 1792 3242 primum
1819 3182 2092 3243 principium
2112 3197 2187 3229 rte-

228 3259 450 3307 paratum,
478 3249 650 3293 cultum
678 3250 880 3293 divinum
910 3249 1036 3293 alteri
1064 3249 1290 3293 exhibere.
1320 3248 1511 3293 Cultum
1538 3251 1661 3294 enim
1693 3250 1796 3294 Deo
1822 3250 2105 3304 exhibemus
2132 3260 2186 3296 ut

230 3316 399 3359 dictum
428 3326 495 3360 est
526 3318 586 3374 (e.
627 3317 757 3374 119.),
790 3331 884 3360 non
923 3317 1026 3375 quia
1063 3318 1157 3374 ipse
1193 3316 1283 3360 hoc
1322 3316 1536 3374 indigeat,
1569 3317 1648 3360 s'ed
1674 3317 1792 3361 utin
1823 3316 1956 3362 nobis
1980 3316 2185 3362 firmetur

232 3382 366 3425 etiam
395 3397 474 3441 per
500 3383 727 3426 sensibilia
761 3383 917 3442 opinio
945 3397 1051 3427 vera
1083 3383 1137 3426 de
1170 3383 1286 3426 Deo.
1322 3383 1496 3440 Opinio
1522 3394 1682 3428 autem
1711 3384 1766 3428 de
1791 3383 1883 3428 hoc
1908 3384 2031 3443 quod
2056 3384 2186 3429 Deus

228 3449 282 3491 sit
310 3464 425 3492 unus
451 3450 769 3508 superomnia
807 3450 1040 3503 exaltatus,
1077 3464 1156 3509 per
1193 3450 1419 3494 sensibilia
1458 3450 1629 3495 firmari
1659 3464 1756 3495 non
1780 3451 2015 3510 poteae'ssin
2035 3450 2183 3506 nobis,

226 3515 310 3557 nisi
345 3530 422 3573 per
447 3516 536 3559 hoc
565 3517 686 3574 quod
714 3518 755 3560 ei
789 3517 957 3575 aliquid
979 3517 1221 3576 separatim
1245 3516 1522 3571 exhibemus,
1539 3517 1672 3594 quod
1698 3518 1893 3562 dicimus
1920 3516 2095 3564 cultum
2120 3517 2184 3563 di-

226 3581 397 3625 vinum
426 3583 553 3626 Patet
579 3597 690 3640 ergo
723 3585 844 3641 quod
870 3598 977 3627 vera
1009 3584 1165 3643 opinio
1198 3583 1253 3627 de
1281 3597 1372 3627 uno
1406 3584 1628 3643 principio
1660 3583 1935 3639 debilitatur,-
1963 3583 2003 3629 si
2031 3583 2179 3630 cultus

227 3648 403 3692 divinus
429 3648 629 3708 pluribus
655 3650 932 3694 exhibeatur.
1958 3673 1962 3675 ·
2053 3673 2055 3675 ’
