2332 3854
279 242 386 297 442
1002 237 1272 278 1111811111.
1314 221 1435 276 cAP.
1477 219 1575 276 8.’

279 352 457 402 agente,
478 322 558 389 sed
585 352 653 387 est
678 338 720 386 81
742 341 940 386 maxime
967 341 1258 386 conveniens
1284 339 1446 400 Neque
1472 340 1582 399 ergo
1609 350 1676 386 est
1702 350 1860 385 contra
1880 339 2234 407 1131813111,’811111

279 422 350 454 res
382 420 560 454 creatae
587 419 829 454 moventur
860 407 1250 491 qualitercumque
1276 421 1303 453 a
1331 405 1461 462 Deo;
1487 407 1550 452 sic
1584 401 1707 451 enim
1727 405 1956 451 institutae
1981 403 2109 482 sunt,
2105 401 2236 494 ’11181

265 475 548 520 deserviant.
2001 491 2006 495 ·
2122 493 2128 496 ·

364 543 626 587 Praeterea.
653 542 700 585 in
728 539 962 599 agentibus
990 540 1129 584 etiam
1156 539 1466 600 corporalibus
1491 536 1582 584 hoc
1608 540 1798 593 videtur,
1825 538 1948 599 quod
1979 536 2134 584 11181113
2158 491 2237 598 qui

276 619 380 652 sunt
405 609 450 652 in
484 609 578 652 istis
610 607 896 651 inferioribus
931 606 1198 666 corporibus
1232 621 1286 651 ex
1326 607 1625 673 impressione
1666 605 1967 665 superiorum,
2006 604 2103 662 noi}
2129 604 2237 651 §unt

275 675 478 728 violenti,
504 677 651 733 neque
686 682 843 717 contra
868 682 1094 728 naturam,
1117 673 1325 732 quamvis
1351 685 1446 717 non
1472 673 1711 718 videantur
1739 670 2064 718 convenientes
2077 668 2237 717 ffibffii

276 740 484 795 naturali,
518 754 655 799 quem
681 753 847 799 corpus
879 737 1064 784 inferius
1090 736 1228 784 habet
1253 740 1504 784 secundum
1540 739 1865 799 proprietatem
1896 738 2027 793 81138
2023 736 2239 783 fdrffiae

274 807 382 851 Non
409 807 531 851 enim
564 806 756 850 dicimus
783 806 904 864 quod
930 804 1076 868 fluxus
1109 815 1152 851 et
1178 805 1374 851 refluxus
1401 806 1538 850 maris
1571 806 1629 850 sit
1665 817 1817 851 motus
1852 804 2116 859 violentus,
2126 804 2236 849 'etim

276 873 333 917 sit
358 888 411 916 ex
436 873 734 932 impressione
762 872 972 923 coelestis
1000 873 1228 932 corporis;
1255 873 1365 918 licet
1388 872 1605 918 naturalis
1633 883 1785 918 motus
1818 868 2235 935 aquae'sit‘2'solum

278 938 332 983 ad
358 954 497 983 unam
525 950 716 998 partem,
749 938 924 984 scilicet
956 939 1012 983 ad
1045 939 1260 984 medium.
1288 939 1435 984 Multo
1471 936 1608 998 igitur
1648 940 1795 999 magis
1836 937 2063 999 quidquid
2080 943 2106 983 ’3
2129 937 2235 983 Deo

276 1007 360 1051 fit
349 1021 396 1050 111
423 1006 623 1066 qualibet
649 1016 868 1062 creatura,
882 1020 990 1050 non
1012 1017 1162 1084 potest
1189 1005 1277 1051 dici
1302 1005 1571 1060 violentum,
1605 1014 1681 1050 aut
1707 1016 1866 1069 contra
1888 1005 2118 1051 naturam.
2154 1013 2156 1018 ’

366 1074 508 1118 Item:
537 1073 684 1132 prima
710 1087 926 1117 mensura
953 1072 1189 1128 essentiae,
1217 1082 1261 1118 et
1284 1082 1472 1118 naturae
1497 1074 1823 1132 cujuscumque
1844 1070 1910 1117 rei
1930 1071 2010 1117 est
2019 1057 2162 1125 Ι)888·,
2183 1071 2237 1115 si·

278 1151 353 1186 cut
383 1141 582 1200 primurn
610 1154 703 1195 ens,
731 1141 853 1200 quod
881 1151 949 1185 est
981 1141 1193 1186 omnibus
1226 1154 1363 1185 causa
1390 1139 1582 1185 essendi.
1612 1139 1734 1185 Cum
1762 1150 1917 1193 autem
1948 1136 2030 1198 pei*
2058 1127 2238 1183 11188811-

275 1222 375 1252 ram
401 1207 456 1252 de
482 1221 753 1267 unaquaque
779 1221 827 1252 re
849 1218 1055 1252 sumatur
1075 1207 1309 1266 judicium,
1333 1217 1512 1266 oportet
1532 1207 1625 1252 hoc
1650 1206 1740 1251 dici
1763 1197 1967 1251 naturale
1993 1203 2157 1251 118188
2177 1204 2237 1250 118

275 1275 340 1319 181
370 1265 451 1334 981·
481 1274 604 1334 quod
632 1272 946 1319 conformatur
967 1288 1075 1319 suae
1103 1286 1357 1318 mensurae.
1382 1274 1483 1318 Hoc
1506 1274 1643 1333 igitur
1664 1273 1748 1317 erit
1767 1270 1972 1325 naturale
1988 1270 2114 1317 uni
2178 1278 2237 1326 88

275 1340 342 1385 rei
367 1341 489 1418 quod
517 1341 559 1386 81
591 1354 616 1384 3
647 1341 750 1385 Deo
776 1341 971 1385 inditum
1001 1351 1080 1387 est.
1103 1340 1242 1400 Ergo,
1275 1341 1359 1385 etsi
1386 1332 1535 1385 adhuc
1577 1338 1727 1385 eidem
1766 1339 1834 1386 rei
1874 1351 1915 1414 3
1930 1337 2035 1394 Deo
2062 1336 2237 1398 ahquid

277 1407 404 1453 aliter
427 1408 727 1467 imprimatur,
753 1420 847 1452 non
880 1417 948 1452 est
973 1417 1134 1452 contra
1164 1417 1388 1453 naturam.
1906 1422 1912 1429 ⁴
1957 1427 1963 1430 ·

364 1470 600 1535 Amplius:
619 1487 780 1519 omnes
799 1484 1032 1519 creaturae
1055 1483 1378 1533 comparantur
1405 1470 1460 1519 ad
1486 1473 1639 1518 Deum
1662 1473 1778 1519 sicut
1800 1422 2047 1524 3111881313
2061 1470 2123 1518 ad
2136 1472 2239 1517 arti-

276 1539 426 1595 ficem,
445 1551 493 1585 ut
511 1555 564 1586 ex
582 1539 842 1601 praemissis
870 1539 989 1599 (Lib.
1015 1541 1070 1585 II.
1095 1555 1132 1585 8.
1153 1541 1244 1599 24.)
1268 1550 1415 1600 patet:
1433 1539 1565 1585 unde
1569 1550 1666 1585 tota
1689 1538 1854 1586 natura
1872 1542 1941 1594 est
1960 1537 2077 1585 81881
2100 1537 2240 1599 quod-

277 1609 382 1652 dam
416 1607 703 1652 artificiatum
731 1607 909 1652 divinae
938 1608 1057 1652 artis.
1088 1606 1198 1652 Non
1225 1618 1292 1652 est
1319 1618 1471 1653 autem
1513 1618 1671 1652 contra
1711 1606 1940 1654 rationem
1974 1600 2236 1662 31811811,’81

276 1675 432 1720 artifex
459 1675 588 1720 aliter
613 1674 781 1734 aliquid
824 1685 1037 1734 operetur
1067 1674 1114 1718 in
1141 1688 1224 1719 suo
1258 1674 1462 1732 artificio,
1505 1675 1643 1718 etiam
1674 1674 1916 1735 postquam
1945 1670 2000 1719 ei
2041 1669 2238 1733 9111113111

275 1742 474 1788 formam
499 1742 633 1788 dedit.
658 1742 821 1802 Neque
848 1756 958 1800 ergo
986 1752 1053 1786 est
1079 1752 1237 1786 contra
1263 1752 1487 1797 naturam,
1515 1741 1554 1785 si
1579 1740 1743 1786 Deus'
1731 1757 1778 1786 m
1802 1739 1942 1786 rebus
1955 1738 2236 1812 naturalibus

277 1810 446 1870 aliquid
474 1820 696 1870 operetur
710 1809 854 1863 aliter,
888 1822 1026 1868 quam
1050 1819 1294 1854 consuetus
1323 1822 1478 1853 cursus
1511 1818 1699 1853 naturae
1729 1805 1889 1861 habet.
2139 1818 2144 1825 ²
2171 1826 2178 1831 ·

366 1876 484 1921 Hinc
512 1886 579 1921 est
605 1875 726 1936 quod
753 1876 1035 1934 Augustinus
1068 1875 1197 1920 dicit.
1224 1875 1349 1920 Deus
1384 1885 1562 1920 creator
1588 1885 1632 1920 et
1669 1875 1899 1929 conditor
1908 1872 2134 1929 omnium
2157 1883 2238 1919 na·

275 1955 480 1989 turarum
510 1943 626 1987 nihil
658 1953 815 1987 contra
840 1952 1052 1986 naturam
1077 1939 1199 2000 facit,
1232 1941 1337 2002 quia
1368 1942 1413 1985 id
1456 1953 1524 1987 est
1564 1941 1771 1988 naturale
1814 1940 2002 2012 cuique
2014 1940 2084 2022 'rei
2094 1940 2237 2030 qtmd

276 2011 397 2066 facit,
431 2025 457 2055 3
483 2025 575 2069 quo
602 2021 670 2055 est
702 2010 851 2055 omnis
878 2010 1058 2064 modus,
1086 2023 1318 2064 numerus,
1347 2019 1390 2054 et
1421 2010 1534 2054 ordo
1561 2020 1762 2054 naturae.
1962 2027 1964 2029 ’

1061 2185 1316 2243 CAPUT
1358 2184 1452 2244 CI.

977 2323 1061 2362 DE
1107 2324 1541 2365 MIRACULIS.

840 2490 843 2493 Δ
892 2425 950 2483 (Ι.
972 2431 1088 2484 part.
1121 2432 1273 2484 quaest.
1310 2425 1400 2470 CV.
1432 2432 1512 2471 art.
1545 2425 1622 2481 8.).

368 2536 494 2581 Haec
521 2545 676 2581 autem
702 2547 819 2595 qua-e
844 2545 1022 2595 praeter
1047 2536 1256 2581 ordinem
1284 2537 1592 2582 communiter
1616 2537 1662 2581 in
1688 2536 1821 2581 rebus
1839 2535 2070 2582 >statutum
2086 2546 2238 2596 quan·
2311 2567 2328 2590 „1

277 2605 427 2664 doque
453 2604 664 2649 divinitus
690 2603 815 2657 fiunt,
842 2602 1064 2647 miracula
1086 2603 1175 2647 dici
1196 2603 1358 2648 solent.
1381 2604 1678 2648 Admiramur
1699 2604 1822 2649 enim
1844 2601 2034 2664 aliquid,
2048 2602 2238 2649 cambes-

276 2671 446 2716 fectum
472 2670 690 2725 videntes,
717 2683 903 2714 causam
929 2671 1208 2729 ignoramus.
1237 2671 1293 2715 Et
1318 2672 1423 2730 quia
1455 2686 1592 2716 causa
1623 2684 1713 2716 una
1740 2681 1785 2716 et
1815 2671 1980 2716 eadem·
2003 2683 2031 2716 a
2055 2668 2238 2731 qulbus·
2304 2671 2323 2732 j

276 2739 383 2782 dam
408 2737 634 2782 interdum
661 2747 728 2782 est
760 2738 958 2796 cognita,
986 2747 1030 2782 et
1057 2752 1081 2781 a
1106 2738 1379 2797 quibusdam
1411 2739 1582 2797 ignota,
1623 2735 1728 2783 inde
1754 2738 1979 2798 contingit
2017 2737 2157 2798 quod
2166 2738 2236 2782 vi·

277 2805 482 2851 dentium
509 2804 647 2849 sim'ul
680 2803 879 2863 aliquem
907 2803 1119 2849 effectum
1154 2802 1293 2864 aliqui
1325 2806 1560 2860 mirantur,
1593 2815 1637 2850 et
1678 2805 1817 2865 aliqui
1855 2815 1951 2856 non
1985 2803 2235 2851 miram.

277 2872 535 2930 astrologus
565 2874 687 2916 enirn
709 2885 804 2915 non
831 2872 1018 2915 miratur
1043 2871 1202 2916 videns
1229 2871 1449 2931 eclipsym
1477 2872 1604 2926 solis,
1631 2874 1736 2932 quia
1759 2872 2010 2932 cognoscit
2022 2871 2235 2928 83883188

275 2940 460 2999 ignarus
488 2949 642 2983 autem
667 2939 802 2998 hujus
830 2935 1046 2983 scientiae
1067 2953 1257 2984 necesse
1279 2939 1418 2984 habet
1440 2940 1667 2994 admirari,
1688 2938 2235 2999 831188111131101888818

275 3007 411 3065 igitur
443 3017 510 3051 est
536 3006 703 3065 aliquid
731 3007 896 3050 mirum
931 3007 1082 3066 quoad
1108 3006 1246 3061 hunc,
1273 3020 1366 3051 non
1401 3016 1553 3051 autem
1597 3006 1749 3066 quoad
1789 3006 1934 3052 illum.
1958 3005 2093 3051 :mad
2118 3015 2234 3065 ergo

276 3073 541 3133 simpliciter
563 3074 730 3117 mirum
754 3084 833 3127 est,
857 3073 978 3132 quod
1000 3073 1138 3117 habet
1160 3086 1345 3118 causam
1368 3073 1633 3131 simpliciter
1655 3072 1900 3128 occultam,
1918 3083 1968 3118 81
1990 3072 2082 3118 hoc
2103 3070 2236 3117 sonat

275 3155 447 3185 nomen
479 3140 701 3195 miraculi,
729 3151 778 3185 ut
810 3139 983 3185 scilicet
1008 3141 1066 3185 sit
1092 3141 1147 3185 de
1174 3155 1221 3185 se
1249 3141 1550 3185 admiratione
1576 3139 1778 3198 plenum,
1803 3149 1897 3185 non
1917 3139 2234 3200 quoadhme,
2295 3147 2322 3197 ξ.-

275 3207 349 3251 vel
374 3207 504 3251 illum
531 3218 721 3253 tantum.
757 3207 908 3252 Causa
942 3217 1093 3252 autem
1127 3207 1394 3267 simpliciter
1421 3206 1601 3251 occulta
1628 3207 1756 3252 omni
1786 3206 1967 3252 homini
1991 3215 2061 3252 est
2090 3206 2233 3252 Dum.
2296 3199 2319 3245 ’Τ

275 3273 525 3318 Probatum
552 3283 619 3319 est
645 3275 766 3319 enim
790 3288 923 3334 supra
949 3275 1010 3332 (c.
1034 3276 1144 3332 47.)‚
1171 3274 1294 3334 quod
1320 3275 1416 3333 ejus
1441 3270 1687 3319 essentiam
1709 3270 2234 3319 nullwsmomossmssttatu

275 3341 409 3399 hujus
435 3342 554 3386 vitae
580 3340 813 3386 intellectu
842 3354 1002 3401 capere
1021 3349 1184 3400 potest.
1201 3340 1284 3385 Illa
1309 3341 1446 3400 igitur
1472 3341 1652 3400 proprie
1669 3339 2235 3386 miruma'dicenth'm
2300 3359 2301 3362 ¹

277 3421 390 3466 quae
418 3408 631 3452 divinitus
656 3407 770 3452 fiunt
795 3417 973 3467 praeter
1005 3408 1215 3452 ordinem
1242 3408 1549 3452 communiter
1573 3408 1865 3453 observatum
1876 3407 1943 3452 111
1964 3403 2199 3459 bobum-s
2294 3447 2301 3459 ;

367 3475 542 3518 Horum
570 3483 721 3518 autem
741 3472 1067 3518 miraculorum
1089 3474 1254 3519 diversi
1269 3479 1372 3519 sunt
1394 3475 1559 3533 gradus
1585 3484 1630 3519 et
1655 3474 1850 3521 ordines.
1858 3470 2232 3522 &ammaim

276 3542 464 3601 gradum
483 3541 598 3586 inter
615 3541 835 3586 miracula
852 3540 929 3586 illa
942 3551 1097 3589 tenent
1112 3542 1158 3585 in
1176 3542 1336 3602 quibus
1363 3541 1531 3600 aliquid
1549 3540 1599 3585 fit
1615 3554 1640 3585 a
1667 3542 1775 3586 Deo
1792 3537 1919 3602 ‘qdod
1942 3548 2109 3586 mro:
2119 3548 2232 3584 nun—

278 3620 415 3666 quam
437 3607 586 3653 facere
612 3617 775 3667 potest,
801 3609 918 3653 sicut
943 3608 1066 3668 quod
1088 3608 1178 3654 duo
1212 3620 1405 3668 corpora
1431 3610 1520 3654 sint
1541 3607 1692 3663 simul,
1716 3609 1842 3668 quod
1861 3600 2232 3661 alimontia,
