2332 3854
844 231 998 271 Lmen
1035 228 1114 273 111.
1156 229 1276 272 cap,
1312 222 1389 270 ct.
1982 223 2086 284 443

139 343 221 381 aut
250 345 350 391 stet,
374 335 496 396 quod
530 346 654 379 mare
679 333 874 379 divisum
900 334 1242 380 transeuntibus.
1258 334 1342 379 iter
1361 331 1596 393 praebeam
1623 339 1668 376 et
1691 328 1808 376 inter
1822 331 1936 375 haec
1956 332 2093 376 etiam

142 402 257 448 ordo
275 401 538 448 attenditur:
563 415 674 446 nam
695 411 866 460 quanto
888 403 1067 461 majora
1092 412 1196 446 sunt
1220 400 1297 446 illa
1319 412 1436 460 quae
1461 398 1587 444 Deus
1613 406 1839 458 operatur,
1861 408 1905 442 et
1925 407 2095 456 quanto

141 470 290 531 magis
320 480 425 515 sunt
463 478 640 514 remota
674 482 699 512 a
731 467 945 513 facultate
976 478 1179 522 naturae,
1214 477 1343 513 tanto
1382 465 1658 511 miraculum
1691 465 1838 523 majus
1870 474 1951 519 est,
1982 464 2099 508 sicut

141 537 288 595 majus
320 544 388 581 est
411 535 685 581 miraculum
711 535 833 594 quod
866 534 938 579 sol
969 535 1240 589 retrocedat,
1263 549 1399 594 quam
1434 533 1556 593 quod
1588 544 1715 577 mare
1741 530 1978 576 dividatur.

231 602 494 649 Secundum
520 613 673 648 autem
699 601 961 661 gradum'in
987 602 1218 647 miraculis
1245 610 1401 646 tenent
1423 600 1503 645 illa
1527 600 1573 645 in
1600 599 1911 659 quibusJDeus
1929 596 2097 656 aliquid

137 668 250 714 facit
281 670 404 729 quod
434 679 595 714 natura
620 668 770 713 facere
793 677 957 728 potest,
986 669 1063 713 sed
1090 683 1183 713 non
1210 683 1290 728 per
1314 667 1445 712 illum
1471 667 1693 712 Ordinem.
1721 665 1853 726 Opus
1880 665 2003 710 enim
2024 677 2100 708 na-

138 745 267 782 turae
284 747 352 782 oet
376 736 498 796 quod
526 736 710 796 aliquod
737 733 908 779 animal
932 735 1069 789 vivat,
1095 735 1261 789 videat,
1288 746 1331 780 et
1357 735 1581 785 ambulet:
1604 733 1682 778 sed
1709 732 1831 792 quod
1857 741 1959 792 post
1981 745 2099 776 mor·

140 813 236 849 tem
267 803 404 857 vivat,
435 812 538 862 post
569 802 837 848 caecitatem
869 802 1034 856 videat,
1066 811 1170 861 post
1200 801 1480 846 debilitatem
1517 800 1704 845 claudus
1737 798 1950 853 ambulet,
1982 798 2097 843 haec

138 879 302 923 natura
326 869 475 914 facere
491 883 586 914 non
601 879 764 929 potest,
790 868 868 913 sed
894 868 1020 912 Deus
1047 868 1273 913 interdum
1297 866 1570 913 miraculose
1593 876 1818 927 operatur.
1841 866 1961 910 Inter
1982 865 2095 909 haec

141 935 280 982 etiam
312 935 533 980 miracula
565 936 730 995 gradus
763 935 1018 990 attenditur,
1052 935 1303 980 secundum
1335 935 1457 995 quod
1488 934 1533 978 id
1560 932 1684 994 quod
1714 933 1763 978 fit
1794 933 1940 991 magis
1974 941 2041 977 est
2071 945 2096 991 a

57 1030 62 1037 ·
141 1002 357 1048 facultate
380 1012 569 1047 naturae
596 1011 839 1048 remotum.

232 1066 415 1115 Tertius
446 1078 597 1115 autem
625 1070 791 1129 gradus
816 1069 1144 1114 miraculorum
1160 1079 1239 1114 'est
1265 1083 1369 1114 cum
1395 1069 1521 1113 Deus
1547 1067 1654 1113 facit
1678 1067 1800 1127 quod
1827 1069 2096 1111 consuetum

142 1145 212 1183 est
248 1136 346 1182 fieri
377 1137 643 1197 operatione
679 1145 882 1191 naturae,
913 1147 1068 1182 tamen
1106 1137 1274 1197 absque
1305 1137 1536 1196 principiis
1572 1145 1759 1180 naturae
1793 1133 2098 1195 operantibus,

136 1204 259 1250 'sicut
283 1215 390 1249 cum
416 1204 576 1263 aliquis
595 1218 621 1247 a
641 1203 763 1249 febre
790 1203 978 1248 curabili
1002 1218 1082 1264 per
1106 1203 1314 1249 naturam
1336 1203 1488 1249 divina
1513 1203 1676 1248 virtute
1702 1211 1896 1256 curatur,
1915 1210 1966 1246 ut
1991 1212 2097 1245 cum

139 1269 256 1331 pluit
278 1269 378 1316 sine
402 1270 670 1330 operatione
695 1270 1023 1331 principiorum
1048 1280 1249 1317 naturae.

906 1448 1161 1507 CAPUT
1200 1449 1325 1506 CII.

406 1566 408 1569 ’
463 1584 646 1631 Quon
700 1584 903 1624 soLus
957 1585 1123 1625 nnus
1172 1584 1366 1624 mem·
1417 1583 1771 1624 muricum.

750 1686 808 1745 (Ι.
833 1690 950 1745 part.
982 1692 1134 1745 quaest.
1171 1684 1260 1732 CX.
1294 1691 1375 1731 art.
1406 1685 1488 1744 4.).

230 1796 299 1841 Ex
323 1796 582 1856 praemissis
605 1805 756 1841 autem
778 1797 957 1841 ostendi
982 1806 1145 1856 potest,
1171 1796 1294 1856 quod
1316 1795 1536 1840 miracula
1561 1795 1711 1840 facere
1737 1794 1862 1839 solus
1883 1795 2008 1839 Deus
2023 1806 2103 1854 po·

141 1872 245 1908 test.
280 1863 421 1916 Quod
447 1863 572 1908 enim
597 1873 665 1908 est
690 1863 770 1908 sub
799 1863 958 1908 ordine
982 1863 1183 1908 totaliter
1208 1863 1503 1908 constitutum
1539 1876 1632 1907 non
1657 1872 1807 1922 potest
1831 1871 2009 1922 praeter
2034 1875 2103 1906 or-

142 1930 298 1976 dinem
323 1929 461 1974 iilum
488 1931 677 1989 operari.
706 1931 874 1975 Omnis
901 1940 1052 1975 autem
1086 1939 1291 1975 creatura
1317 1930 1561 1974 constituta
1587 1939 1654 1974 est
1678 1930 1758 1974 sub
1782 1929 1942 1973 ordine
1963 1940 2101 1988 quem

141 1997 271 2041 ⁴Deus
302 1996 350 2040 iu
374 1997 508 2041 rebus
539 1997 705 2041 statuit.
731 1996 870 2041 Nulla
894 2011 1005 2057 ergo
1033 2007 1238 2042 creatura
1270 2006 1420 2057 potest
1450 2011 1584 2056 supra
1608 1997 1731 2041 hunc
1758 1996 1967 2042 ordinem
1999 2008 2103 2054 ope-
2131 2027 2133 2030 -

19 2084 23 2090 ·
93 2092 97 2097 ,
143 2067 258 2109 rari:
291 2065 414 2124 quod
436 2073 505 2110 est
533 2064 756 2109 miracula
786 2064 951 2110 facere.

224 2131 372 2194 Item:
406 2131 588 2191 quando
621 2131 771 2191 aliqua
801 2133 940 2177 virtus
970 2132 1097 2178 finita
1129 2134 1370 2194 proprium·
1396 2132 1608 2178 effectum
1645 2142 1858 2192 operatur
1883 2132 1939 2177 ad
1965 2145 2103 2209 quem

145 2198 484 2253 determinatur,
520 2212 615 2243 non
647 2209 714 2243 est
745 2199 1030 2255 miraculum,
1064 2200 1171 2245 licet
1194 2201 1339 2259 possit
1369 2214 1468 2246 esse
1499 2202 1666 2244 mirum
1700 2199 1834 2244 alicui
1866 2199 1943 2259 qui
1975 2199 2103 2244 illam

143 2265 358 2310 *virtutem
385 2275 478 2310 non
504 2266 865 2324 comprehendit,
887 2267 1003 2311 sicut
1029 2268 1195 2312 mirum
1217 2268 1393 2312 videtur
1411 2268 1581 2328 ignaris
1608 2267 1730 2327 quod
1756 2281 1947 2326 magnes
1968 2267 2105 2311 trahit

142 2325 331 2387 'fet-rum,
364 2332 439 2377 vel
470 2333 592 2392 quod
634 2332 794 2392 aliquis
830 2346 994 2393 parvus
1034 2335 1170 2395 piscis
1210 2337 1267 2379 sit
1298 2335 1496 2379 retinens
1535 2349 1717 2379 navem.
1751 2335 1918 2379 Omnis
1951 2343 2104 2379 autem

146 2406 379 2445 maturae
394 2400 598 2458 potentia
623 2409 690 2444 est
710 2399 902 2444 limitata
925 2401 979 2444 ad
1000 2400 1199 2460 aliquem
1225 2402 1574 2447 determinatum
1603 2401 1830 2455 effectum,
1855 2400 1930 2446 vel
1947 2401 2003 2444 ad
2030 2400 2106 2444 ali-

140 2461 276 2526 quos.
300 2466 538 2526 Quidquid
570 2467 707 2530 igitur
731 2467 895 2512 virtute
922 2469 1247 2528 cujuscumque
1275 2479 1507 2513 creaturae
1522 2469 1615 2523 fiat,
1637 2483 1731 2512 non
1753 2477 1903 2527 potest
1919 2468 2009 2511 dici
2025 2467 2107 2511 mi-

145 2533 353 2578 raculum
379 2534 630 2594 proprium,
656 2535 737 2579 etsi
763 2536 820 2579 sit
845 2534 1013 2579 mirum
1037 2535 1250 2580 virtutem
1276 2532 1396 2580 illius
1423 2545 1656 2580 creaturae
1681 2548 1776 2579 non
1808 2534 2106 2594 comprehen-

130 2600 284 2646 fidenti.
312 2600 453 2653 Quod
479 2611 632 2645 autem
658 2600 708 2645 fit
730 2601 894 2646 virtute
921 2601 1086 2656 divina,
1114 2616 1245 2662 quae,
1264 2616 1370 2647 cum
1389 2603 1446 2647 sit
1476 2601 1665 2658 infinita,
1697 2603 1753 2646 de
1778 2615 1826 2647 se
1851 2602 2105 2661 incompre-

137 2666 381 2712 hensibilis
406 2676 487 2721 est,
512 2681 619 2711 vere
641 2667 914 2711 miraculum
941 2681 1021 2713 est.

159 2740 162 2741 ’
233 2732 471 2792 Amplius:
505 2733 655 2777 omnis
691 2744 896 2779 creatura
930 2734 976 2778 in
1013 2748 1093 2779 sua
1134 2735 1313 2780 actione
1345 2735 1530 2795 requirit
1561 2736 1815 2794 subJectum
1849 2734 2031 2794 aliquod
2055 2734 2103 2778 in

148 2798 272 2860 'quod
299 2807 428 2858 agat;
455 2799 595 2844 solius
626 2800 749 2844 enim
775 2801 862 2844 Dei
889 2810 957 2845 est
982 2815 1034 2845 ex
1060 2801 1206 2845 nihilo
1240 2802 1407 2861 aliquid
1439 2801 1603 2856 facere,
1629 2810 1678 2846 ut
1703 2815 1838 2860 supra
1869 2811 2103 2846 ostensum

149 2876 219 2911 est
258 2865 379 2923 (Lib.
411 2866 467 2910 II.
500 2880 539 2910 c.
573 2867 679 2923 21.).
711 2866 839 2911 Nihil
875 2876 1027 2911 autem
1063 2868 1185 2927 quod
1216 2869 1413 2927 requirat
1447 2868 1494 2912 in
1526 2881 1606 2913 sua
1640 2868 1819 2912 actione
1849 2868 2103 2926 subjectum

145 2940 299 2993 potest
325 2945 474 2991 agere,
505 2933 592 2977 nisi
617 2933 663 2976 in
695 2933 773 2977 illa
800 2933 854 2977 ad
882 2946 997 2993 quae
1029 2935 1282 2992 subiectum
1308 2934 1419 2979 illud
1447 2945 1514 2979 est
1538 2935 1584 2978 in
1610 2935 1836 2993 potentia:
1862 2935 1953 2979 hoc
1980 2935 2104 2979 enirn
2129 2942 2134 2945 ’

149 3005 288 3058 agens
310 2999 356 3043 in
382 2999 636 3062 subiectum
670 2998 852 3058 aliquod
879 3011 1093 3059 operatur
1118 3009 1165 3044 ut
1199 3002 1362 3046 educat
1393 3001 1504 3045 illud
1537 3001 1592 3045 de
1625 3002 1827 3061 potentia
1852 3001 1899 3044 in
1936 3011 2104 3046 actum.

147 3065 286 3111 Nulla
309 3066 447 3125 igitur
473 3076 677 3111 creatura
698 3068 816 3111 sicut
844 3080 929 3111 nec
958 3081 1111 3112 creare
1139 3077 1300 3127 potest,
1326 3068 1389 3113 ita
1413 3082 1499 3112 nec
1523 3068 1725 3127 agere-in
1753 3067 1903 3127 aliqua
1926 3082 1991 3123 re,
2018 3068 2106 3112 nisi

149 3132 271 3192 quod
303 3143 372 3178 est
395 3133 442 3177 in
467 3134 668 3194 potentia
700 3133 820 3178 illius
851 3136 929 3179 rei.
961 3133 1094 3178 Fiunt
1121 3143 1272 3179 autem
1306 3135 1450 3179 multa
1481 3134 1703 3179 miracula
1735 3134 1962 3190 divinitus,
1994 3135 2105 3179 dum

145 3199 196 3244 in
220 3212 270 3244 re
302 3199 452 3259 aliqua
478 3200 528 3245 fit
552 3201 704 3245 divina
729 3201 893 3245 virtute
920 3201 1042 3260 quod
1070 3215 1163 3246 non
1191 3211 1257 3246 est
1282 3202 1328 3245 in
1354 3203 1558 3261 potentia
1583 3199 1704 3246 illius
1729 3202 1809 3255 rei,
1835 3202 1952 3246 sicut
1983 3203 2105 3261 quod

150 3275 357 3311 mortuus
380 3267 632 3321 reviviscat,
655 3268 776 3326 quod
803 3268 872 3312 sol
899 3269 1167 3322 retrocedat,
1201 3268 1322 3327 quod
1350 3268 1440 3313 duo
1469 3282 1662 3329 corpora
1682 3268 1771 3313 sint
1802 3268 1951 3313 simul.
1979 3268 2104 3313 Haec

149 3333 287 3392 igitur
312 3332 532 3377 miracula
556 3332 682 3377 nulla
706 3334 870 3379 virtute
894 3344 1042 3378 creata
1069 3334 1166 3379 fieri
1191 3345 1394 3393 possunt.

239 3400 429 3444 Adhuc:
457 3401 709 3458 subjectum
732 3401 776 3444 in
794 3402 915 3460 quod
935 3402 1082 3461 agitur
1109 3402 1316 3446 ordinem
1342 3402 1478 3447 habet
1504 3412 1547 3447 et
1565 3402 1620 3447 ad
1638 3417 1777 3462 agens
1795 3403 1916 3462 quod
1933 3403 2108 3448 reducit

150 3466 299 3525 ipsum
327 3467 382 3511 de
408 3466 610 3526 potentia
635 3466 682 3511 in
708 3477 877 3522 actum,
904 3478 948 3512 et
975 3469 1030 3512 ad
1059 3478 1210 3513 actum
1237 3468 1282 3512 in
1306 3483 1442 3528 quem
1464 3469 1703 3514 reducitur.
1729 3470 1855 3514 Sicut
1876 3474 1986 3529 ergo
2008 3470 2107 3515 sub-

151 3534 320 3592 jectum
352 3532 534 3593 aliquod
568 3543 637 3579 est
667 3535 712 3578 in
743 3535 943 3593 potentia
970 3535 1026 3579 ad
1054 3534 1253 3594 aliquem
1285 3536 1634 3581 determinatum
1668 3547 1835 3591 actum,
1862 3547 1906 3582 et
1929 3551 2023 3582 non
2050 3537 2106 3581 ad

152 3598 412 3659 quemlibet,
434 3599 497 3645 ita
522 3613 616 3644 non
642 3610 792 3659 potest
815 3601 971 3647 reduci
997 3602 1052 3647 de
1078 3602 1276 3661 potentia
1301 3602 1348 3647 in
1375 3613 1527 3649 actum
1550 3602 1901 3649 determinatum
1918 3603 2005 3650 nisi
2026 3618 2106 3663 per
