2332 3854
789 189 944 228 mmm
983 188 1038 226 11.
1081 187 1203 227 CAP.
1244 186 1408 224 XXXV.
1974 187 2074 240 159

71 292 91 340 ’ζ
125 307 166 342 c,
188 293 311 351 45.):
352 291 477 337 unde
502 303 652 350 neque
675 290 856 336 novitas
896 290 1083 336 effectus
1118 290 1422 335 mutationem
1446 289 1536 334 Dei
1566 289 1744 347 agentis
1769 288 2082 334 demonstrare

184 409 312 471 'Nec
344 435 499 470 tamen
525 434 718 484 oportet,
744 425 866 483 quod
892 425 931 468 si
955 425 1091 484 primi
1117 424 1293 483 agentis
1335 424 1455 468 actio
1487 424 1544 468 sit
1583 433 1782 476 aeterna,
1821 422 1945 481 quod
1985 423 2081 481 ejus

123 492 313 541 effectus
333 493 391 538 sit
411 502 636 545 aeternus,
658 501 708 535 ut
728 491 926 535 secunda
953 491 1068 535 ratio
1096 491 1411 536 concludebat:
1439 490 1691 535 Ostensum
1715 488 1839 533 enim
1860 498 1927 533 est
1948 502 2082 547 supra

64 573 76 614 j
122 561 186 620 (c.
210 559 320 619 23.),
346 559 469 618 quod
501 558 627 603 Deus
654 557 749 617 agit
772 557 1028 602 voluntarie
1069 558 1115 602 in
1156 573 1310 603 rerum
1351 557 1667 617 productione,
1697 569 1792 600 non
1835 565 1988 600 autem
2019 556 2083 601 ita

121 628 246 688 quod
270 629 329 672 sit
360 627 511 685 aliqua
536 625 624 669 alia
654 625 796 684 ipsius
823 625 943 668 actio
971 625 1137 679 media,
1163 626 1279 670 sicut
1303 625 1350 669 in
1372 625 1504 670 nobis
1532 624 1652 669 actio
1678 623 1854 668 virtutis
1877 623 2082 668 ,motivae

58 691 77 749 j
122 705 206 740 est>
216 694 369 739 media
392 693 509 737 inter
534 702 688 737 actum
707 690 955 736 voluntatis
981 702 1026 735 et
1052 691 1281 747 effectum,
1308 692 1422 736 utin
1449 690 1821 751 praecedentibus
1847 700 2083 735 ostensum

57 766 70 816 ἷ-
122 770 214 816 est3
246 761 325 806 sed
350 770 531 820 oportet
557 759 680 819 quod
705 773 840 804 suum
871 758 1124 818 intelligere
1156 770 1201 804 et
1226 759 1344 804 velle
1386 761 1475 804 sint
1514 774 1648 804 suum
1686 758 1849 803 facere.
1883 757 2083 802 Effectus

122 837 276 873 autem
301 827 356 871 ab
382 826 616 872 intellectu
642 836 688 870 et
711 824 946 870 voluntate
973 826 1174 885 sequitur
1205 826 1457 870 secundum
1491 826 1920 871 determinationem
1951 824 2083 870 intel-

62 926 69 952 3
120 893 282 948 laeuas,
306 903 352 940 et
375 893 618 953 imperium
643 892 904 938 voluntatiS.
928 892 1056 936 Sicut
1078 902 1229 936 autem
1255 907 1336 952 per
1359 892 1645 938 intellectum
1671 893 1996 937 determinatur
2015 891 2082 936 rei

57 953 65 1007 ἶ
120 959 275 1016 stetin,
298 971 342 1005 et
366 972 681 1019 quaecumque
704 958 793 1003 alia
820 959 1037 1013 conditio,
1063 960 1125 1003 ita
1149 969 1194 1004 et
1213 960 1531 1019 praescribitur
1557 960 1598 1004 ei
1619 970 1819 1018 tempus:
1841 973 1936 1003 non
1957 957 2083 1003 enim

120 1027 273 1074 solum
305 1041 377 1072 ars
408 1026 678 1071 determinat
704 1036 753 1070 ut
783 1027 874 1070 hoc
900 1025 990 1070 tale
1016 1027 1086 1080 sit,
1109 1027 1189 1071 sed
1216 1036 1264 1070 ut
1288 1036 1396 1070 tunc
1422 1027 1493 1081 sit,
1520 1027 1638 1071 sicut
1662 1027 1881 1080 medicus,
1904 1035 1952 1069 ut
1972 1034 2081 1070 tunc

45 1091 65 1148 j·
95 1094 248 1155 ·p0tio
274 1094 432 1148 detur3
458 1093 577 1137 unde
602 1094 641 1137 si
666 1094 761 1151 ejus
786 1091 905 1137 velle
932 1107 1012 1151 per
1035 1107 1083 1137 se
1102 1104 1220 1138 esset
1235 1092 1395 1138 efficax
1412 1094 1468 1137 ad
1487 1093 1701 1137 effectum
1718 1091 2082 1151 producendum,
2131 1151 2133 1153 ι

44 1203 50 1211 2,
120 1171 382 1221 sequeretur
407 1160 462 1205 de
487 1173 611 1204 novo
653 1159 840 1204 effectus
873 1160 926 1203 ab
972 1160 1156 1219 antiqua
1185 1159 1436 1214 voluntate,
1476 1159 1602 1204 nulla
1644 1159 1824 1204 actione
1861 1159 1916 1203 de
1956 1171 2081 1203 novo

47 1229 59 1267 f
120 1227 374 1275 asistente.
401 1226 529 1272 Nihil
553 1227 690 1286 igitur
715 1226 928 1286 prohibet
953 1227 1103 1272 dicere
1136 1229 1365 1272 actionem
1391 1227 1481 1272 Dei
1504 1227 1558 1271 ab
1587 1235 1773 1271 aeterno
1798 1225 1953 1280 fuisse,
1980 1224 2084 1270 effe-

51 1347 53 1351 ,
121 1296 244 1342 dum
271 1305 425 1340 autem
450 1308 544 1339 non
572 1294 625 1338 ab
658 1305 871 1349 aetern0;
898 1294 977 1338 sed
1002 1304 1110 1339 tunc
1144 1309 1251 1338 cum
1277 1295 1331 1338 ab
1360 1304 1546 1338 aeterno
1574 1293 1810 1353 disposuit.

159 1366 182 1381 ³
207 1362 271 1408 Ex
305 1375 398 1422 quo
423 1362 561 1407 etiam
592 1370 715 1420 patet
740 1362 863 1421 quod
895 1361 980 1405 etsi
1004 1362 1130 1406 Deus
1158 1362 1214 1406 sit
1245 1360 1473 1406 sufficiens
1501 1375 1639 1405 causa
1665 1359 1979 1420 productionis
2015 1373 2082 1405 re-

46 1439 64 1482 ζ
120 1443 226 1476 rum
247 1429 295 1474 in
321 1442 435 1483 esse,
460 1442 555 1473 non
579 1438 736 1473 tamen
763 1438 944 1487 oportet
961 1429 1083 1487 quod
1102 1429 1197 1486 ejus
1215 1428 1402 1472 effectus
1420 1438 1630 1473 aeternus
1654 1437 1862 1487 ponatur,
1890 1440 1947 1471 eo
1973 1426 2083 1471 exsi-

48 1494 69 1540 ζ’
119 1506 267 1543 stente
287 1506 490 1550 aeterno,
512 1505 562 1539 ut
580 1495 712 1540 tertia
738 1496 852 1540 ratio
880 1494 1196 1540 concludebat.
1223 1495 1379 1539 Posita
1405 1495 1527 1539 enim
1555 1509 1692 1539 causa
1718 1493 1985 1547 sufficiente,
2005 1507 2084 1553 po-

118 1564 239 1609 nitur
264 1564 361 1622 ejus
387 1562 588 1620 effectus,
613 1576 708 1607 non
735 1571 887 1606 autem
910 1562 1096 1606 effectus
1123 1572 1361 1607 extraneus
1388 1577 1414 1606 a
1441 1577 1598 1607 causa:
1623 1563 1715 1606 hoc
1738 1562 1861 1606 enirn
1887 1571 2008 1606 esset
2028 1575 2082 1606 ex

42 1669 64 1683 ,,
119 1629 437 1676 insufficientia
460 1642 641 1684 causae,
668 1643 720 1674 ac
747 1629 811 1673 sic
835 1628 1035 1673 calidum
1050 1643 1146 1674 non
1163 1629 1446 1675 calefaceret.
1471 1629 1687 1688 Proprius
1716 1639 1869 1673 autem
1895 1628 2081 1673 effectus

45 1696 58 1738 J
119 1697 369 1743 voluntatis
394 1707 463 1742 est
487 1706 538 1741 ut
558 1697 617 1742 sit
647 1697 738 1740 hoc
771 1696 894 1756 quod
934 1695 1146 1741 voluntas
1186 1696 1306 1742 vult:
1346 1697 1385 1740 si
1424 1707 1578 1741 autem
1610 1695 1779 1755 aliquid
1812 1694 1933 1739 aliud
1965 1704 2084 1739 esset

120 1776 260 1825 quam
289 1763 507 1809 voluntas·
523 1763 647 1818 velit,
671 1777 767 1807 non
792 1774 1035 1823 poneretur
1067 1763 1254 1808 effectus
1279 1763 1486 1823 proprius
1514 1777 1693 1817 causae,
1719 1762 1799 1808 sed
1825 1762 1999 1807 alienus
2026 1762 2080 1805 ab

55 1832 63 1891 ᾗ
121 1845 190 1878 ea.
215 1830 443 1876 Voluntas
467 1841 636 1884 autem,
662 1832 780 1874 sicut
805 1831 977 1874 dictum
1004 1840 1084 1884 est,
1112 1831 1228 1875 sicut
1252 1830 1350 1875 vult
1373 1831 1465 1875 hoc
1493 1845 1591 1875 esse
1622 1829 1728 1884 tale,
1763 1830 1826 1874 ita
1859 1829 1958 1874 vult
1987 1830 2078 1874 hoc

119 1913 220 1945 esse
243 1909 377 1954 tunc3-
401 1900 521 1944 unde
547 1908 742 1958 oportet,
769 1899 826 1942 ad
851 1899 942 1943 hoc
969 1899 1092 1958 quod
1116 1898 1328 1943 voluntas
1357 1899 1415 1944 sit
1439 1898 1668 1943 sufficiens
1696 1913 1847 1952 causa,
1874 1899 1998 1958 quod
2023 1897 2083 1942 ef-

36 2000 47 2011 „
117 1965 264 2011 fectus
286 1965 346 2011 sit
369 1965 552 2026 quando
576 1964 789 2010 voluntas
815 1975 896 2019 est,
921 1965 1097 2010 scilicet
1122 1966 1305 2024 quando
1330 1965 1543 2010 voluntas
1569 1965 1784 2010 effectum
1810 1979 1908 2009 esse
1935 1965 2083 2024 dispo-

8 2047 12 2050 ’
118 2033 222 2078 suit.
247 2033 300 2078 In
323 2033 401 2079 his¹
422 2042 575 2077 autem
601 2046 719 2092 quae
745 2047 770 2076 a
797 2046 935 2077 causa
956 2032 1220 2077 naturaliter
1243 2043 1407 2091 agente
1428 2033 1695 2092 procedunt,
1718 2046 1849 2077 secus
1871 2041 1952 2086 est,
1974 2032 2082 2091 quia

7 2109 11 2144 ί
119 2100 240 2144 actio
265 2110 452 2144 naturae
478 2109 560 2153 est,
585 2099 838 2144 secundum
865 2100 987 2158 quod
1012 2099 1110 2158 ipsa
1129 2109 1220 2144 est:
1238 2099 1358 2144 unde
1377 2100 1432 2143 ad
1450 2114 1547 2144 esse
1567 2113 1731 2144 causae
1749 2099 1876 2158 sequi
1899 2108 2082 2158 oportet

51 2174 66 2231 J
119 2166 345 2213 effectum.
371 2166 596 2212 Voluntas
623 2176 776 2211 autem
802 2166 896 2225 agit
919 2180 1015 2210 non
1032 2166 1285 2210 secundum
1302 2166 1495 2211 modum
1513 2167 1583 2211 sui
1601 2180 1715 2220 esse,
1731 2166 1811 2210 sed
1829 2165 2081 2210 secundum

50 2266 61 2292 Ξ
118 2233 312 2280 modum
336 2234 406 2279 sui
430 2233 677 2292 propositi:
705 2243 749 2278 et
773 2233 878 2277 ideo
905 2234 1022 2277 sicut
1047 2233 1236 2278 effectus
1262 2233 1480 2278 naturalis
1523 2234 1699 2292 agentis
1738 2233 1942 2292 sequitur
1981 2246 2081 2277 esse

118 2300 310 2361 agentis,
334 2300 375 2346 si
398 2300 456 2345 sit
479 2299 730 2354 sufficiens;
756 2300 819 2344 ita
841 2299 1028 2344 effectus
1055 2300 1230 2359 agentis
1256 2314 1337 2360 per
1352 2299 1639 2345 voluntatem
1671 2300 1872 2360 sequitur
1889 2300 2081 2344 modum

118 2368 355 2429 propositi·
1921 2401 1923 2405 ,

54 2433 73 2490 ‘f
137 2458 144 2470 ν*
205 2434 361 2480 Exhis
374 2434 514 2480 etiam
531 2444 668 2492 patet,
680 2434 802 2493 quod
820 2434 1001 2479 divinae
1017 2433 1264 2479 voluntatis
1280 2449 1376 2480 non
1393 2435 1645 2479 retardatur
1658 2434 1858 2488 effectus,
1873 2434 2081 2493 quamvis

116 2516 214 2549 non
233 2516 415 2562 semper
438 2501 587 2556 fuerit,
612 2501 850 2546 voluntate
876 2502 931 2546 de
958 2515 1014 2546 eo
1038 2502 1294 2556 exsistente,
1331 2512 1378 2547 ut
1416 2513 1574 2561 quarta
1614 2502 1730 2546 ratio
1770 2501 2080 2561 supponebat:

31 2564 228 2620 “finam
252 2570 334 2614 sub
359 2569 596 2614 voluntate
620 2569 775 2613 divina
802 2568 922 2613 cadit
945 2583 1041 2613 non
1081 2568 1234 2614 solum
1270 2569 1392 2628 quod
1419 2570 1515 2627 ejus
1542 2569 1726 2613 effectus
1753 2569 1825 2623 sit,
1852 2568 1932 2613 sed
1957 2568 2081 2627 quod

0 2638 1 2647 ¹
53 2658 70 2669 .-,
117 2645 226 2683 tunc
251 2637 323 2682 sit.
352 2637 452 2680 Hoc
483 2636 620 2694 igitur
640 2635 835 2680 volitum
862 2636 985 2695 quod
1012 2646 1079 2680 est
1103 2646 1211 2680 tunc
1238 2646 1492 2680 creaturam
1527 2651 1641 2690 esse,
1676 2650 1771 2680 non
1803 2636 2081 2689 retardatur;

118 2705 225 2765 quia
249 2714 358 2749 tunc
382 2703 543 2762 incipit
568 2712 774 2747 creatura
800 2716 913 2756 esse,
941 2703 1123 2762 quando
1146 2703 1272 2747 Deus
1300 2703 1353 2746 ab
1383 2712 1569 2747 aeterno
1596 2703 1830 2761 disposuit.

206 2770 315 2816 Non
341 2780 410 2815 est
436 2779 590 2814 autem
616 2779 720 2814 ante
745 2769 885 2814 totius
913 2780 1144 2814 creaturae
1171 2769 1518 2814 inchoationem
1544 2770 1853 2814 diversitatem
1880 2768 2080 2829 aliquam

54 2836 91 2892 '23
114 2839 315 2899 ‚partium
341 2836 530 2894 alicujus
553 2836 802 2880 durationis
830 2837 1049 2894 accipere,
1077 2846 1125 2879 ut
1149 2836 1196 2879 in
1222 2835 1378 2894 quinta
1398 2836 1575 2880 ratione
1596 2837 1949 2896 supponebatur,
1970 2850 2080 2880 nam

56 2915 92 2962 ‘is‘
118 2904 235 2951 nihil
257 2917 522 2949 mensuram
547 2918 643 2948 non
667 2904 819 2957 habet,
845 2917 930 2947 nec
958 2903 1259 2947 durationem.
1296 2903 1386 2948 Dei
1426 2914 1580 2948 autem
1621 2904 1814 2958 duratio,
1855 2917 1970 2963 quae
2013 2913 2082 2948 est

120 2972 375 3026 aeternitas,
398 2984 494 3015 non
519 2970 656 3015 habet
680 2980 843 3029 parteS,
870 2970 949 3014 sed
977 2980 1043 3014 est
1069 2969 1264 3029 simplex
1290 2971 1497 3025 omnino,
1523 2985 1618 3015 non
1659 2971 1832 3015 habens
1872 2971 1996 3030 prius
2037 2979 2081 3014 et

118 3040 357 3099 posterius,
383 3051 491 3081 curn
515 3037 643 3082 Deus
668 3038 725 3082 sit
749 3036 1014 3092 immobilis,
1040 3046 1088 3080 ut
1114 3038 1160 3080 in
1185 3037 1333 3095 primo
1367 3038 1429 3094 (c.
1461 3038 1549 3097 13.)
1591 3048 1825 3082 ostensum
1852 3047 1932 3082 est.
1971 3037 2081 3082 Non

67 3098 96 3121 ³⁴
120 3114 193 3150 est
209 3104 347 3164 igitur
373 3117 639 3162 comparare
664 3103 1009 3147 inchoationem
1035 3103 1174 3147 totius
1199 3113 1430 3148 creaturae
1454 3105 1509 3148 ad
1534 3104 1684 3163 aliqua
1706 3104 1883 3148 diversa
1904 3105 2082 3163 signata

50 3168 66 3211 '1-
118 3170 167 3215 in
192 3170 342 3230 aliqua
368 3171 690 3229 praexsistente
723 3185 950 3224 mensura,
984 3170 1039 3214 ad
1066 3185 1181 3229 quae
1208 3171 1388 3214 initium
1415 3181 1724 3215 creaturarum
1761 3170 1982 3225 similiter,
2008 3170 2083 3215 vel

27 3257 30 3259 Α
55 3237 396 3283 dissimiliter
419 3251 469 3282 se
490 3238 634 3296 possit
658 3237 840 3292 habere,
867 3248 916 3281 ut
942 3248 1151 3297 oporteat
1177 3239 1403 3282 rationem
1430 3253 1527 3283 esse
1556 3239 1674 3297 apud
1701 3248 1915 3297 agentem
1941 3253 2081 3299 quare

96 3327 98 3346 2
120 3303 168 3349 in
190 3303 283 3349 hoc
308 3305 487 3363 signato
514 3303 634 3350 illius
661 3305 909 3349 durationis
932 3315 1187 3349 creaturam
1213 3305 1260 3348 in
1288 3320 1386 3350 esse
1419 3306 1696 3364 produxerit,
1724 3315 1769 3350 et
1792 3320 1887 3350 non
1914 3309 1962 3349 in
1988 3306 2080 3350 alio

121 3370 423 3449 praecedenti,
449 3370 523 3415 vel
547 3371 775 3430 sequenti;
801 3386 918 3430 quae
944 3372 1129 3431 quidem
1156 3373 1270 3415 ratio
1308 3372 1607 3431 requireretur
1639 3372 1678 3416 si
1714 3371 1865 3431 aliqua
1901 3372 2079 3418 duratio

120 3438 169 3483 in
193 3447 340 3498 partes
371 3437 617 3483 divisibiles
644 3448 766 3483 esset
782 3448 959 3497 praeter
989 3449 1136 3483 totam
1164 3449 1417 3483 creaturam
1443 3439 1738 3498 productam:
1772 3440 1891 3484 sicut
1916 3440 2081 3485 accidit

40 3515 90 3556 ΨῑἋ
120 3504 169 3550 in
193 3505 534 3565 particularibus
563 3505 815 3564 agentibus,
852 3521 878 3550 a
918 3507 1078 3566 quibus
1111 3506 1376 3565 producitur
1416 3506 1602 3551 effectus
1642 3507 1689 3552 in
1721 3517 1943 3568 ternpore,
1984 3522 2078 3552 non

125 3580 276 3618 autem
299 3571 451 3632 ipsum
475 3581 669 3632 tempus.
697 3572 823 3618 Deus
849 3582 1002 3618 autem
1028 3573 1202 3618 simul
1192 3588 1237 3617 m
1265 3586 1363 3617 esse
1405 3573 1614 3633 produxit
1655 3583 1700 3618 et
1740 3584 2008 3631 creaturam,
2035 3585 2079 3619 et
