2332 3854
280 195 389 265 604
954 207 1110 247 LIBER
1149 208 1220 246 tv.
1261 207 1381 246 cap,
1422 206 1572 246 xxm.

277 317 414 355 autem
438 310 587 368 etsalsi
604 316 713 355 testes
727 310 813 354 Dei
821 325 838 362 ;
857 309 1057 367 quoniam
1084 309 1363 354 testimonium
1384 308 1570 353 diximus
1586 307 1783 354 adversus
1802 309 1967 365 Deum.
1983 308 2091 368 q'wd
2108 310 2241 356 mci-³

282 380 437 423 taverit
468 378 680 422 Christum
711 392 830 436 quem
861 391 945 420 non
974 377 1201 421 suscitavit.

369 444 633 488 Praeterea:
664 443 834 487 falsitas
850 456 944 486 non
971 443 1038 486 est
1067 442 1234 486 idonea
1250 442 1324 485 via
1350 442 1407 486 ad
1436 444 1690 498 veritatem,
1716 443 1970 488 secundum
1994 441 2109 488 inu-d
2127 441 2232 503 (Ec-

286 510 358 554 cli.
384 511 596 554 XXXIV.
621 510 709 566 4.);
743 511 783 554 A
816 509 1008 552 mendace
1033 509 1133 567 quid
1152 523 1300 552 verum
1331 508 1524 554 dicetur?
1550 509 1786 554 Adv'entus
1813 510 1967 554 autem
1990 509 2167 565 Chiis&
2182 509 2234 554 in
2295 506 2300 510 ’
2326 479 2327 482 ¹

283 577 507 620 mundum
525 577 578 619 ad
597 576 794 619 veritatis
814 574 1228 618 manifestationem
1243 574 1349 629 fuit;
1368 575 1477 619 dicit
1490 575 1617 619 enim
1630 578 1725 634 ipse
1739 576 1924 633 (Joann.
1939 574 2245 636 XV11·1:‹573):1

281 644 371 700 Ego
403 649 538 686 autem
564 643 608 685 in
630 642 703 685 hoc
735 647 855 685 natus
878 656 985 694 sum,
1018 646 1055 685 et
1079 641 1134 685 ad
1164 641 1238 686 hoc
1263 643 1360 685 veni
1383 643 1429 685 in
1455 642 1675 697 mundum,
1708 649 1758 687 ut
1786 643 2063 687 testimonium
2089 642 2232 702 parhi-

283 710 399 752 beam
422 710 604 752 veritati.
627 707 733 750 Non
764 707 902 765 igitur
932 707 978 750 in
1006 706 1194 751 Christo
1219 707 1304 751 fui't'
1329 707 1480 767 aliqua
1510 707 1696 753 falsitas.
1718 708 1898 753 Fuisset
1920 710 2088 762 autern,
2105 708 2149 752 si
2178 708 2234 753 e'a'

277 788 394 832 quae
412 775 621 817 dicuntur
638 773 694 817 de
711 774 811 830 ipso
827 773 879 817 in'
893 774 1156 832 apparentia
1171 784 1350 818 tantum
1365 774 1577 829 fuissent3
1598 789 1706 818 nam
1725 774 1892 819 falsum
1910 784 1979 819 est
1994 774 2119 834 quod
2137 776 2233 820 noti

274 850 342 884 est
366 850 415 883 ut
429 840 618 883 videtur.
648 839 821 884 Omnia
835 839 972 898 igitur
987 854 1104 899 quae
1122 840 1177 885 de
1205 840 1391 886 Christo
1414 841 1638 895 dicuntur,
1664 842 1918 886 secumdum
1933 841 2000 887 rei
2021 841 2232 887 exsisten-

273 906 387 950 tiam
412 906 605 950 fuerunt.
1955 928 1957 931 r
2151 926 2157 932 ·

362 973 553 1018 Adhuc:
580 972 738 1031 (Rom.
764 972 865 1030 ΙΙΙ.)
892 972 1057 1017 dicitur
1082 974 1206 1032 quod
1228 974 1459 1032 justificati
1483 988 1641 1020 sumus
1666 975 1714 1019 in
1730 975 1957 1034 sanguine
1968 974 2166 1031 Christi3
2187 975 2235 1021 et

274 1039 445 1098 (Apoc.
472 1040 527 1083 V.
547 1038 610 1098 9.)
629 1039 816 1084 dicitur:
835 1039 1053 1087 Radamisti
1072 1053 1160 1096 nos,
1179 1042 1379 1097 Domine,
1396 1044 1441 1087 in
1464 1043 1666 1102 sanguim
1683 1050 1766 1088 tuo.
1791 1043 1845 1087 Si>
1865 1043 2001 1102 igitur
2022 1042 2236 1090 Christus·

278 1119 373 1149 non
389 1106 547 1150 habuit
562 1120 719 1150 verum
739 1106 1010 1165 sanguinem
1026 1121 1174 1166 neque
1188 1123 1294 1153 vere
1320 1123 1410 1168 pro
1421 1110 1553 1154 nobis
1579 1110 1730 1188 ipsum
1764 1108 1893 1166 fudit,
1917 1123 2064 1171 neque
2094 1111 2233 1189 'remur

276 1186 383 1216 vere
408 1172 637 1230 justificati
665 1186 813 1232 neque
838 1187 946 1218 vere
969 1173 1195 1234 redempti
1219 1189 1390 1220 sumus.
1425 1176 1500 1220 Ad
1525 1174 1642 1221 nihil·
1670 1177 1808 1236 igitur
1831 1176 1943 1223 utile
1964 1187 2038 1223 επ
2060 1186 2159 1265 esve
2179 1178 2233 1223 in

277 1238 478 1283 Christo.

366 1304 507 1349 Item:
533 1305 572 1349 si
596 1305 778 1350 nonnisi
805 1306 1045 1365 phantasia
1069 1307 1394 1367 intelligendus
1417 1319 1487 1354 est
1501 1309 1721 1356 adventus
1740 1308 1981 1356 christiin
1993 1308 2231 1366 mundum,

274 1370 393 1415 nihil
414 1385 587 1416 novum
613 1372 660 1416 in
687 1372 860 1417 Christi
885 1373 1081 1418 adx'rentu
1108 1375 1296 1431 accidit3
1318 1389 1426 1420 nam
1449 1385 1493 1421 et
1517 1377 1564 1420 in
1596 1376 1750 1422 Veteri
1772 1377 2087 1423 Testamenw‘
2103 1376 2233 1423 Deus

276 1438 482 1496 apparuit
506 1438 658 1497 Moysi
683 1449 728 1482 et
753 1440 985 1498 prophetis
1012 1441 1263 1485 secundum
1287 1441 1560 1501 multiplices
1582 1442 1771 1502 figuras,
1790 1442 2002 1489 uetiam
2005 1445 2236 1513 scnpsura

275 1504 398 1548 Novi
431 1503 717 1549 Testamenti
750 1515 952 1551 testatur.
990 1507 1094 1552 Hoc
1130 1518 1283 1553 autem
1318 1518 1465 1554 totam
1500 1508 1756 1554 doctrinam
1787 1511 1918 1556 Novi
1943 1507 2230 1560 Testamenti

276 1582 480 1616 evacuat.
506 1571 616 1616 Non
641 1572 778 1631 igitur
804 1587 967 1633 corpus
993 1573 1346 1632 phantasticum,
1374 1575 1468 1620 sed
1486 1589 1661 1631 verum,
1688 1576 1838 1656 Filius*
1851 1576 1947 1623 Det
1970 1573 2229 1639 'assumpsit-

1013 1728 1268 1784 CAPUT
1308 1724 1492 1785 XXX.

555 1859 628 1897 DE
667 1852 879 1900 ERRORE
918 1853 1219 1902 VALENTINI
1260 1859 1423 1902 ctRcA
1462 1855 1948 1910 INCARNATIONRM.

360 1967 443 2012 His
470 1975 622 2012 autem
649 1978 694 2013 et
718 1969 987 2015 Valentinus
1005 1972 1259 2031 propinque
1276 1972 1331 2017 de
1348 1973 1568 2032 mysterio
1586 1972 2090 2027 incarnationisteusin
2116 1969 2238 2016 dixit

273 2035 400 2079 enim
429 2034 551 2092 quod
580 2034 789 2080 Christus
820 2051 915 2081 non
940 2048 1172 2082 terrenum
1200 2052 1364 2117 corpus
1390 2040 1561 2093 habuit,
1593 2039 1681 2084 sed
1707 2039 1769 2084 d'e
1789 2039 1923 2084 coelo
1960 2039 2239 2099 apponam*
2328 2100 2332 2102 ‚

272 2112 316 2146 et
339 2102 461 2160 quod
487 2101 602 2145 nihil
628 2103 682 2147 de
708 2103 898 2162 Virgine
925 2115 1068 2150 matre
1096 2107 1286 2166 accepit,
1314 2107 1392 2151 sed
1417 2122 1498 2166 per
1514 2122 1617 2152 eam
1644 2107 1773 2167 quasi
1796 2121 1877 2166 per
1892 2106 2239 2193 aquaeducttn‘n*
2306 2138 2315 2174 νζ

268 2168 478 2213 transivit
507 2169 643 2225 (teste
668 2171 787 2230 Aug.
816 2171 892 2215 lib.
918 2172 1044 2216 haer.
1077 2187 1122 2217 ιι·.
1155 2174 1258 2231 11..)
2123 2207 2126 2210 >

362 2235 676 2281 Occasionem
703 2248 856 2282 autem
882 2239 952 2282 sui
968 2241 1133 2284 erroris
1151 2255 1210 2284 ex
1231 2241 1502 2300 quibusdam
1526 2242 1675 2286 verbis
1697 2251 1858 2287 sacrae
1872 2239 2141 2301 Scripm'tat
2156 2242 2228 2286 πιέ-

268 2302 442 2362 cepisse
466 2301 656 2347 videtur.
673 2305 852 2348 Dicitur
875 2306 997 2349 enim
1014 2307 1200 2384 (Joann.
1218 2308 1296 2351 ΙΙΙ
1325 2322 1372 2367 13
1380 2309 1437 2365 .:)
1455 2309 1588 2354 Nemo
1605 2309 1824 2354 ascendit
1807 2324 1863 2352 m
1878 2307 2037 2354 ceilam
2048 2307 2132 2362 1ιᾶᾗὶ
2154 2309 2229 2367 qui

268 2369 315 2414 de
341 2372 449 2416 coelo
480 2371 679 2417 descendit
709 2372 844 2415 Filius
874 2373 1062 2426 hominis,
1101 2376 1175 2432 qui
1203 2381 1258 2419 est
1288 2377 1333 2419 in
1365 2375 1503 2419 coel'o.
1582 2376 1706 2432 .Qui
1730 2375 1778 2420 dc
1802 2376 1913 2421 coelo
1943 2376 2081 2430 venit,
2092 2374 2230 2435 super

268 2451 406 2482 omnes
430 2447 511 2492 ειη
546 2449 591 2482 et
617 2438 801 2496 (Joann
819 2438 897 2482 VI.
919 2439 1010 2497 38.)
1036 2440 1145 2484 dicit
1166 2441 1420 2486 Dominus:
1445 2442 1651 2487 Descendi
1666 2442 1713 2487 de
1738 2442 1863 2497 coelo,
1893 2448 1979 2486 non
2002 2442 2234 2501 utfaoiam

267 2503 524 2550 voluntatem
555 2519 706 2558 meam,
736 2504 804 2549 sed
833 2506 1091 2551 voluntatem
1117 2510 1203 2566 ejus
1229 2510 1301 2567 qui
1330 2510 1446 2553 misit
1465 2524 1557 2561 me,·
1587 2518 1632 2553 et
1657 2510 1712 2568 (Ι.
1741 2507 1949 2555 Corinth.
1976 2508 2078 2553 XV.
2102 2507 2223 2567 47.):

267 2571 438 2617 Primus
459 2574 579 2618 homo
611 2573 658 2617 de
683 2579 810 2626 terra,
839 2579 1047 2628 terrenus;
1074 2575 1270 2620 secundus
1305 2576 1424 2620 homo
1457 2576 1504 2621 de
1531 2577 1660 2631 coelo,
1691 2577 1880 2622 coelestis.
1903 2576 2040 2629 Quae
2066 2574 2234 2621 omnia
2316 2604 2319 2606 -

267 2638 331 2682 sic
350 2639 543 2700 intelligi
566 2638 729 2684 volunt
752 2649 802 2683 ut
824 2639 1036 2686 Christus
1063 2642 1118 2686 de
1137 2642 1269 2687 coelo
1297 2643 1436 2687 etiam
1462 2643 1717 2688 secundum
1745 2655 1919 2702 corpus
1935 2641 2223 2688 descendisse
2316 2679 2317 2682 η

269 2706 490 2751 credatur.

354 2774 568 2819 Procedit
600 2785 752 2819 autem
785 2778 881 2819 tam
911 2774 1027 2819 haec
1060 2776 1293 2821 Valentini
1326 2777 1507 2837 positi-o,
1530 2791 1672 2837 quam
1695 2777 2074 2822 Manichaeorum
2099 2789 2228 2837 prae»
2304 2820 2307 2822 ,

266 2840 411 2885 missa
432 2857 485 2886 ex
511 2857 602 2886 una
626 2841 740 2886 falsa
767 2842 932 2896 radice,
960 2843 1065 2901 quia
1086 2844 1330 2889 credebant
1346 2844 1468 2903 quod
1484 2844 1610 2889 haec
1619 2845 1775 2889 omnia
1798 2841 2233 2889 terrenbadi'aboid
2302 2858 2306 2875 ⁵

264 2907 351 2952 sint
378 2919 542 2954 creata.
568 2908 717 2963 Unde,
744 2923 886 2967 quum
912 2910 1049 2954 Filius
1071 2912 1155 2955 Dei
1177 2913 1222 2955 in
1248 2912 1321 2956 hoc
1343 2913 1596 2971 apparuerit
1620 2918 1665 2956 ut
1690 2910 1895 2956 dissolvat
1890 2919 2032 2972 opera
2038 2908 2234 2966 cimbala,
2302 2910 2307 2968 J

263 2973 380 3018 sieut
404 2975 563 3020 dicitur
586 2976 640 3033 (Ι.
657 2975 818 3034 Joann.
845 2975 961 3033 ΙΙΙ),
983 2991 1076 3020 non
1104 2978 1144 3021 ei
1169 2979 1456 3037 competebat
1478 2988 1526 3022 ut
1547 2978 1603 3022 de
1629 2987 1836 3022 creatura
1859 2977 2033 3022 diaboli
2057 2980 2227 3039 corpus
2296 2995 2308 3038 ρ,

264 3052 528 3096 assumeret,
547 3057 687 3101 quum
705 3042 843 3086 etiam
862 3042 1031 3087 Paulus
1048 3044 1173 3088 dicat
1194 3044 1271 3103 (ΙΙ.
1301 3044 1512 3089 Corinth.
1539 3045 1617 3088 VI.
1645 3044 1768 3101 1‘4.):‘
1787 3040 2098 3102 9³11&QO
2118 3043 2223 3089 lucis
2297 3039 2304 3066 ³³

264 3107 317 3151 ad
339 3110 556 3154 tenebras?
588 3123 691 3168 quae
722 3115 861 3153 autem
885 3112 1101 3154 conventio
1136 3109 1297 3155 Christi
1326 3111 1379 3155 ad
1403 3110 1574 3156 Belial?
1605 3111 1675 3164 Et,
1701 3110 1816 3170 quia
1838 3110 1956 3171 quae
1983 3110 2039 3155 ab
2052 3109 2218 3156 eadem
2297 3110 2301 3153 Ξ

263 3174 414 3219 radice
440 3176 694 3235 procedunt
718 3174 888 3220 similes
923 3174 1094 3220 fructus
1127 3177 1397 3235 producunt,
1425 3178 1471 3221 in
1506 3177 1629 3221 idern
1655 3175 1862 3223 falsitatis
1890 3177 2235 3222 inconveniens
2298 3192 2305 3207 ⁷

263 3240 476 3286 relabitur
501 3242 615 3286 haec
642 3242 809 3301 positio
837 3256 943 3286 cum
975 3243 1220 3301 praedicta.

2180 3274 2183 3280 .
2226 3275 2231 3292 ,

351 3307 718 3367 Uniuscujusque
744 3310 866 3353 enim
899 3309 1069 3368 speciei
1102 3319 1206 3354 sunt
1242 3309 1541 3354 determinata
1563 3278 1826 3355 essentialia
1846 3308 2109 3371 principia,
2121 3321 2217 3356 mar-
2296 3323 2300 3343 ῑ
2327 3339 2332 3346 <

262 3374 423 3417 teriam
456 3375 559 3419 dico
589 3386 631 3419 et
657 3374 870 3429 formam,
898 3388 956 3420 ex
988 3376 1148 3434 quibus
1173 3376 1460 3420 constituitur
1480 3377 1596 3421 ratio
1620 3375 1790 3436 speciei
1813 3376 1868 3421 itt
1879 3373 2091 3436 hisqhae
2114 3371 2228 3423 sun?

2302 3455 2327 3486 ἰ

262 3508 364 3549 sunt
401 3509 589 3552 materia
619 3509 803 3567 propria
833 3509 1051 3564 hominis,
1077 3510 1137 3553 ita
1174 3509 1307 3568 ignis,
1343 3513 1432 3564 aer,
1472 3522 1602 3569 aqua,
1640 3521 1686 3555 et
1719 3520 1853 3564 terra,
1875 3505 2231 3569 orhaim*
2298 3490 2332 3526 ?

264 3453 317 3483 ex
338 3442 527 3485 materia
554 3453 596 3486 et
612 3441 760 3486 forma
793 3443 1063 3501 composita.
1091 3443 1197 3497 Sed,
1223 3443 1340 3488 sicut
1356 3456 1464 3488 caro
1482 3442 1698 3499 humana,
1725 3454 1864 3499 etos,
1877 3453 1931 3489 ‘et
1955 3439 2218 3504 huiusmodi

263 3572 412 3629 qualia
429 3574 663 3629 sentimus,
689 3585 793 3620 sunt
810 3575 1002 3620 materia
1029 3576 1190 3631 carnis,
1216 3583 1261 3621 et
1285 3575 1416 3630 ossis,
1433 3585 1476 3621 et
1493 3576 1757 3635 hujusmodi
1781 3573 2061 3636 partidmtfsi
2080 3574 2225 3635 &girw-
