2294 3854
250 209 353 275 672
914 217 1068 254 mam<
1109 215 1181 252 ιν.
1224 215 1344 253 cap,
1386 215 1513 253 Lxx.

335 321 570 381 Amplius:
600 334 738 365 omne
764 328 1006 379 peccatum
1040 331 1093 361 ex
1126 317 1324 376 quadam
1350 316 1609 393 ignorantia
1635 317 1881 376 contingit3
1900 317 2028 363 unde
2051 314 2213 364 Philo-

244 390 415 449 sophus
441 390 549 433 dicit
574 388 729 446 (tertio
743 387 942 431 Ethicor.
962 399 1000 428 c.
1019 398 1054 428 1.
1058 385 1094 441 )‚
1120 384 1242 442 quod
1274 384 1425 428 omnis
1457 383 1605 428 malus
1625 393 1694 429 est
1719 384 1958 443 ignorans;
1984 385 2214 444 στρων.-

245 456 368 500 XIV.
414 455 507 511 22.)
544 454 726 498 dicitur:
771 454 935 497 Errant
966 452 1038 510 qui
1080 455 1306 509 operantur
1336 450 1508 495 malum.
1542 449 1675 494 Tunc
1707 450 1844 509 igitur
1874 449 2027 495 solum
2057 446 2205 496 homo

247 536 431 567 securus
453 531 603 580 potest
629 533 725 564 esse
754 533 778 562 a
805 527 996 577 peccato
1023 516 1276 560 secundum
1307 516 1608 570 voluntatem,
1640 517 1823 575 quando
1854 516 2124 561 secumdum
2133 517 2207 561 *in-⁴

250 588 485 633 tellectum
518 600 704 631 securus
737 594 804 628 est
835 584 889 627 ab
922 582 1180 641 ignorantia
1213 592 1258 626 et
1289 596 1456 627 errore.
1487 582 1782 627 Manifestum
1813 592 1882 627 est
1905 583 2207 643 autemzquo’d

248 657 393 699 homo
430 669 523 698 non
561 653 760 696 redditur
786 651 1004 694 immunis
1047 650 1100 692 ab
1128 650 1257 694 omni
1287 649 1622 708 ignorantia-et
1653 662 1805 694 errore
1832 661 1912 707 per
1938 646 2134 708 gratiam
2154 650 2204 694 in

251 720 545 765 sacramentis
572 728 860 795 perc-eptam;
885 717 977 760 hoc
1005 716 1127 760 enim
1159 726 1229 760 est
1252 716 1455 760 hominis
1487 716 1740 760 secundum
1770 713 2058 760 intellectum
2077 715 2207 761 illam

249 788 487 830 veritatem
524 784 802 842 inspicientis
837 795 952 841 quae
985 792 1053 826 est
1086 782 1309 826 certitudo
1347 782 1556 826 omnium
1588 782 1846 835 veritatum,
1871 792 1989 840 quae
2023 781 2207 841 quidem

250 854 469 912 inspectio
498 862 565 895 est
591 851 776 895 ultimus
803 849 1006 893 hominis
1041 848 1157 902 finis,
1195 858 1244 892 ut
1270 849 1315 892 in
1340 849 1474 892 tertio
1509 850 1570 906 (c.
1602 849 1690 906 51.)
1723 858 1958 892 ostensum
1992 858 2072 893 est.
2097 848 2206 893 Non

249 921 385 979 igitur
410 934 490 978 per
513 919 706 979 gratiam
734 926 1127 961 sacramentorum
1153 916 1299 960 homo
1325 915 1638 974 impeccabilis
1663 913 1879 959 redditur.
1936 915 1939 917 ’
2105 948 2108 950 μ

339 988 478 1031 Item:
508 985 561 1028 ad
591 984 905 1028 alterationem
933 983 1136 1028 hominis
1162 996 1278 1041 quae
1310 993 1378 1027 est
1402 983 1655 1026 secundum
1678 981 1899 1026 malitiam
1925 991 1973 1026 et
1994 981 2209 1026 virtutem

253 1053 446 1097 multum
481 1061 694 1110 operatur
726 1049 933 1094 alteratio
966 1063 1083 1108 quae
1115 1058 1184 1093 est
1214 1050 1467 1093 secundum
1500 1049 1681 1093 animae
1712 1048 1972 1108 passionen
2003 1061 2128 1102 nam,
2153 1062 2209 1092 ex

251 1134 306 1164 eo
330 1119 451 1178 quod
474 1118 648 1161 ratione
671 1117 904 1175 passiones
933 1116 1114 1160 animae
1130 1115 1426 1169 refrenantur,
1448 1116 1594 1160 homo
1619 1114 1853 1160 virtuosus
1865 1114 2141 1162 efficitur-zet.
2160 1114 2209 1158 in‘

249 1188 412 1231 virtute
447 1195 768 1237 conservatum
794 1197 847 1226 ex
880 1196 937 1226 eo
968 1196 1080 1226 vero
1113 1182 1236 1241 quod
1268 1183 1384 1226 ratio
1416 1183 1619 1241 sequitur
1656 1182 1905 1240 passioneS,
1936 1180 2210 1227 bomested-

249 1254 367 1298 ditur
392 1252 594 1296 vitiosus.
625 1250 860 1303 Quamdiu
898 1249 1035 1307 igitur
1070 1249 1216 1293 homo
1246 1258 1315 1294 est
1346 1247 1589 1293 alterabilis
1621 1248 1903 1293 secundum
1904 1247 2100 1292 animae*
2110 1260 2210 1307 paa-

247 1321 414 1374 siones,
447 1329 515 1363 est
546 1318 683 1363 etiam
718 1315 959 1361 alterabilis
994 1315 1247 1361 secundum
1279 1315 1441 1359 vitium
1474 1325 1518 1360 et
1542 1315 1770 1360 virtutem.
1803 1313 2027 1359 Alteratio
2043 1323 2209 1361 autem

249 1401 365 1448 quae
393 1396 460 1430 est
481 1385 733 1430 secundum
762 1384 942 1427 animae
966 1384 1204 1442 passiones
1226 1396 1321 1426 non
1337 1381 1512 1426 tollitur
1537 1395 1618 1441 per
1634 1381 1834 1439 gratiam
1852 1381 1910 1425 in*
1915 1378 2218 1435 sacramentis

252 1453 485 1508 collatam,
508 1452 586 1497 sed
613 1459 769 1495 manet
795 1451 839 1494 in
856 1450 1045 1502 homine
1063 1449 1280 1508 quamdiu
1300 1450 1453 1493 anima
1468 1448 1674 1508 passibili
1690 1446 1882 1507 corpori
1878 1448 2058 1492 unitari
2066 1447 2212 1493 Mani-

248 1521 413 1565 festum
447 1530 516 1564 est
545 1519 685 1577 igitur
710 1517 832 1577 quod
864 1530 966 1578 per
970 1526 1364 1561 sacramentorum
1392 1514 1586 1598 gratiam
1611 1515 1756 1560 homo
1779 1513 2211 1608 impeccabflienon

250 1587 461 1632 redditur
1348 1606 1350 1609 v
1900 1615 1906 1617 »
1930 1588 2061 1620 3215215*
2114 1596 2203 1622 ..ι,«..

339 1654 603 1697 Praeterea:
624 1651 904 1710 superfluum
921 1650 1100 1694 videtur
1126 1663 1205 1694 eos
1233 1651 1481 1694 admonere
1506 1663 1564 1693 ne
1590 1657 1784 1707 peccent
1802 1647 1892 1708 qui
1903 1659 2106 1708 peecare
2103 1646 2212 1693 dun‘

254 1730 459 1799 possunt
480 1719 587 1773 Sed,
605 1733 683 1778 per
706 1716 1020 1776 evangelicam
1043 1727 1088 1761 et
1113 1717 1415 1776 apostolicam
1435 1717 1706 1770 doctrinam,
1723 1715 2026 1760 admonentur
2054 1713 2212 1760 fideles

254 1791 346 1847 jam
373 1802 454 1846 per
479 1795 764 1830 sacramenta
791 1785 983 1842 Spiritus
1011 1784 1168 1828 Sancti
1194 1784 1387 1843 gratiam
1422 1783 1680 1836 consecuti;
1707 1782 1869 1827 dicitur
1900 1781 2023 1826 euim
2049 1780 2209 1839 (Hebr.

251 1856 351 1898 XII.
389 1868 436 1911 15
446 1853 504 1910 .):
534 1852 867 1911 Contemplantes
888 1866 936 1894 ne
958 1851 1057 1908 quid
1081 1851 1180 1895 desit
1197 1852 1359 1910 gratiae
1378 1852 1476 1904 Dei,
1503 1865 1628 1908 neque
1653 1848 1779 1893 radix
1800 1848 2096 1895 amaritudinis
2116 1862 2206 1894 sur-

249 1937 352 1966 sum·
358 1923 596 1979 germinans
617 1919 841 1977 impediat3
860 1929 902 1962 et
924 1917 1112 1976 (Ephes.
1131 1918 1208 1960 IV.
1240 1919 1352 1975 3o.:)
1370 1917 1509 1962 Nolite
1525 1918 1771 1961 contristare
1791 1915 1998 1974 Spiritum
2010 1915 2210 1960 Sanctum

252 1989 353 2041 Dei,
378 1990 422 2031 in
454 2002 532 2045 quo
559 1987 712 2040 signati
742 1987 832 2029 estis
839 1999 855 2036 ;
891 1994 936 2027 et
960 1984 1190 2041 (Corinth.
1218 1985 1275 2028 X.
1308 1985 1420 2040 12.):
1449 1984 1538 2040 Qui
1561 1998 1600 2027 se
1626 1984 1836 2027 existimat
1854 1981 2142 2036 starefvidmt
2162 1996 2212 2026 ne

251 2054 402 2111 cadat,
395 2068 406 2078 ·
439 2054 534 2112 ipse
558 2052 696 2096 etiam
724 2050 978 2109 Apostolus
1004 2050 1059 2093 de
1087 2064 1134 2093 se
1162 2050 1271 2094 dicit
1296 2051 1351 2107 (I.
1387 2049 1598 2094 Corinth.
1622 2049 1701 2093 IX.
1729 2049 1842 2107 27.):
1873 2047 2039 2107 Castigo
2056 2047 2212 2108 ‘corpus

248 2137 402 2174 meum,
431 2127 466 2165 et
497 2122 542 2164 in
572 2121 808 2164 servitutem
829 2118 986 2174 redigo,
1020 2133 1068 2160 ne
1091 2117 1221 2175 forte,
1250 2132 1376 2175 quum
1403 2117 1498 2161 aliis
1510 2116 1865 2175 praedicaverim,
1898 2116 1986 2174 ipse
2011 2116 2212 2175 reprobus

248 2189 417 2247 efficiar.
449 2186 557 2231 Non
583 2186 722 2244 igitur
744 2199 823 2244 per
849 2185 1043 2242 gratiam
1070 2185 1114 2227 in
1141 2184 1439 2227 sacramentis
1466 2193 1726 2242 perceptam
1749 2181 1973 2262 homines-
1987 2180 2212 2283 impecca-

249 2254 362 2298 biles
388 2254 649 2297 redduntur.
1944 2273 1946 2275 >
2188 2278 2208 2285 .-

339 2320 427 2364 Per
443 2321 534 2364 hoc
552 2318 803 2364 excluditur
819 2317 1125 2376 quorumdam
1138 2316 1475 2360 haereticorum
1494 2329 1621 2360 error
1633 2311 1885 2373 (Joviniani
1895 2322 2017 2360 teste
2018 2270 2210 2359 hieron.

253 2398 373 2432 cont.
395 2386 544 2446 Jovin.
565 2400 601 2430 c.
620 2399 667 2441 31
677 2384 726 2442 .),
753 2385 827 2444 qui
855 2385 1011 2429 dicunt
1037 2384 1159 2460 quod
1180 2383 1341 2437 homo,
1368 2392 1610 2442 postquam
1629 2383 1834 2441 gratiam
1840 2376 2042 2459 Spiritus
2039 2380 2213 2426 Sancti

249 2455 463 2514 percepit,
496 2467 685 2513 peccare
702 2467 797 2496 non
815 2462 980 2511 potest,
1007 2461 1065 2506 et,
1097 2451 1135 2495 si
1160 2460 1333 2510 peccat,
1356 2455 1590 2509 nunquam
1617 2449 1811 2508 gratiam
1838 2443 2046 2525 spiritua
2041 2446 2214 2530 Sancti

249 2521 420 2566 habuit.

341 2588 596 2632 Assumunt
636 2595 790 2630 autem
817 2586 862 2629 in
893 2584 1213 2629 fulcimentum
1254 2584 1324 2628 sui
1356 2584 1519 2628 erroris
1554 2583 1676 2642 quod
1713 2583 1877 2627 dicitur
1909 2582 1967 2640 (It
1995 2579 2211 2628 Corinth.

253 2654 374 2698 XIII.
403 2653 491 2710 8.):
519 2652 688 2697 Caritas
709 2666 923 2711 nunquam
945 2651 1127 2704 excidit;
1153 2660 1197 2695 et
1221 2650 1332 2695 illud
1361 2651 1424 2708 (I.
1435 2651 1597 2708 Joann.
1624 2649 1705 2693 111.
1731 2648 1819 2707 6.):
1847 2644 2008 2695 Omnis
2005 2650 2157 2708 'quiin
2165 2662 2212 2694 eo

251 2728 402 2775 manet,
426 2735 509 2765 non
528 2726 697 2780 ρεσεαί,θ
720 2725 757 2764 et
779 2721 911 2764 omnis
928 2721 1002 2778 qui
1014 2725 1174 2778 peccat,
1197 2733 1279 2762 non
1299 2718 1413 2763 vidit
1431 2733 1540 2771 eum,
1565 2731 1638 2761 nec
1663 2717 1867 2775 cognovit
1874 2726 2003 2772 eumf-
2004 2724 2071 2760 et
2092 2713 2213 2765 infra

242 2790 530 2847 expressius:
563 2788 712 2832 Omnis
744 2788 816 2845 qui
837 2793 893 2831 est
925 2801 973 2830 ex
998 2787 1107 2839 Deo,
1135 2791 1355 2844 peccatum
1376 2799 1460 2828 non
1485 2785 1614 2841 facit,·
1637 2785 1837 2842 quoniam
1861 2788 2010 2828 senten
2018 2783 2157 2842 tpflus
2156 2783 2211 2827 in

252 2871 296 2899 eo
323 2861 476 2909 manet,
512 2860 547 2898 et
578 2869 660 2897 non
679 2860 813 2913 potest
836 2861 1024 2912 peccare,
1053 2854 1250 2910 quoniam
1283 2867 1332 2896 ex
1362 2853 1455 2896 Deo
1479 2856 1600 2894 natus
1623 2856 1692 2895 est.
1993 2880 1996 2882 v
2028 2880 2031 2882 <
2188 2872 2189 2875 =

342 2921 431 2965 Sed
468 2922 582 2964 haec
620 2921 675 2964 ad
713 2933 873 2964 eorum
911 2920 1196 2978 propositum
1225 2918 1557 2962 ostendendum
1594 2916 1797 2961 efficacia
1830 2924 1925 2962 non
1960 2923 2078 2960 sunt.
2088 2890 2212 2961 Non

253 2988 375 3032 enim
402 2988 563 3032 dicitur
590 2987 711 3046 quod
741 2987 903 3030 caritas
928 3000 1167 3045 nunquam
1197 2986 1363 3029 excidit
1385 2994 1568 3044 propter
1599 2985 1688 3028 hoc
1717 2983 1841 3043 quod
1866 2982 1945 3029 me
1976 2983 2055 3043 qui
2073 2982 2217 3027 habet
2292 2983 2294 2986 ’

253 3055 486 3099 caritatem
505 3068 608 3098 eam
632 3055 906 3112 quandoque
930 3067 1024 3097 non
1049 3053 1253 3105 amittat,
1279 3066 1420 3128 quum
1443 3052 1617 3095 dicatur
1649 3050 1864 3110 (Apocal.
1882 3050 1938 3096 11.
1954 3050 2045 3107 4)=
2068 3049 2212 3095 Habeo

253 3122 471 3165 adversum
504 3127 539 3164 te
553 3129 706 3180 pauca,
735 3120 842 3178 quod
865 3122 1086 3164 caritatem
1118 3125 1232 3163 tuam
1254 3120 1442 3177 primam
1468 3119 1699 3175 reliquisti;
1724 3117 1803 3161 sed
1824 3116 1935 3162 iaco
1948 3117 2125 3163 &ictum
2136 3112 2214 3161 Ῑοει

253 3188 373 3245 quod
408 3187 569 3230 caritas
602 3201 835 3245 nunquam
874 3187 1054 3240 excidit,
1092 3186 1197 3244 quia
1234 3199 1374 3244 quum
1410 3194 1560 3228 cetera
1593 3184 1714 3228 dona
1751 3183 1969 3242 Spiritus
1970 3182 2132 3228 Sancti
2155 3183 2214 3226 de
2288 3186 2294 3209 ’-

253 3254 320 3297 sui
340 3254 514 3297 ratione
532 3252 927 3312 imperfectionem
946 3253 1172 3304 habentia,
1191 3261 1347 3311 utpote
1370 3251 1550 3309 spiritus
1577 3250 1854 3310 prophetiae
1866 3258 1914 3295 et
1933 3249 2213 3317 huiusmodi,
2287 3251 2294 3303 ξ

255 3330 530 3364 evacuentur
555 3334 695 3378 quum
713 3320 888 3363 venerit
915 3320 1035 3377 quod
1056 3318 1306 3378 perfectum
1324 3328 1406 3371 est,
1425 3320 1587 3362 caritas
1609 3317 1655 3361 in
1676 3316 1756 3362 illo
1774 3315 2082 3377 perfectionis
2088 3311 2213 3365 moti
2286 3364 2290 3379 ί

255 3386 518 3431 remanebit.
547 3386 610 3430 Ea
633 3400 742 3430 vero
770 3400 885 3445 quae
919 3400 973 3430 ex
997 3385 1201 3444 Epistola
1222 3386 1409 3443 Joannis
1422 3385 1611 3428 inducta
1637 3383 1865 3429 suntideo
1877 3376 2104 3428 dieantur
2101 3382 2215 3442 quin
2276 3380 2294 3438 2}

255 3453 374 3496 dona
398 3453 589 3510 Spiritus
608 3452 763 3496 Sancti
781 3453 941 3511 quibus
966 3452 1111 3496 homo
1131 3451 1395 3510 adoptatur
1384 3465 1430 3494 m
1456 3449 1599 3494 filium
1624 3449 1697 3495 vel
1713 3449 2024 3496 renaseitarln
2047 3448 2213 3495 Filium

256 3519 357 3572 Dei,
390 3529 609 3577 quantum
637 3529 703 3563 est
726 3519 781 3562 de
807 3532 869 3573 se,
895 3527 1071 3563 tantam
1107 3519 1277 3563 habent
1309 3518 1523 3562 virtutem
1556 3516 1678 3577 quod
1714 3515 1959 3561 hominem
1983 3515 2109 3565 dm
2102 3524 2214 3575 pte·

258 3597 360 3629 cato
384 3599 652 3630 conservare
680 3596 893 3645 possunt3
919 3599 1004 3630 nec
1031 3585 1176 3630 homo
1203 3598 1392 3645 peccare
1419 3593 1569 3644 potest
1585 3582 1838 3629 secundum
1854 3581 2116 3638 emmiu}
2136 3594 2214 3642 po-
2251 3619 2253 3621 .
