2332 3854
312 179 412 250 148
956 195 1110 234 LIBER
1150 195 1206 233 11.
1250 195 1368 234 CAP.
1411 195 1601 234 xxvm.

304 311 388 341 suo
415 295 663 351 intellectu,
689 306 735 341 et
749 296 984 342 voluntate
1009 311 1080 341 res
1102 297 1148 340 in
1174 310 1274 341 esse
1299 296 1568 355 producere,
1593 299 1656 343 sic
1683 313 1836 344 rerum
1857 300 2099 359 productio
2115 313 2171 348 ex
2186 314 2262 346 ne-

305 363 513 408 cessitate
541 363 720 407 divinae
747 363 1055 421 dispositionis
1082 363 1302 422 procedit.
1327 363 1436 407 Non
1454 364 1577 408 enim
1593 375 1744 423 potest
1769 380 1867 411 esse
1896 367 2018 426 quod
2036 367 2165 412 Deus
2186 366 2263 412 ali-

303 431 409 490 quid
437 445 484 475 se
511 430 736 474 facturum
763 430 1035 489 disposuerit
1060 430 1182 489 quod
1209 431 1489 489 posmodum
1514 431 1611 490 ipse
1635 447 1730 477 non
1755 432 1916 478 faciat:
1941 433 2052 478 alias
2076 434 2174 492 ejus
2199 434 2262 479 di-

302 498 492 557 spositio
518 497 592 541 vel
618 507 737 541 esset
762 497 1005 550 mutabilis,
1038 496 1112 540 vel
1143 496 1336 541 infirma.
1369 497 1476 556 EJus
1506 498 1644 557 igitur
1676 500 1962 558 dispositioni
1987 515 2041 546 ex
2070 501 2264 547 necessi-

302 575 392 610 tate
420 565 606 609 debetur
633 565 754 623 quod
777 564 1032 622 impleatur.
1057 563 1146 607 Sed
1163 574 1318 608 tamen
1343 565 1434 609 hoc
1452 565 1654 610 debitum
1672 580 1766 610 non
1783 566 1946 612 sufficit
1962 567 2019 612 ad
2035 568 2262 613 rationem

300 633 494 690 justitiae
522 631 702 690 proprie
730 631 875 674 dictae
898 631 944 674 in
967 644 1119 674 rerum
1143 632 1387 686 creatione,
1413 632 1460 676 in
1483 647 1571 691 qua
1589 634 1868 677 considerari
1889 648 1982 678 non
2004 643 2154 693 potest
2172 634 2262 681 nisi

303 700 422 743 actio
450 699 535 742 Dei
564 698 779 741 creantis:
809 697 1014 755 ejusdem
1042 707 1194 741 autem
1221 698 1277 742 ad
1303 697 1504 758 seipsum
1530 714 1623 744 non
1646 710 1713 744 est
1736 700 1905 759 iustitia
1921 696 2260 760 prop'riedicta,

302 776 350 810 ut
376 776 498 825 patet
523 779 601 822 per
632 763 969 823 Philosophum
1001 765 1047 808 in
1081 765 1238 823 quinto
1270 765 1416 810 Ethic.
1450 767 1511 825 (c.
1549 766 1622 825 3.).
1654 767 1762 811 Non
1792 768 1929 826 igitur
1959 767 2141 827 proprie
2170 767 2262 812 dici

300 843 462 893 potest,
490 831 611 890 quod
638 831 763 875 Deus
791 846 844 874 ex
871 831 1024 876 debito
1041 833 1235 890 justitiae
1262 833 1401 877 resin
1429 847 1526 877 esse
1542 833 1754 892 produxit
1770 848 1824 879 ea
1849 835 2040 890 ratione,
2057 834 2162 894 quia
2175 848 2256 895 per

300 900 538 946 scientiam
566 909 610 943 et
634 898 919 943 voluntatem
944 913 992 944 se
1019 899 1240 959 disposuit
1264 900 1606 959 producturum.

1026 1120 1281 1176 CAPUT
1322 1121 1533 1176 XXIX.

552 1270 833 1316 QUALITER
865 1271 921 1309 IN
953 1270 1356 1311 PRODUCTIONE
1387 1271 1643 1326 ALICUJUS
1679 1271 2007 1312 CREATURAE

742 1353 958 1391 POTEST
986 1354 1235 1391 DEBITUM
1262 1354 1547 1408 JUSTITIAE
1566 1354 1810 1394 INVENIRI

632 1435 688 1474 IN
724 1435 1157 1497 COMPARATIONE
1184 1436 1537 1475 POSTERIORIS
1565 1436 1638 1474 AD
1666 1436 1924 1475 PRIOREM.

389 1562 437 1605 Si
471 1571 623 1604 autem
658 1560 847 1619 alicujus
881 1572 1112 1605 creaturae
1139 1562 1378 1620 productio
1414 1562 1737 1615 consideretur,
1770 1561 1937 1621 poterit
1965 1561 2029 1606 ibi
2054 1560 2257 1606 debitum

296 1629 495 1688 justitiae
537 1629 729 1671 inveniri
763 1643 816 1672 ex
850 1629 1194 1686 comparatione
1227 1629 1486 1688 posterioris
1525 1639 1756 1680 creaturae
1794 1628 1850 1672 ad
1886 1628 2100 1688 priorem.
2136 1627 2256 1673 Dico

295 1706 447 1739 autern
476 1697 676 1754 priorem
702 1710 796 1739 non
829 1695 979 1739 solum
1013 1706 1234 1753 tempore,
1262 1696 1339 1740 sed
1367 1706 1540 1740 natura.
1570 1696 1644 1739 Sic
1672 1696 1809 1754 igitur
1839 1695 1885 1739 in
1912 1695 2069 1754 primis
2094 1694 2256 1741 divinis

295 1762 529 1807 effectibus
547 1763 851 1820 producendis
870 1763 1070 1806 debitum
1090 1778 1181 1807 non
1203 1763 1442 1816 invenitur,
1457 1765 1500 1806 in
1519 1763 1823 1820 posteriorum
1836 1777 1945 1807 vero
1958 1761 2257 1822 productione

292 1831 518 1873 invenitur
550 1830 766 1882 debitum,
795 1830 951 1873 ordine
977 1841 1133 1873 tamen
1161 1831 1367 1874 diverso:
1403 1844 1511 1873 nam
1545 1830 1582 1873 si
1614 1829 1690 1872 illa
1717 1843 1833 1888 quae
1866 1840 1968 1873 sunt
2001 1829 2151 1888 priora
2181 1833 2255 1873 na-

292 1897 509 1950 turaliter,
538 1897 626 1940 sint
653 1898 786 1940 etiam
817 1898 967 1955 priora
991 1911 1103 1949 esse,
1132 1898 1382 1955 posteriora
1409 1911 1463 1940 ex
1489 1897 1711 1955 prioribus
1733 1897 1935 1940 debitum
1959 1895 2168 1946 trahunt:
2185 1895 2258 1940 de-

292 1965 435 2007 bitum
456 1964 575 2007 enim
593 1975 659 2007 est
673 1965 904 2022 ut,positis
929 1965 1090 2017 causis,
1114 1964 1312 2008 habeant
1332 1964 1534 2007 actiones
1553 1979 1629 2022 per
1648 1978 1758 2022 quas
1778 1964 2032 2021 producunt
2053 1961 2255 2009 effectus.

293 2031 341 2075 Si
368 2046 476 2074 vero
505 2045 619 2089 quae
643 2041 747 2074 sunt
773 2031 922 2088 priora
949 2030 1212 2074 naturaliter
1238 2032 1326 2074 sint
1358 2031 1609 2089 posteriora
1635 2031 1680 2073 in
1705 2044 1818 2084 esse,
1844 2041 1952 2074 tunc
1980 2043 2004 2074 e
2031 2043 2254 2074 converso

289 2100 440 2157 priora
470 2099 672 2142 debitum
699 2098 884 2141 trahunt
910 2113 936 2141 a
962 2098 1310 2156 posterioribus;
1339 2099 1454 2141 sicut
1480 2098 1758 2141 medicinam
1795 2097 1996 2142 debitum
2034 2106 2102 2153 est
2130 2110 2256 2156 prae-

291 2166 467 2219 cedere,
502 2166 556 2209 ad
589 2166 679 2209 hoc
713 2165 836 2224 quod
869 2166 1036 2209 sanitas
1070 2175 1389 2224 consequatur.
1424 2165 1678 2223 Utrobique
1707 2174 1860 2208 autem
1885 2164 1976 2208 hoc
2004 2178 2253 2209 commune

291 2235 461 2278 exsistit
494 2234 615 2292 quod
644 2234 860 2286 debitum,
888 2234 982 2277 sive
1008 2234 1254 2277 necessitas
1281 2243 1486 2277 sumatur
1512 2234 1565 2276 ab
1595 2247 1650 2276 eo
1678 2232 1800 2291 quod
1833 2241 1902 2276 est
1923 2232 2047 2291 prius
2077 2243 2252 2289 natura,

291 2301 410 2345 circa
436 2302 481 2345 id
509 2301 631 2359 quod
660 2310 727 2344 est
751 2311 913 2344 natura
935 2301 1171 2358 posterius.
1191 2300 1450 2350 Necessitas
1478 2310 1631 2344 autem
1659 2315 1775 2359 quae
1801 2309 1870 2344 est
1895 2314 1920 2344 a
1946 2299 2186 2360 posteriori
2205 2299 2253 2344 in

290 2383 404 2422 esse,
432 2369 539 2412 licet
564 2368 685 2426 prius
712 2378 887 2421 natura,
914 2382 1008 2411 non
1043 2377 1110 2411 est
1143 2367 1348 2411 absoluta
1374 2367 1621 2411 necessitas
1654 2367 1733 2411 sed
1768 2367 2124 2422 conditionalis3‘
2141 2377 2191 2412 ut
2214 2367 2254 2411 si

287 2436 377 2480 hoc
406 2436 538 2479 debet
563 2435 674 2489 fieri,
706 2449 894 2479 necesse
929 2445 995 2479 est
1025 2435 1115 2478 hoc
1150 2437 1273 2493 prius
1306 2449 1419 2478 esse.
1455 2435 1720 2478 Secundum
1751 2434 1890 2492 igitur
1914 2434 2034 2482 hanc
2059 2434 2253 2479 necessi-

287 2513 429 2563 tatem
461 2503 507 2546 in
540 2513 849 2546 creaturarum
882 2502 1180 2560 productione
1218 2502 1419 2545 debitum
1452 2502 1680 2546 invenitur
1712 2501 1960 2561 tripliciter.
1993 2501 2166 2556 Primo,
2202 2510 2253 2559 ut

287 2580 491 2614 sumatur
523 2570 886 2614 conditionatum
910 2569 1111 2612 debitum
1140 2583 1165 2612 a
1186 2579 1283 2613 tota
1309 2583 1460 2612 rerum
1488 2569 1778 2613 universitate
1804 2569 1861 2612 ad
1882 2567 2132 2627 quamlibet
2153 2570 2249 2628 eius

287 2648 478 2696 partem,
505 2651 620 2695 quae
658 2637 712 2679 ad
750 2635 1078 2693 perfectionem
1112 2636 1353 2694 requiritur
1379 2635 1600 2679 universi:
1630 2635 1668 2679 si
1705 2636 1828 2679 enim
1860 2634 1951 2679 tale
1987 2635 2251 2682 universum

287 2705 385 2748 fieri
410 2705 535 2748 Deus
561 2703 720 2757 voluit,
749 2704 951 2747 debitum
977 2702 1060 2746 fuit
1086 2713 1133 2746 ut
1160 2702 1307 2746 solem
1335 2712 1380 2746 et
1407 2717 1573 2760 aquam
1590 2701 1774 2755 faceret,
1792 2711 1836 2746 et
1853 2701 2132 2760 hujusmodi,
2150 2702 2249 2748 sine

287 2773 447 2831 quibus
475 2772 738 2815 universum
765 2785 863 2814 esse
889 2785 984 2814 non
1010 2780 1172 2829 potest.
1197 2771 1425 2823 Secundo,
1440 2780 1488 2813 ut
1514 2780 1719 2814 sumatur
1746 2769 2023 2815 conditionis
2044 2769 2248 2823 debitum

287 2855 340 2884 ex
368 2854 456 2884 una
484 2850 690 2883 creatura
717 2838 771 2882 ad
799 2838 952 2892 aliam,
980 2848 1029 2882 ut
1054 2839 1091 2882 si
1119 2837 1333 2881 animalia
1361 2849 1404 2882 et
1430 2837 1606 2896 plantas
1634 2838 1759 2881 Deus
1796 2851 1895 2882 esse
1927 2836 2088 2892 voluit,
2124 2837 2249 2882 debi-
2328 2878 2332 2880 ,

285 2918 383 2952 tum
409 2907 492 2951 fuit
517 2917 566 2951 ut
593 2907 807 2950 coelestia
836 2920 1030 2963 corpora
1054 2906 1238 2959 faceret,
1266 2919 1321 2949 ex
1344 2906 1505 2964 quibus
1522 2915 1862 2960 conservantur,
1880 2914 1925 2949 et
1945 2905 1984 2956 si
2004 2904 2245 2951 hominem

285 2989 382 3020 esse
417 2974 575 3029 voluit,
603 2974 803 3033 oportuit
833 2973 983 3017 facere
1010 2973 1200 3031 plantas,
1228 2983 1272 3017 et
1313 2972 1544 3026 animalia,
1579 2983 1622 3017 et
1656 2972 1743 3016 alia
1769 2971 2049 3030 hujusmodi,
2081 2972 2243 3032 quibus

284 3043 430 3087 homo
458 3042 628 3100 indiget
655 3041 709 3084 ad
734 3055 830 3084 esse
858 3040 1128 3099 perfectum3
1159 3040 1365 3099 quamvis
1393 3049 1437 3083 et
1462 3040 1576 3083 haec
1605 3050 1648 3083 et
1673 3038 1751 3082 illa
1782 3053 1839 3083 ex
1871 3052 1998 3084 mera
2027 3038 2154 3084 Deus
2174 3037 2246 3084 'fe-

286 3101 397 3154 cerit
419 3109 667 3153 voluntate.
688 3107 861 3161 Tertio,
880 3118 928 3151 ut
953 3109 998 3151 in
1018 3122 1287 3166 unaquaque
1305 3117 1465 3151 natura
1488 3117 1692 3150 sumatur
1710 3105 2019 3151 conditionale
2037 3106 2240 3151 debitum

286 3192 340 3222 ex
366 3178 458 3222 suis
490 3177 702 3236 partibus,
730 3186 774 3220 et
805 3175 1167 3234 proprietatibus,
1200 3184 1244 3218 et
1266 3174 1588 3226 accidentibus,
1616 3187 1669 3217 ex
1696 3173 1857 3232 quibus
1880 3173 2104 3232 dependet
2124 3186 2246 3218 crea-

284 3255 383 3289 tura
411 3255 631 3303 quantum
658 3243 714 3287 ad
742 3257 853 3296 esse,
879 3241 954 3286 vel
981 3252 1200 3300 quantum
1228 3242 1283 3285 ad
1308 3241 1506 3300 aliquam
1534 3241 1603 3285 sui
1629 3240 1983 3300 perfectionem:
2006 3239 2123 3285 sicut
2141 3253 2246 3300 sup·
2324 3292 2332 3302 s

284 3312 434 3370 posito
459 3311 580 3370 quod
607 3311 732 3354 Deus
759 3309 999 3354 hominem
1026 3308 1176 3353 facere
1203 3307 1363 3362 voluit,
1391 3308 1591 3352 debitum
1620 3322 1674 3352 ex
1700 3308 1787 3352 hac
1819 3307 2132 3367 suppositione
2162 3306 2252 3352 fuit
2320 3332 2322 3335 »

286 3389 334 3423 ut
360 3379 563 3422 animam
590 3387 632 3422 et
661 3391 823 3436 corpus
849 3378 895 3420 in
922 3390 978 3421 eo
1007 3378 1318 3435 conjungeret,
1347 3386 1390 3419 et
1415 3389 1589 3428 sensus,
1623 3385 1669 3420 et
1700 3374 1788 3419 alia
1827 3372 2095 3434 huiusmodi
2125 3373 2246 3434 adju·

285 3456 439 3489 menta
464 3456 558 3489 tam
592 3445 835 3489 intrinseca
867 3458 1005 3503 quam
1039 3444 1293 3487 extrinseca
1320 3443 1362 3486 ei
1393 3443 1640 3502 praeberet.
1673 3442 1725 3486 In
1756 3441 1919 3502 quibus
1950 3441 2182 3496 omnibus,
2204 3440 2242 3487 si

284 3524 406 3557 recte
441 3513 697 3566 attenditur,
730 3512 855 3556 Deus
891 3522 1123 3556 creaturae
1156 3510 1331 3555 debitor
1362 3524 1457 3554 non
1491 3510 1667 3564 dicitur,
1700 3508 1779 3554 sed
1808 3516 1920 3560 'suae
1953 3506 2242 3568 dispositioni

284 3580 560 3641 implendae.
