2332 3854
795 265 950 303 LIBER
990 264 1065 303 111.
1107 264 1228 304 CAP.
1269 263 1417 302 XXVI.
1980 265 2083 320 325

125 372 218 426 quo
240 364 341 409 finis
367 373 536 419 movet,
561 378 669 409 nam
694 364 867 409 bonum
894 365 1174 411 intellectum
1196 375 1264 410 est
1288 364 1388 409 finis
1404 363 1828 423 voluntati33agens
1846 375 2002 409 autem
2020 376 2088 411 est

124 432 350 491 posterior
374 430 422 475 in
447 431 677 475 movendo
703 445 839 490 quam
877 431 992 486 finis,
1018 446 1124 476 nam
1158 446 1296 490 agens
1321 445 1415 476 non
1442 442 1597 475 movet
1615 431 1701 475 nisi
1719 440 1902 489 propter
1920 430 2085 486 finem3

123 498 242 545 unde
285 507 469 557 apparet
502 496 784 542 intellectum
826 498 1092 557 simpliciter
1123 513 1221 544 esse
1265 498 1475 543 altiorem
1511 497 1763 553 voluntate,
1795 497 2080 545 voluntatem

121 577 233 614 vero
253 563 488 609 intellectu
513 577 592 624 per
617 563 826 608 accidens
849 574 894 608 et
918 566 1174 610 secundum
1201 565 1321 625 qnid.

829 777 1085 835 CAPUT
1126 779 1365 835 XXVII.

365 919 551 966 QUOD
593 919 945 959 FELICITAS
987 920 1264 960 HUMANA
1302 920 1835 961 NON.CONSIST1T

568 1002 625 1041 IN
664 1001 1181 1040 DELECTATIONIBUS
1217 1002 1647 1041 CORPORALIBUS.

806 1111 926 1169 (I-II.
959 1117 1108 1170 quaest.
1136 1111 1211 1156 XI.
1239 1118 1320 1156 art.
1348 1112 1426 1170 6.).

209 1230 275 1275 Ex
295 1230 554 1290 praemissis
581 1240 732 1275 autem
767 1242 955 1290 apparet
991 1231 1112 1291 quod
1135 1230 1417 1290 impossibile
1445 1241 1512 1276 est
1536 1229 1802 1275 felicitatem
1826 1230 2081 1275 humanam

120 1298 367 1343 consistere
392 1298 439 1342 in
466 1298 840 1343 delectationibus
863 1299 1189 1357 corporalibus,
1204 1313 1394 1358 quarum
1413 1298 1683 1358 praecipuae
1701 1306 1805 1342 sunt
1825 1296 1872 1342 in
1898 1297 2008 1342 cibis
2037 1306 2082 1342 et

118 1365 338 1411 venereis.

210 1431 462 1477 Ostensum
489 1442 556 1477 est
581 1432 704 1476 enim
730 1433 792 1490 (c.
820 1430 913 1489 26.)
940 1432 1077 1491 quod,
1104 1432 1356 1476 secundum
1372 1442 1561 1476 naturae
1584 1430 1808 1484 ordinem,
1835 1429 2078 1475 delectatio

121 1508 189 1543 est
213 1509 396 1558 propter
421 1498 752 1557 operationem,
779 1509 824 1543 et
847 1513 941 1542 non
969 1513 993 1542 e
1027 1513 1265 1543 converso,
1293 1499 1342 1542 Si
1373 1499 1510 1557 igitur
1538 1498 1826 1556 operationes
1859 1511 1953 1540 non
1990 1495 2080 1541 fue-

118 1565 208 1610 rint
247 1565 432 1610 ultimus
458 1564 573 1620 finis,
615 1565 940 1610 delectationes
988 1574 1318 1624 consequentes
1346 1579 1421 1608 eas
1449 1579 1595 1623 neque
1623 1574 1727 1608 sunt
1751 1562 1937 1608 ultimus
1964 1561 2080 1618 finis,

118 1646 266 1691 neque
293 1632 656 1676 concomitantes
683 1632 896 1676 ultimum
922 1632 1075 1677 finem.
1106 1633 1299 1676 Constat
1332 1642 1484 1675 autem
1511 1630 1632 1690 quod
1660 1630 1948 1690 operationes
1968 1644 2079 1689 quas

117 1709 455 1758 consequuntur
479 1699 736 1757 praedictae
772 1699 1098 1743 delectationes
1137 1713 1232 1743 non
1273 1709 1377 1742 sunt
1414 1697 1600 1741 ultimus
1637 1696 1763 1751 finis;
1808 1697 2078 1741 ordinantur

119 1775 271 1811 autem
298 1765 354 1809 ad
380 1765 556 1824 aliquos
588 1765 700 1810 fines
726 1765 1007 1820 manifestos,
1039 1766 1156 1809 sicut
1193 1765 1417 1809 comestio
1453 1764 1508 1807 ad
1547 1765 1951 1808 conservationem
1985 1778 2081 1808 cor-

115 1833 254 1893 poris,
270 1833 416 1877 coitus
443 1844 595 1877 autem
624 1833 678 1876 ad
712 1833 1054 1891 generationem
1083 1831 1236 1891 prolis.
1263 1830 1607 1876 Delectationes
1635 1830 1772 1889 igitur
1798 1831 2077 1890 praemissae

117 1913 212 1945 non
243 1909 348 1944 sunt
370 1897 556 1944 ultimus
579 1898 696 1953 finis,
721 1914 869 1958 neque
895 1899 1107 1944 ultimum
1141 1898 1287 1943 finem
1307 1898 1685 1942 concomitante&
1711 1897 1819 1942 Non
1853 1908 1920 1942 est
1945 1897 2080 1956 igitur

117 1966 166 2012 in
189 1965 261 2011 his
287 1965 498 2025 ponenda
523 1965 729 2010 felicitas.

205 2033 398 2078 Adhuc:
431 2031 642 2077 voluntas
683 2043 750 2078 est
781 2033 988 2092 superior
1025 2046 1164 2093 quam
1208 2033 1429 2092 appetitus
1463 2032 1730 2087 sensitivus;
1762 2041 1920 2076 movet
1950 2031 2074 2076 enim

118 2100 282 2160 ipsum,
308 2099 423 2144 sicut
449 2101 652 2159 superius
677 2101 738 2159 (c.
767 2099 860 2158 25.)
887 2100 1058 2144 dictum
1086 2111 1166 2144 est.
1193 2100 1244 2144 In
1272 2111 1374 2144 actu
1403 2109 1555 2143 autem
1573 2098 1820 2143 voluntatis
1846 2113 1940 2142 non
1968 2113 2077 2143 con-

117 2166 234 2212 sistit
263 2165 469 2220 felicitas,
494 2169 610 2211 sicut
644 2167 738 2223 jam
764 2181 898 2226 supra
936 2168 996 2224 (c.
1019 2160 1117 2224 26.)‘
1147 2177 1382 2211 ostensum
1406 2176 1484 2211 est.
1514 2165 1662 2210 Multo
1693 2165 1832 2225 igitur
1857 2165 2008 2210 minus
2030 2166 2077 2210 in

117 2233 491 2279 delectationibus
518 2233 773 2291 praedictis,
801 2248 916 2292 quae
942 2243 1046 2278 sunt
1070 2234 1116 2277 in
1142 2234 1342 2293 appetitu
1367 2233 1600 2277 sensitivo.

203 2299 443 2360 Amplius:
483 2298 674 2344 felicitas
716 2311 784 2345 est
823 2301 1054 2360 quoddam
1085 2302 1261 2345 bonum
1292 2300 1494 2345 hominis
1527 2299 1786 2359 proprium;
1821 2314 1916 2344 non
1950 2299 2074 2344 enim

114 2367 245 2412 bruta
269 2376 460 2427 possunt
489 2366 578 2410 dici
608 2366 759 2411 felicia
784 2367 871 2411 nisi
898 2368 1094 2411 abusive.
1121 2367 1462 2412 Delectationes
1496 2377 1648 2411 autem
1672 2367 1948 2425 praemissae
1967 2376 2073 2412 sunt

112 2446 382 2479 communes
407 2433 668 2478 hominibus
701 2444 745 2478 et
768 2435 922 2478 brutis.
949 2434 1058 2478 Non
1080 2445 1147 2479 est
1171 2434 1307 2493 igitur
1328 2434 1374 2478 in
1398 2435 1461 2479 eis
1488 2434 1701 2493 ponenda
1726 2433 1932 2478 felicitas.

204 2500 339 2545 Item:
362 2497 547 2544 ultimus
572 2500 673 2545 finis
691 2511 759 2545 est
774 2501 1109 2546 nobilissimum
1137 2516 1297 2545 eorum
1324 2516 1439 2560 quae
1459 2502 1513 2545 ad
1540 2516 1638 2545 rem
1665 2500 1914 2560 pertinent3
1937 2501 2076 2545 habet

117 2567 237 2612 enim
265 2567 492 2611 rationem
519 2567 693 2625 optimi.
724 2567 820 2612 Hae
849 2578 1001 2612 autem
1028 2568 1358 2613 delectationes
1383 2582 1477 2612 non
1506 2568 1786 2612 conveniunt
1804 2569 1984 2611 homini
2011 2582 2076 2612 se-

117 2633 314 2679 cundum
333 2633 377 2678 id
396 2633 515 2692 quod
545 2644 611 2677 est
635 2633 972 2677 nobilissimum
999 2635 1044 2678 in
1071 2635 1185 2693 ipso,
1203 2635 1324 2693 quod
1349 2644 1416 2678 est
1432 2634 1701 2691 intellectus,
1723 2634 1802 2678 sed
1824 2635 2076 2695 secundum

117 2713 316 2745 sensum.
341 2699 449 2744 Non
476 2710 543 2744 est
568 2699 704 2758 igitur
730 2701 775 2743 in
800 2700 962 2744 talibus
987 2700 1363 2745 delectationibus
1389 2701 1601 2759 ponenda
1633 2700 1838 2745 felicitas.

207 2766 442 2826 Amplius:
469 2781 650 2810 summa
677 2766 894 2826 perfectio
922 2768 1123 2812 hominis
1149 2782 1247 2812 esse
1274 2782 1366 2811 non
1386 2779 1535 2825 potest
1561 2769 1607 2811 in
1634 2769 1723 2812 hoc
1751 2768 1873 2827 quod
1892 2768 2078 2826 conjun-

118 2832 238 2890 gitur
261 2833 393 2876 rebus
420 2847 467 2876 se
492 2833 792 2886 inferioribus,
819 2833 896 2877 sed
924 2848 1002 2892 per
1027 2834 1118 2877 hoc
1146 2835 1267 2893 quod
1303 2835 1593 2893 conjungitur
1636 2835 1771 2878 alicui
1804 2835 1868 2879 rei
1902 2835 2075 2889 altiori3

116 2897 220 2944 finis
244 2900 367 2944 enim
390 2909 459 2944 est
485 2900 648 2943 melior
675 2914 730 2943 eo
754 2901 876 2959 quod
902 2910 970 2944 est
997 2901 1051 2944 ad
1080 2900 1232 2945 finem.
1260 2901 1603 2945 Delectationes
1623 2912 1775 2946 autem
1798 2902 2075 2959 praemissae

119 2966 371 3010 consistunt
396 2966 441 3010 in
468 2966 557 3010 hoc
585 2967 706 3025 quod
732 2967 877 3010 homo
901 2968 1151 3011 secundum
1175 2982 1358 3012 sensum
1387 2969 1676 3044 conjungitur
1703 2969 1923 3027 aliquibus
1944 2983 1992 3013 se
2014 2969 2077 3012 in-

115 3031 368 3087 ferioribus,
394 3032 569 3077 scilicet
594 3033 879 3078 sensibilibus
906 3035 1189 3093 quibusdam.
1217 3035 1324 3078 Non
1351 3046 1419 3080 est
1448 3035 1585 3094 igitur
1615 3036 1661 3079 in
1688 3035 1852 3080 talibus
1884 3035 2078 3080 delecta-

114 3099 314 3143 tionibus
341 3098 533 3143 felicitas
559 3100 783 3158 ponenda.

205 3165 441 3225 Amplius:
465 3167 586 3225 quod
613 3181 707 3211 non
732 3177 800 3212 est
825 3168 996 3212 bonum
1023 3168 1109 3212 nisi
1136 3168 1387 3213 secundum
1414 3169 1536 3228 quod
1564 3179 1630 3213 est
1656 3169 1946 3213 moderatum
1979 3184 2075 3214 non

115 3242 183 3277 est
208 3233 458 3277 secundum
486 3247 533 3277 se
560 3234 746 3287 bonum,
789 3235 866 3279 sed
909 3235 1073 3294 accipit
1112 3236 1362 3280 bonitatem
1398 3251 1424 3279 a
1451 3237 1730 3280 moderante.
1766 3236 1888 3280 Usus
1921 3247 2072 3281 autem

112 3299 449 3359 praedictarum
468 3299 822 3346 delectationum
849 3316 942 3346 non
961 3313 1028 3346 est
1053 3303 1199 3346 bonus
1226 3303 1419 3356 homini,
1446 3303 1532 3346 nisi
1555 3304 1611 3347 sit
1634 3303 1918 3357 moderatus;
1947 3303 2075 3348 aliter

114 3366 238 3411 enim
269 3366 596 3412 delectationes
613 3382 661 3412 se
679 3369 877 3413 invicem
903 3369 1187 3428 impedirent.
1207 3370 1312 3414 Non
1341 3380 1445 3413 sunt
1470 3370 1606 3428 igitur
1632 3370 1719 3414 hae
1747 3370 2073 3415 delectationes

114 3433 369 3478 secundum
400 3448 449 3479 se
474 3434 647 3479 bonum
680 3434 894 3481 hominis.
923 3434 1062 3488 Quod
1091 3447 1243 3480 autem
1271 3446 1338 3480 est
1369 3451 1601 3481 summum
1629 3437 1817 3491 bonum,
1836 3447 1903 3481 est
1924 3453 2002 3497 per
2024 3451 2073 3482 se

114 3499 304 3555 bonum,
329 3500 436 3560 quia
461 3501 584 3560 quod
617 3515 696 3560 per
721 3516 769 3547 se
794 3502 966 3547 bonum
998 3513 1067 3547 est
1093 3503 1255 3547 melius
1282 3514 1349 3547 est
1370 3517 1425 3547 eo
1453 3503 1575 3563 quod
1603 3514 1670 3548 est
1693 3518 1772 3563 per
1806 3503 1941 3548 aliud.
1965 3504 2073 3549 Non

112 3576 219 3614 sunt
242 3567 379 3627 igitur
404 3566 518 3612 tales
551 3564 876 3614 delectationes
907 3583 1141 3614 summum
1168 3570 1369 3614 hominis
1401 3570 1588 3626 bonurn,
1616 3571 1738 3630 quod
1767 3581 1834 3614 est
1864 3570 2072 3617 felicitas.

205 3631 341 3679 Item:
368 3635 414 3679 in
441 3634 653 3679 omnibus
680 3649 794 3694 quae
821 3650 900 3695 per
926 3650 973 3681 se
1000 3636 1224 3690 dicuntur,
1250 3637 1454 3696 sequitur
1476 3637 1623 3696 magis
1642 3638 1698 3682 ad
1724 3639 1887 3697 magis,
1909 3638 1948 3683 si
1969 3638 2074 3684 sim-
