2332 3854
289 192 396 260 636
953 202 1108 241 mmm
1147 201 1219 239 1v.
1246 201 1380 239 CAP.
1420 199 1568 238 xmx.

290 315 358 350 est
389 319 687 364 consequens,
720 318 774 349 ex
804 304 894 348 hoc
927 302 1049 363 quod
1075 297 1279 347 Verbum
1307 311 1379 346 est
1409 302 1709 355 incarnatum,
1735 301 1857 360 quod
1888 314 1994 346 vere
2014 300 2154 386 Dens
2171 302 2242 347 sit
2319 326 2332 339 w

287 387 453 431 corpus
479 373 552 416 vel
578 373 717 416 virtus
744 373 790 414 in
813 384 1019 446 corpore,
1045 379 1095 413 ut
1119 370 1265 429 prima
1291 369 1406 413 ratio
1431 368 1889 428 procedebat..
2032 390 2034 405 ι
2170 389 2174 391 -

377 439 595 483 Similiter
612 440 746 483 etiam
759 452 852 481 non
871 437 1071 495 sequitur
1088 436 1209 494 quod
1234 435 1436 479 Verbum
1460 436 1516 479 sit
1532 433 1891 480 substantialiter
1898 407 2149 488 mutatum,
2160 449 2240 494 per

286 506 377 549 hoc
405 506 533 564 quod
552 515 761 548 naturam
788 504 1040 547 humanam
1067 502 1324 561 assumpsit.
1348 501 1487 545 Nulla
1518 502 1641 547 enim
1668 501 1860 545 mutatio
1886 501 1934 545 in
1957 502 2059 560 ipso
2078 499 2239 545 Verbo

290 571 378 615 Dei
403 572 521 615 facta
544 581 624 624 est,
657 570 734 614 sed
762 569 910 613 solum
939 570 985 612 in
1011 569 1213 612 humana
1238 577 1398 612 natura
1431 582 1546 626 quae
1573 577 1639 612 est
1665 582 1690 611 a
1709 566 1871 612 Verbo
1898 576 2150 626 assumpta
2166 580 2244 611 se

289 638 487 681 cundum
512 651 648 695 quam
674 635 893 711 competit
908 633 1061 679 Verbo
1089 645 1133 680 et
1160 644 1425 694 generatum
1451 647 1550 679 esse
1569 625 2136 716 temporaliteretnatum,
2145 646 2243 677 non

290 714 441 747 autem
469 703 718 747 secundum
745 703 958 760 seipsum.

379 769 517 820 Quod
536 769 674 812 etiam
699 768 831 812 tertio
858 767 1138 843 proponitur,
1170 767 1488 812 necessitatem
1513 780 1608 811 non
1633 767 1784 811 habet.
1817 766 2087 826 Hypostasis
2111 766 2243 811 enim

286 849 379 878 non
397 835 648 879 extenditur
670 845 794 878 extra
809 834 1029 878 terminos
1054 834 1175 878 illius
1206 844 1395 878 naturae
1413 848 1466 878 ex
1483 848 1572 893 qua
1597 833 1935 878 subsistentiam
1948 833 2110 878 habet.
2134 832 2244 879 Non
2321 819 2329 822 μ’

291 911 443 945 autem
466 901 669 945 Verbum
701 901 790 944 Dei
812 900 1148 945 subsistentiam
1169 900 1306 945 habet
1332 915 1387 945 ex
1411 911 1573 944 natura
1598 900 1816 956 humana,
1843 900 1922 945 sed
1947 901 2094 958 magis
2119 910 2245 944 natu-

288 982 387 1011 ram
413 968 664 1011 humanam
692 967 747 1011 ad
774 981 905 1012 suam
932 967 1269 1012 subsistentiam
1295 966 1378 1012 vel
1402 966 1775 1026 personalitatem
1799 965 1964 1021 trahit;
1989 980 2088 1011 non
2119 966 2243 1011 enim

289 1049 369 1093 per
394 1034 536 1088 illam,
563 1034 713 1078 sedin
735 1033 814 1077 illa
835 1034 1047 1078 subsistit.
1075 1034 1209 1078 Unde
1235 1022 1350 1078 nfhil
1375 1034 1585 1094 prohibet
1608 1033 1813 1078 Verbum
1829 1033 1918 1078 Dei
1944 1047 2042 1078 esse
2064 1032 2245 1093 ubique,

287 1100 395 1144 licet
419 1100 621 1144 humana
643 1110 801 1144 natura
831 1113 856 1143 a
880 1099 1036 1144 Verbo
1062 1100 1150 1145 Dei
1178 1110 1408 1159 assumpta
1429 1101 1595 1160 ubique
1620 1114 1714 1144 non
1741 1100 1810 1144 sit.
2325 1130 2332 1162 ,ᾗ

375 1167 442 1210 Ex
467 1166 559 1210 hoc
585 1166 722 1210 etiam
755 1165 946 1210 solvitur
978 1176 1203 1225 quartum.
1233 1166 1486 1225 Cujuslibet
1513 1167 1634 1210 enim
1661 1165 2034 1213 reisubsistentis
2066 1174 2246 1226 oportet
2323 1172 2332 1193 ἶ

289 1247 387 1278 esse
405 1247 545 1277 unam
571 1242 782 1278 naturam
808 1243 1000 1287 tantum,
1017 1247 1098 1292 per
1115 1247 1253 1292 quam
1272 1233 1535 1292 simpliciter
1551 1247 1650 1277 esse
1676 1233 1870 1288 habeat3
1893 1242 1937 1278 et
1961 1232 2027 1279 sic
2041 1230 2245 1277 Verbum
2320 1227 2332 1253 '⁵

287 1300 377 1343 Dei
402 1314 481 1358 per
507 1298 656 1344 solam
681 1309 893 1343 naturam
920 1300 1121 1343 divinam
1155 1296 1423 1359 simpliciter
1450 1313 1548 1343 esse
1574 1299 1725 1353 habet,
1751 1313 1845 1343 non
1879 1308 2032 1344 autem
2064 1312 2142 1358 per
2166 1298 2247 1342 hu-

289 1380 477 1410 manam
503 1376 727 1419 naturam,
755 1366 832 1410 sed
855 1380 934 1425 per
960 1379 1066 1410 eam
1090 1366 1228 1411 habet
1259 1366 1382 1425 quod
1413 1366 1473 1410 sit
1502 1366 1609 1420 hoc,
1641 1365 1817 1409 scilicet
1840 1364 2245 1424 'quod..³s‘it2homo.
2320 1398 2332 1426 ³2

381 1432 607 1484 Quintum
634 1434 771 1476 etiam
793 1432 983 1477 solvitur
1008 1446 1089 1492 per
1114 1433 1205 1476 hoc
1228 1433 1365 1477 idem.
1394 1431 1680 1491 Impossibile
1698 1433 1770 1476 est'
1789 1431 2247 1491 enim,;quod;mmra
2318 1430 2332 1475 Ξ

288 1513 368 1558 per
384 1513 522 1557 quam
542 1498 742 1542 Verbum
760 1499 959 1543 subsistit
976 1499 1033 1543 sit
1050 1498 1171 1542 aliud
1199 1514 1337 1558 quam
1362 1499 1458 1558 ipsa
1477 1513 1671 1557 persona
1687 1498 1841 1542 Verbi.
1855 1497 2247 1543 :Subsistitnutem

289 1579 369 1624 per
389 1574 598 1609 naturam
626 1565 841 1620 ἀίνὶἽοεῑῐη
866 1579 961 1609 non
989 1575 1144 1609 autem
1170 1579 1250 1625 per
1273 1575 1484 1610 naturam
1502 1565 1782 1619 humanam;
1804 1564 1886 1609 sed
1913 1578 2033 1610 eam
2024 1564 2107 1610 ad
2101 1577 2247 1610 suam

291 1632 626 1676 subsistentiam
648 1632 800 1686 trahit,
827 1642 876 1676 ut
900 1632 947 1675 in
975 1646 1028 1677 ea
1044 1632 1271 1687 subsistat,
1293 1642 1342 1676 ut
1358 1633 1531 1676 dictum
1557 1642 1637 1676 est.
1661 1631 1795 1676 Unde
1813 1636 1907 1676 non‘
1925 1636 2118 1691 oportet
2115 1630 2247 1691 quod

290 1709 450 1743 natura
471 1699 673 1742 humana
699 1699 756 1743 sit
780 1698 904 1743 idem
931 1699 1054 1758 quod
1086 1713 1281 1758 persona
1313 1692 1465 1743 Verbi.
2317 1695 2324 1730 3

379 1765 499 1810 Hinc
532 1765 670 1810 etiam
703 1765 956 1810 excluditur
987 1766 1032 1809 id
1066 1766 1188 1824 quod
1220 1776 1348 1810 sexto
1383 1765 1694 1824 objiciebatur.
1727 1764 2149 1824 Hyposoesis.›enim
2176 1772 2248 1809 est
2317 1770 2327 1825 j

291 1832 443 1876 minus
469 1831 662 1890 simplex
685 1832 760 1876 vel
785 1846 847 1886 re,
875 1832 949 1876 vel
979 1832 1228 1888 intellectu,
1255 1847 1393 1891 quam
1419 1842 1579 1876 natura
1604 1846 1684 1890 per
1702 1831 2169 1890 .›quamxconstitnitm
2185 1831 2246 1876 ffin
2320 1824 2323 1831 '

293 1913 416 1943 esse:
442 1912 490 1942 re
517 1898 715 1958 quidem,
737 1913 878 1958 quum
904 1899 1164 1958 hypostasis
1185 1913 1279 1944 non
1305 1900 1364 1943 sit
1387 1913 1469 1943 sua
1493 1908 1681 1953 natura;
1704 1897 1937 1943 intellectu
1960 1898 2246 1952 autem'sulo,
2318 1932 2331 1960 3

289 1965 335 2009 in
357 1965 446 2009 illis
471 1965 516 2008 in
543 1965 705 2024 quibus
729 1965 853 2009 idem
880 1976 948 2010 est
968 1966 1227 2025 hypostasis
1250 1976 1293 2011 et
1317 1974 1492 2010 natura.
1515 1965 1785 2024 Hypostasis
1811 1974 1962 2010 autem
1987 1964 2130 2009 Verbi
2150 1978 2246 2010 non

292 2032 576 2077 constituitur
601 2031 867 2091 simpliciter
898 2046 978 2091 per
1002 2033 1255 2077 humanam
1282 2042 1508 2086 naturam,
1531 2041 1581 2076 ut
1601 2046 1682 2091 per
1707 2045 1810 2076 eam
1836 2031 2124 2092 singem-per
2142 2035 2247 2076 eain

291 2098 443 2143 solum
467 2098 604 2142 habet
628 2098 832 2143 Verbum
865 2099 988 2158 quod
1020 2099 1078 2143 sit
1108 2100 1269 2143 homo.
1301 2099 1410 2143 Non
1440 2099 1579 2158 igitur
1608 2107 1791 2158 oportet
1816 2098 1944 2158 quud
1968 2107 2135 2143 natura
2163 2097 2249 2142 hu·-
2301 2111 2315 2157 ᾗς

289 2179 426 2209 mana
451 2165 508 2209 sit
531 2164 785 2223 simplicior
810 2179 949 2224 quam
978 2165 1271 2220 Verbum,·in
1293 2175 1518 2224 *quantum
1555 2175 1624 2210 est
1652 2165 1874 2220 Verbum,
1907 2164 2003 2210 sed
2012 2164 2247 2210 solum-:in

290 2243 511 2291 quantum
537 2241 604 2276 est
628 2232 704 2276 hic
724 2232 2026 2276 homo..
2310 2227 2317 2278 j

382 2299 449 2342 Ex
470 2312 560 2357 quo
579 2299 717 2343 etiam
734 2308 857 2357 patet
868 2298 1038 2343 solutio
1062 2299 1117 2342 ad
1135 2299 1179 2342 id
1203 2299 1324 2358 quod
1340 2270 1537 2357 septimo
1554 2298 1777 2357 objicitur.
1803 2298 1913 2343 Non
1921 2298 2057 2344 enim
2068 2302 2249 2358 oportet
2297 2333 2302 2339 .

293 2365 415 2425 quod
440 2365 700 2424 hypostasis
726 2366 816 2410 Dei
840 2365 980 2410 Verbi
1000 2365 1267 2424 simpliciter
1292 2367 1349 2410 sit
1374 2367 1618 2410 constituta
1638 2380 1720 2423 per
1744 2365 1982 2411 materiam
1994 2365 2246 2425 signatam,
2298 2389 2313 2415 ῃ,

292 2432 371 2476 sed
403 2431 590 2475 solum
565 2445 625 2475 1n
659 2442 879 2490 quantum
907 2442 975 2476 est
999 2433 1074 2476 hic
1106 2433 1277 2488 homo;
1310 2433 1374 2477 sic
1403 2432 1526 2477 enim
1552 2431 1703 2477 solum
1734 2446 1829 2492 pet
1839 2433 2113 2479 humanam
2121 2441 2249 2478 natu·-

291 2513 387 2543 ram
414 2498 714 2552 constituitur,
741 2508 790 2542 ut
821 2499 992 2543 dictum
1019 2509 2074 2544 est.

383 2564 524 2616 Quod
542 2574 695 2609 autem
712 2565 865 2609 anima
886 2566 1090 2610 humana
1112 2576 1155 2610 et
1182 2579 1348 2626 corpus
1362 2565 1410 2610 in
1435 2566 1620 2611 Christo
1635 2565 1695 2612 ad
1713 2565 2085 2625 personalitatem
2105 2539 2244 2610 Verbi
2291 2564 2310 2597 ἶ

295 2632 548 2686 trahuntur,
573 2646 668 2676 non
696 2634 1014 2677 constituentia
1033 2633 1232 2692 aliquam
1259 2647 1502 2692 personam
1520 2642 1696 2710 praeter
1716 2646 1963 2692 personam
1978 2631 2141 2688 Verbi,
2149 2644 2246 2677 non
2270 2660 2274 2666 ν-

293 2699 488 2757 pertinet
513 2699 568 2742 ad
592 2699 948 2744 minorationem
973 2701 1164 2754 virtutis,
1190 2710 1239 2744 ut
1265 2709 1428 2744 octava
1454 2700 1568 2744 ratio
1601 2699 1906 2759 procedebat,
1914 2699 2009 2744 sed-
2019 2699 2089 2745 ad
2104 2698 2247 2759 digni·-
2295 2693 2310 2714 ³

292 2775 434 2810 tatem
461 2768 701 2825 majorem.
729 2765 1101 2826 Unumquodque
1129 2767 1252 2811 enim
1278 2766 1441 2811 melius
1467 2781 1566 2811 esse
1592 2767 1744 2820 habet,
1770 2779 1912 2826 quum
1933 2778 2020 2811 suo
2040 2764 2243 2825 dignam

291 2833 457 2886 unitur,
484 2846 621 2891 quam
643 2847 785 2910 quum
811 2848 891 2892 per
915 2848 963 2878 se
991 2834 1175 2888 exsistit,
1202 2835 1319 2878 sicut
1344 2834 1498 2879 anima
1523 2833 1746 2878 sensibilis
1767 2833 1966 2878 nobilius
1990 2846 2090 2878 esse
2109 2832 2247 2881 hibet
2288 2862 2299 2884 ;

291 2901 339 2944 in
369 2900 558 2944 homine
592 2914 730 2959 quam
762 2901 808 2944 in
842 2899 940 2946 aliis
974 2900 1296 2956 animalibus,
1285 2914 1332 2945 m
1357 2900 1529 2961 {quibus
1554 2910 1630 2945 =est
1662 2899 1812 2945 forma
1844 2899 2120 2960 principalis,
2147 2912 2252 2945 non.

292 2974 446 3010 tamen
472 2967 517 3010 in
543 2966 745 3012 homine.
2280 2967 2317 3027 ζ.

383 3034 500 3078 Hinc
529 3034 665 3078 etiam
692 3034 881 3079 solvitur
918 3035 1040 3094 quod
1072 3035 1199 3080 nouo
1239 3035 1546 3094 objiciebatur.
1579 3035 1632 3079 In
1671 3034 1859 3080 Christo
1887 3034 2010 3079 enim
2034 3047 2140 3079 vere
2164 3032 2248 3078 fuit

293 3101 409 3145 haec
434 3102 586 3145 anima
612 3111 655 3146 et
679 3102 770 3146 hoc
799 3116 977 3161 corpus,
1010 3117 1104 3148 non
1130 3113 1285 3148 tamen
1317 3117 1371 3147 ex
1402 3102 1468 3148 eis
1501 3102 1744 3148 constituta
1776 3112 1845 3147 est
1868 3115 2062 3162 persona
2094 3100 2246 3161 aliqua

293 3178 469 3227 praeter
486 3182 728 3226 personam
751 3168 890 3213 Verbi
907 3170 1008 3223 Dei,
1026 3170 1131 3229 quia
1148 3180 1252 3214 sunt
1269 3169 1324 3213 ad
1342 3169 1714 3228 personalitatem
1728 3169 1819 3214 Dei
1833 3167 1973 3214 Verbi
1992 3177 2246 3227 assumpta;
2285 3181 2306 3232 s,

293 3235 409 3279 sicut
436 3246 480 3280 et
505 3249 684 3295 corpus,
711 3251 852 3296 quum
879 3246 947 3281 est
972 3237 1068 3282 sine
1101 3236 1268 3292 anima,
1299 3236 1531 3296 propriam
1564 3236 1766 3297 speciem
1797 3235 1956 3292 habeis
1980 3234 2075 3291 sed,
2105 3246 2247 3295 ςῑιἈρ

294 3302 445 3345 unitur
471 3303 665 3356 animae,
692 3303 745 3347 ab
773 3317 827 3347 ea
853 3303 1054 3363 speciem
1081 3305 1279 3348 sortitur.

385 3369 449 3413 Ex
474 3370 565 3414 hoc
593 3370 730 3415 etiam
758 3370 948 3415 solvitur
971 3370 1095 3430 quod
1122 3370 1303 3415 decimo
1330 3370 1680 3430 proponebatur.
1706 3366 2246 3419 Manifestumiewe‘nim
2274 3368 2299 3415 ’ἴ
2324 3391 2330 3406 1

296 3436 418 3495 quod
444 3437 518 3480 hic
544 3437 704 3491 homo,
732 3438 809 3496 qui
841 3447 908 3482 est
941 3437 1164 3491 Christus,
1197 3437 1447 3482 substantia
1479 3436 1705 3496 quaedam
1737 3448 1942 3494 esua'non
1963 3428 2246 3490 ninivensem

296 3502 374 3546 sed
391 3502 695 3560 particularis3
723 3516 768 3548 et
787 3504 1047 3564 hypostasis
1065 3503 1288 3564 quaedam
1317 3513 1398 3559 est,
1423 3516 1518 3548 non
1542 3513 1699 3548 tamen
1726 3501 2246 3564 aliahypomisuuam

294 3567 553 3628 hypostasis
574 3570 736 3616 Verbi:
764 3571 871 3630 quia
891 3571 1094 3616 humana
1119 3580 1276 3616 natura
1306 3570 1365 3616 ab
1395 3570 1631 3630 hypostasi
1661 3567 1803 3615 Verbi
1818 3569 2059 3628 «assumpta
2085 3566 2332 3623 „gffigsyz
