2332 3854
275 209 378 276 156
929 221 1085 261 LIBER
1124 221 1181 260 11.
1226 222 1347 261 CAP.
1388 221 1558 262 xxxn.

354 323 544 368 Adhuc:
573 338 714 383 quum
734 324 914 369 bonitas
932 324 1083 369 divina
1098 324 1429 383 perfectissima
1454 325 1525 380 sit,
1541 339 1634 370 non
1650 325 1741 371 hoc
1759 325 1902 371 modo
1921 325 2083 370 dicitur
2103 326 2228 387 quod

242 391 424 439 ‚omnia
450 406 475 435 a
501 392 604 435 Deo
631 402 951 451 processerunt
976 402 1160 450 propter
1185 392 1436 437 bonitatem
1465 394 1561 452 ejus
1587 403 1637 437 ut
1662 393 1705 438 ei
1731 393 1899 452 aliquid
1931 407 1985 437 ex
2011 394 2227 438 creaturis

267 468 560 512 accresceret,
579 459 657 502 sed
675 459 780 517 quia
805 459 1021 502 bonitatis
1040 468 1107 502 est
1128 468 1178 502 ut
1193 459 1391 518 seipsam
1409 460 1736 513 communicet,
1755 470 1890 518 prout
1907 458 2123 518 possibile
2145 470 2227 514 est,

264 525 311 568 in
338 539 429 584 quo
455 526 634 570 bonitas
661 525 987 569 manifestatur.
1019 525 1178 577 Quum
1206 535 1358 570 autem
1386 526 1542 570 omnia
1563 527 1816 571 bonitatem
1839 526 1928 570 Dei
1959 526 2230 586 participent

265 592 312 635 in
339 603 558 651 quantum
585 593 754 636 habent
781 606 893 645 esse,
920 592 1173 636 secundum
1201 592 1323 651 quod
1350 593 1632 637 diuturniora
1658 602 1776 647 sunt,
1803 593 1952 652 magis
1972 593 2225 637 bonitatem

264 659 352 703 Dei
374 660 666 717 participant3
689 659 808 702 unde
836 668 880 702 et
906 672 1004 703 esse
1022 669 1292 718 perpetuum
1315 660 1482 719 speciei
1504 660 1667 704 dicitur
1689 660 1892 703 divinum
1911 673 2024 704 esse.
2041 659 2228 709 Bonitas

266 735 419 770 autem
446 727 596 770 divina
622 726 796 769 infinita
825 734 904 770 est.
931 726 1038 784 Ejus
1060 726 1198 785 igitur
1223 737 1291 771 est
1315 738 1365 771 ut
1390 741 1438 771 se
1464 727 1510 770 in
1536 726 1764 771 infinitum
1787 726 2118 781 communicet,
2130 740 2226 771 non

267 793 419 852 aliquo
447 794 748 837 determinato
776 803 981 852 tempore
1008 803 1200 838 tantum.
1220 795 1322 839 Hoc
1339 794 1476 853 igitur
1491 795 1668 839 videtur
1685 794 1741 839 ad
1758 794 1959 839 divinam
1975 793 2228 840 bonitatem

266 862 490 919 pertinere
522 871 570 904 ut
604 870 836 905 creaturae
865 861 1043 920 aliquae
1070 862 1124 905 ab
1153 871 1339 907 aeterno
1365 861 1544 906 fuerint.

356 929 482 972 Haec
510 928 645 986 igitur
671 937 776 972 sunt
801 942 854 972 ex
880 938 1007 988 parte
1033 929 1123 973 Dei
1149 939 1352 989 accepta,
1378 944 1459 989 per
1490 943 1606 989 quae
1638 929 1816 974 videtur
1842 930 1965 989 quod
1997 937 2228 975 creaturae

265 1010 447 1055 semper
467 995 647 1040 fuerint.

969 1151 1224 1208 CAPUT
1265 1153 1534 1210 XXXIII.

563 1286 837 1327 RATIONES
878 1288 950 1325 Ex
990 1289 1165 1328 PARTE
1206 1288 1612 1328 CREATURARUM
1652 1288 1923 1329 SUMPTAE.

356 1397 472 1442 Sunt
498 1407 650 1442 autem
677 1406 720 1442 et
753 1397 839 1442 alia
867 1412 920 1443 ex
952 1408 1078 1457 parte
1112 1409 1419 1444 creaturarum
1454 1409 1655 1459 accepta,
1689 1413 1805 1459 quae
1835 1399 1958 1444 idem
1990 1398 2229 1458 ostendere

266 1464 490 1509 videntur.

357 1531 491 1584 Quae
517 1531 641 1576 enim
666 1546 761 1576 non
776 1532 948 1577 habent
963 1533 1216 1592 potentiam
1236 1533 1290 1578 ad
1313 1548 1407 1579 non
1426 1547 1524 1579 esse
1537 1532 1820 1593 impossibile
1842 1542 1911 1579 est
1929 1547 1983 1579 ea
2003 1547 2100 1579 non
2115 1546 2228 1580 esse.

268 1599 511 1652 Quaedam
540 1609 692 1643 autem
719 1600 885 1644 suntin
914 1601 1129 1644 creaturis
1147 1600 1195 1645 in
1212 1601 1373 1660 quibus
1394 1615 1488 1645 non
1507 1610 1574 1645 est
1590 1601 1794 1660 potentia
1812 1600 1868 1645 ad
1881 1613 2094 1646 non-esse
2107 1615 2119 1645 t
2134 1613 2229 1646 non

266 1667 390 1711 enim
416 1675 566 1724 potest
591 1680 690 1710 esse
713 1667 916 1725 potentia
935 1667 990 1710 ad
1015 1681 1228 1712 non-esse
1254 1668 1341 1712 nisi
1366 1668 1412 1711 in
1430 1668 1518 1712 illis
1540 1661 1655 1727 quae
1673 1667 1843 1712 habent
1862 1668 2100 1713 materiam
2125 1682 2230 1713 con-

264 1733 483 1777 trarietati
509 1733 759 1790 subjectam
775 1749 785 1788 ;
803 1735 1055 1793 potentiam
1083 1735 1205 1779 enim
1234 1735 1289 1778 ad
1316 1749 1414 1779 esse
1441 1745 1486 1779 et
1506 1749 1716 1779 non-esse
1744 1745 1811 1779 est
1836 1736 2038 1795 potentia
2064 1735 2121 1780 ad
2145 1737 2231 1795 pri·

265 1801 501 1845 vationem
527 1810 572 1845 et
601 1799 816 1855 formam,
842 1815 1039 1859 quorum
1065 1802 1320 1860 subjectum
1346 1812 1413 1846 est
1438 1803 1651 1856 materia3
1683 1802 1876 1860 privatio
1908 1816 2018 1847 vero
2050 1808 2231 1861 semper

269 1868 528 1927 adjungitur
558 1867 736 1911 formae
769 1869 1047 1922 contrariae,
1080 1883 1222 1927 quum
1254 1868 1537 1927 impossibile
1570 1869 1627 1912 sit
1658 1869 1896 1914 materiam
1930 1882 2028 1914 esse
2062 1869 2230 1928 absque

269 1935 398 1979 omni
423 1934 585 1978 forma.
611 1934 701 1979 Sed
729 1934 954 1993 quaedam
982 1945 1216 1980 creaturae
1243 1946 1360 1989 sunt,
1387 1936 1433 1979 in
1460 1935 1620 1994 quibus
1647 1949 1742 1980 non
1761 1945 1829 1980 est
1849 1935 2040 1980 materia
2057 1946 2233 1981 contra-

267 2002 415 2046 rietati
435 2002 653 2060 subjecta,
678 2001 752 2045 vel
778 2002 883 2060 quia
909 2003 1101 2046 omnino
1128 2016 1221 2046 non
1247 2003 1417 2047 habent
1442 2004 1698 2057 materiam,
1724 2003 1841 2047 sicut
1865 2003 2143 2048 substantiae
2166 2003 2231 2047 in-

264 2068 561 2123 tellectuales,
588 2078 637 2112 ut
661 2068 776 2112 infra
802 2070 863 2128 (c.
888 2069 976 2127 50.)
993 2069 1272 2124 ostendetur,
1289 2069 1363 2113 vel
1389 2070 1495 2129 quia
1510 2084 1605 2114 non
1621 2069 1792 2114 habent
1808 2070 2102 2124 contrarium,
2114 2070 2231 2115 sicut

266 2150 460 2195 corpora
487 2135 718 2190 coelestia,
752 2137 874 2194 quod
908 2150 1070 2181 eorum
1103 2147 1255 2181 motus
1288 2137 1500 2191 ostendit,
1534 2137 1611 2196 qui
1643 2137 1923 2182 contrarium
1953 2151 2048 2182 non
2078 2137 2230 2182 habet.

267 2203 506 2256 Quasdam
532 2203 668 2262 igitur
695 2213 922 2248 creaturas
946 2203 1228 2264 impossibile
1256 2214 1324 2249 est
1347 2219 1441 2249 non
1466 2219 1563 2249 esse
1578 2220 1590 2260 ;
1608 2219 1718 2264 ergo
1737 2219 1813 2250 eas
1830 2219 2018 2251 necesse
2034 2214 2102 2251 est
2116 2218 2232 2251 sem-

264 2285 344 2330 per
371 2285 483 2315 esse.

354 2338 495 2382 Item:
522 2351 821 2397 unaquaeque
843 2352 914 2383 res
939 2348 1116 2383 tantum
1144 2338 1274 2383 durat
1298 2339 1345 2382 in
1367 2353 1466 2383 esse
1493 2349 1661 2398 quanta
1683 2349 1752 2384 est
1771 2353 1854 2383 sua
1877 2339 2019 2384 virtus
2037 2340 2230 2396 essendi,

263 2405 353 2450 nisi
377 2419 457 2465 per
486 2405 712 2459 accidens,
746 2405 862 2451 sicut
886 2406 933 2449 in
960 2406 1030 2450 his
1062 2420 1178 2464 quae
1211 2406 1437 2450 violenter
1469 2416 1832 2465 corrumpuntur.
1876 2406 1968 2452 Sed
2003 2407 2230 2467 quaedam

266 2483 498 2517 creaturae
525 2482 642 2526 sunt,
665 2472 825 2531 quibus
853 2473 971 2517 inest
995 2474 1134 2517 virtus
1162 2474 1341 2517 essendi
1357 2487 1452 2518 non
1470 2474 1525 2517 ad
1544 2473 1728 2533 aliquod
1746 2474 2100 2519 determinatum
2117 2483 2231 2520 tem-

264 2554 363 2598 pus,
390 2540 469 2584 sed
497 2540 553 2584 ad
578 2554 759 2599 semper
786 2540 1044 2595 essendum,
1066 2540 1183 2584 sicut
1215 2554 1410 2599 corpora
1443 2540 1660 2585 coelestia
1692 2549 1734 2585 et
1762 2540 2095 2587 intellectuales
2125 2542 2230 2587 sub-

265 2607 480 2661 stantiae;
498 2607 857 2666 incorruptibilia
875 2608 997 2651 enim
1014 2617 1131 2662 sunt,
1149 2622 1288 2666 quum
1308 2609 1586 2652 contrarium
1603 2622 1697 2652 non
1714 2608 1927 2653 habeant.
1943 2607 2230 2668 Relinquitur

263 2675 401 2732 igitur
427 2674 549 2733 quod
577 2675 640 2718 eis
669 2675 889 2733 competit
914 2689 1095 2734 semper
1115 2689 1229 2719 esse.
1252 2674 1393 2727 Quod
1420 2680 1573 2721 autern
1605 2675 1764 2735 incipit
1795 2690 1894 2720 esse
1924 2690 2019 2720 non
2050 2689 2231 2736 semper

265 2752 344 2787 est.
372 2742 448 2787 Eis
476 2756 585 2801 ergo
613 2756 706 2786 non
734 2743 954 2801 competit
980 2753 1029 2787 ut
1055 2757 1152 2788 esse
1179 2743 1409 2802 incipiant.

354 2809 545 2854 Adhuc:
574 2809 957 2868 quandocumque
985 2809 1153 2869 aliquid
1181 2811 1235 2854 de
1262 2825 1385 2855 novo
1412 2811 1571 2870 incipit
1583 2811 1775 2866 moveri,
1794 2821 1974 2871 oportet
1993 2811 2116 2871 quod
2133 2824 2230 2856 mo-

263 2891 375 2921 vens
400 2875 474 2920 vel
499 2886 678 2920 motum
706 2875 779 2921 vel
804 2886 1046 2936 utrumque
1070 2877 1199 2921 aliter
1224 2892 1271 2922 se
1297 2878 1435 2922 habet
1459 2893 1579 2923 nunc
1607 2878 1789 2937 quando
1817 2888 1884 2923 est
1905 2888 2071 2935 motus,
2090 2892 2228 2938 quam

264 2944 387 3003 prius
414 2944 596 3003 quando
629 2957 724 2987 non
751 2953 846 2987 erat
869 2935 1042 2999 motus;
1076 2955 1143 2989 est
1175 2945 1298 2989 enim
1328 2945 1547 2989 habitudo
1579 2945 1653 2989 vel
1684 2945 1845 2990 relatio
1878 2946 2103 3005 quaedam
2134 2959 2231 2991 mo·

263 3011 409 3055 ventis
438 3011 493 3055 ad
519 3020 713 3065 motum,
740 3011 991 3055 secundum
1019 3012 1141 3070 quod
1169 3022 1235 3056 est
1262 3027 1454 3057 movens
1477 3023 1605 3057 actu:
1631 3012 1791 3064 relatio
1819 3023 1970 3058 autem
1997 3026 2119 3058 nova
2133 3026 2229 3058 non

263 3079 422 3139 incipit
446 3079 543 3123 sine
570 3078 822 3122 mutatione
850 3079 1081 3138 utriusque
1107 3080 1180 3123 vel
1207 3079 1389 3124 alterius
1422 3079 1584 3124 saltem
1611 3090 1932 3125 extremorum.

356 3146 496 3198 Quod
525 3156 677 3190 autem
705 3145 835 3190 aliter
872 3160 920 3191 se
957 3146 1095 3190 habet
1120 3161 1240 3190 nunc
1269 3161 1407 3206 quam
1444 3148 1579 3207 prius,
1613 3158 1846 3205 movetur:
1884 3161 1996 3208 ergo
2029 3157 2224 3207 oportet,

266 3224 369 3259 ante
392 3225 570 3258 motum
596 3214 672 3273 qui
699 3214 754 3259 de
778 3228 902 3258 novo
926 3214 1097 3273 incipit,
1126 3214 1266 3258 alium
1294 3225 1474 3258 motum
1501 3216 1769 3273 praecedere
1791 3215 1838 3259 in
1869 3214 2046 3269 mobili,
2077 3213 2152 3259 vel
2174 3215 2222 3259 in

267 3291 498 3326 movente.
520 3281 717 3340 Oportet
739 3282 875 3340 igitur
893 3282 1015 3340 quod
1033 3280 1221 3339 quilibet
1238 3291 1390 3326 motus
1407 3281 1482 3326 vel
1498 3282 1555 3326 sit
1574 3292 1798 3337 aeternus,
1810 3280 1885 3327 vel
1899 3281 2067 3327 habeat
2088 3280 2228 3328 alium

270 3359 449 3393 motum
474 3359 577 3392 ante
604 3363 676 3403 se;
701 3360 854 3393 motus
880 3348 1017 3407 igitur
1043 3362 1224 3407 semper
1249 3347 1360 3402 fuit;
1395 3363 1506 3408 ergo
1540 3359 1584 3394 et
1608 3349 1811 3404 mobilia,
1832 3359 1877 3394 et
1897 3349 1962 3394 sic
1994 3359 2228 3395 creaturae

267 3430 448 3475 semper
473 3415 666 3460 fuerunt.
685 3416 811 3461 Deus
835 3415 959 3460 enim
981 3415 1173 3461 omnino
1195 3414 1446 3461 immobilis
1470 3427 1550 3471 est,
1568 3426 1616 3460 ut
1636 3416 1683 3461 in
1700 3416 1850 3476 primo
1869 3416 1931 3475 (e.
1959 3415 2047 3476 13.)
2083 3425 2230 3463 osten-

267 3497 369 3527 sum
397 3492 479 3527 est.

356 3548 619 3596 Praeterea:
642 3563 781 3613 omne
808 3564 948 3611 agens
974 3550 1097 3611 quod
1119 3559 1307 3611 generat
1331 3549 1416 3596 sibi
1441 3549 1604 3607 simile,
1626 3549 1821 3596 intendit
1835 3561 2107 3597 conservare
2129 3561 2228 3596 esse

266 3626 536 3678 perpetuum
562 3616 609 3662 in
635 3617 802 3677 specie,
829 3617 952 3679 quod
977 3630 1072 3663 non
1094 3627 1243 3679 potest
1269 3626 1488 3678 perpetuo
1516 3616 1778 3663 conservari
1801 3617 1849 3664 in
1869 3615 2127 3674 individu03
2147 3615 2229 3664 im·
