2332 3854
261 234 370 305 428
927 249 1081 287 LmER
1120 247 1198 286 111.
1239 247 1360 287 CAP.
1400 247 1550 287 xcrv.

261 350 419 394 omnia
435 349 582 395 futura
595 363 650 394 ex
664 349 934 395 necessitate
961 348 1187 392 eveniant.
1215 347 1266 391 Si
1283 348 1406 393 enim
1429 347 1617 407 quilibet
1641 347 1828 394 effectus
1849 349 2016 394 habeat
2031 363 2219 396 causam

260 429 341 474 per
357 430 420 470 se,
433 415 665 475 quodlibet
680 415 881 459 futurum
899 415 982 458 erit
993 414 1209 459 reducere
1221 414 1268 458 in
1287 413 1486 474 aliquam
1505 428 1689 459 causam
1702 415 2082 474 praesentem,vel
2097 430 2221 476 prae·

258 483 464 536 teritam3
496 483 613 526 sicut
638 483 676 526 si
698 491 939 540 quaeratur
964 480 1019 524 de
1037 479 1206 539 aliquo,
1222 491 1375 526 utrum
1401 481 1762 526 sit-occidendus
1789 495 1815 525 a
1846 481 2113 537 latronibus,
2138 483 2221 527 hu-

262 548 464 606 jusmodi
497 548 684 592 effectus
715 547 921 606 procedit
946 561 971 591 a
998 561 1150 601 causa,
1177 560 1370 591 occursu
1392 546 1801 592 latronum.-Hunc
1825 557 1979 592 autem
2004 546 2220 593 effectum

260 616 424 659 iterum
458 614 688 672 praecedit
721 613 809 656 alia
836 627 987 667 causa,
1013 612 1189 657 scilicet
1213 614 1336 673 quod
1366 613 1463 672 ipse
1498 614 1635 658 exivit
1660 614 1874 658 domurn:
1901 614 2026 659 hunc
2066 624 2221 661 autem

262 682 410 725 adhuc
429 681 531 734 alia,
549 680 671 738 quod
688 679 785 723 vult
802 693 1018 738 quaerere
1036 693 1229 739 aquam;
1256 694 1395 739 quam
1411 680 1596 739 quidem
1622 681 1853 738 praecedit
1873 693 2025 734 causa,
2046 680 2223 726 scilicet

266 748 384 791 sitis:
414 757 459 791 et
496 747 611 790 haec
640 755 850 790 causatur
882 760 937 790 ex
975 747 1262 791 comestione
1288 745 1530 801 salsorum,
1556 760 1673 805 quae
1698 748 1793 806 jam
1826 757 1909 802 est,
1937 747 2011 792 vel
2041 746 2140 792 fuit.
2172 747 2222 792 Si

264 828 391 872 ergo,
418 827 555 856 causa
581 813 743 871 posita,
775 826 963 858 necesse
980 823 1048 858 est
1065 813 1278 858 effectum
1308 813 1433 873 poni,
1463 826 1652 858 necesse
1674 823 1756 867 est,
1797 814 1835 858 si
1860 813 2065 859 comedit
2088 813 2222 869 salsa,

262 880 385 938 quod
407 879 551 933 sitiat3
580 889 623 923 et
639 880 677 923 si
693 880 797 933 sitit,
825 879 948 938 quod
963 879 1075 924 velit
1101 894 1317 939 quaerere
1334 895 1520 939 aquam;
1548 890 1593 924 et
1618 882 1655 925 si
1679 880 1777 925 vult
1801 895 2018 940 quaerere
2038 895 2222 941 aquam,

262 947 383 1005 quod
403 956 533 990 exeat
549 946 766 1000 domum;
784 956 829 990 et
845 946 884 990 si
902 946 993 990 exit
1010 946 1201 991 domum
1192 947 1357 1013 quod
1377 955 1619 994 occurrant
1634 946 1676 990 ei
1697 946 1918 1002 latrones3
1940 957 1987 992 et
2010 948 2060 992 si
2065 961 2220 992 occur-

263 1023 380 1066 runt,
399 1013 520 1071 quod
539 982 787 1057 occidatur.
806 1012 928 1071 Ergo
947 1013 1002 1057 de
1019 1013 1169 1071 primo
1187 981 1244 1057 ad
1257 1013 1470 1057 ultimum
1486 1027 1672 1057 necesse
1686 1024 1754 1057 est
1767 1013 1890 1058 hunc
1903 1014 2220 1058 comedentem

265 1080 383 1124 salsa
402 1095 427 1123 a
445 1079 695 1124 latronibus
718 1080 883 1124 occidi.
910 1079 1159 1124 Concludit
1183 1094 1295 1139 ergo
1321 1079 1631 1139 Philosophus
1656 1093 1751 1123 non
1778 1093 1877 1124 esse
1897 1094 2057 1125 verum
2083 1081 2224 1140 quod,

261 1149 408 1206 posita
425 1162 576 1202 causa,
597 1162 787 1192 necesse
812 1147 868 1191 sit
890 1146 1104 1193 effectum
1130 1147 1254 1206 poni,
1272 1147 1378 1206 quia
1400 1147 1578 1206 aliquae
1595 1160 1760 1191 causae
1777 1155 1882 1190 sunt
1896 1161 2013 1206 quae
2030 1156 2221 1206 possunt

265 1215 472 1260 deficere.
489 1216 653 1274 Neque
679 1215 847 1259 iterum
862 1229 1023 1259 verum
1042 1224 1110 1259 est
1135 1215 1257 1273 quod
1284 1214 1436 1259 omnis
1462 1213 1649 1258 effectus
1665 1214 1832 1258 habeat
1848 1227 1927 1273 per
1957 1227 2007 1258 se
2023 1227 2225 1269 causam,

263 1284 367 1342 quia
393 1283 516 1341 quod
543 1292 611 1326 est
636 1296 715 1341 per
743 1282 968 1336 accidens,
991 1281 1166 1326 scilicet
1186 1282 1326 1326 istum
1350 1281 1584 1325 volentem
1612 1295 1780 1339 aquam
1805 1294 2039 1340 quaerere,
2060 1294 2222 1326 occur·

265 1364 363 1394 rere
396 1350 662 1403 latronibus,
687 1364 783 1394 non
809 1349 948 1394 habet
974 1349 1175 1408 aliquam
1203 1362 1403 1392 causam.
1437 1347 1503 1390 Ex
1533 1348 1622 1391 hac
1650 1357 1802 1391 autem
1825 1346 2005 1392 ratione
2025 1357 2226 1407 apparet,

265 1418 387 1476 quod
414 1431 575 1461 omnes
609 1416 796 1461 effectus
824 1417 902 1475 qui
934 1416 1210 1460 reducuntur
1234 1416 1281 1459 in
1308 1415 1508 1473 aliquam
1537 1428 1724 1458 causam
1750 1428 1832 1473 per
1861 1427 1911 1458 se
1937 1423 2225 1473 praesentem

263 1486 338 1529 vel
364 1486 671 1545 praeteritam,
699 1501 787 1545 qua
812 1485 959 1545 posita
991 1499 1180 1529 necesse
1206 1485 1262 1529 sit
1289 1483 1504 1528 effectum
1530 1484 1656 1542 poni,
1683 1497 1737 1528 ex
1762 1483 2033 1528 necessitate
2055 1483 2228 1528 contin-

264 1563 389 1611 gunt.
416 1552 505 1596 Vel
531 1567 642 1611 ergo
669 1562 850 1611 oportet
881 1552 1046 1605 dicere,
1080 1551 1202 1610 quod
1233 1564 1328 1594 non
1362 1564 1523 1594 omnes
1556 1549 1744 1594 effectus
1777 1549 1957 1594 divinae
1988 1549 2228 1609 providen-

262 1620 352 1663 tiae
379 1619 642 1673 subdantur,
669 1629 714 1663 et
738 1620 802 1663 sic
829 1619 1114 1677 providentia
1131 1632 1226 1662 non
1253 1627 1320 1662 est
1345 1617 1401 1661 de
1429 1617 1656 1670 omnibus,
1684 1616 1807 1676 quod
1832 1617 1956 1676 prius
1980 1616 2064 1661 fuit
2080 1626 2229 1665 osten-

264 1701 390 1740 sum;
422 1686 496 1730 vel
523 1685 646 1745 quod
671 1700 766 1730 non
799 1695 866 1730 est
889 1685 1200 1730 necessarium
1226 1694 1288 1739 ut,
1314 1684 1600 1743 providentia
1620 1684 1783 1743 posita,
1817 1683 2005 1728 effectus
2036 1684 2133 1742 ejus
2149 1696 2229 1743 po-

262 1758 450 1807 nantur3
483 1763 528 1797 et
558 1753 621 1797 sic
650 1752 935 1811 providentia
956 1766 1051 1796 non
1077 1762 1145 1796 est
1166 1761 1303 1805 certa,
1326 1760 1404 1795 aut
1429 1761 1496 1795 est
1520 1751 1829 1795 necessarium
1847 1751 1971 1809 quod
1992 1751 2150 1795 omnia
2171 1763 2226 1795 ex

262 1820 532 1863 necessitate
555 1819 835 1877 contingant.
862 1818 1154 1862 Providentia
1177 1817 1299 1861 enim
1320 1831 1415 1861 non
1436 1816 1588 1861 solum
1615 1817 1743 1862 estin
1759 1817 1987 1876 praesenti
2001 1826 2225 1876 tempore,

262 1885 336 1930 vel
367 1886 629 1945 praeterito,
662 1886 740 1930 sed
768 1895 968 1938 aeterno,
995 1885 1101 1943 quia
1125 1883 1240 1927 nihil
1273 1894 1423 1942 potest
1454 1897 1552 1928 esse
1578 1884 1626 1928 in
1650 1884 1754 1928 Deo
1781 1897 1874 1932 non
1901 1893 2150 1928 aeternum.

354 1953 543 1996 Adhuc:
572 1953 611 1996 si
636 1953 789 1997 divina
821 1952 1106 2011 providentia
1132 1961 1200 1995 est
1226 1961 1363 2004 certa,
1389 1961 1569 2009 oportet
1589 1951 1708 1994 hanc
1736 1949 2095 1995 conditionalem
2125 1964 2225 1996 esse

264 2034 446 2064 veram:
475 2020 512 2063 si
532 2020 659 2063 Deus
685 2019 882 2078 providit
903 2019 1009 2072 hoc,
1035 2019 1126 2062 hoc
1150 2018 1247 2062 erit.
1264 2018 1410 2075 Hujus
1433 2027 1587 2061 autem
1606 2016 1926 2061 conditionalis
1949 2017 2224 2062 antecedens

263 2096 333 2131 est
348 2086 673 2140 necessarium,
691 2086 796 2145 quia
815 2096 883 2130 est
900 2094 1150 2138 aeternum,
1169 2098 1279 2142 ergo
1298 2098 1584 2143 consequens
1602 2093 1670 2128 est
1685 2083 2008 2128 necessarium.
2031 2083 2227 2143 Oportet

263 2153 387 2197 enim
405 2154 556 2197 omnis
584 2152 905 2197 conditionalis
938 2166 1223 2211 consequens
1248 2165 1347 2205 esse
1363 2151 1687 2205 necessarium,
1714 2152 1844 2210 cujus
1869 2151 2144 2196 antecedens
2160 2161 2228 2196 est

264 2221 591 2274 necessarium,
619 2230 663 2264 et
689 2220 791 2264 ideo
815 2233 1100 2278 consequens
1122 2229 1190 2262 est
1214 2219 1332 2262 sicut
1358 2217 1594 2262 conclusio
1629 2218 1952 2262 antecedentis.
1988 2217 2224 2277 Quidquid

263 2297 417 2331 autem
450 2302 506 2331 ex
545 2289 805 2331 necessario
832 2286 1034 2345 sequitur
1072 2294 1252 2345 oportet
1284 2299 1382 2329 esse
1408 2285 1731 2328 necessarium.
1765 2284 2152 2344 Sequitur‘igitur,
2185 2285 2224 2329 si

263 2354 415 2398 divina
441 2354 724 2412 providentia
752 2363 820 2398 est
845 2363 981 2407 certa,
1005 2354 1126 2411 quod
1145 2352 1302 2396 omnia
1329 2366 1382 2395 ex
1413 2352 1683 2396 necessitate
1709 2351 1993 2410 proveniant.

352 2421 590 2479 Amplius:
618 2421 656 2464 si
683 2420 851 2479 aliquid
885 2430 951 2463 est
977 2420 1211 2478 provisum
1245 2433 1270 2462 a
1291 2419 1410 2472 Deo,
1429 2428 1544 2477 -puta
1578 2419 1701 2477 quod
1725 2417 1827 2462 talis
1853 2418 1912 2462 sit
1940 2429 2224 2478 regnaturus,

265 2498 342 2532 aut
367 2501 479 2545 ergo
506 2487 721 2545 possibile
749 2496 817 2531 est
835 2487 957 2545 quod
982 2500 1076 2530 non
1103 2495 1275 2543 regnet,
1295 2497 1372 2529 aut
1395 2499 1503 2528 non.
1530 2485 1579 2544 Si
1595 2485 1779 2543 quidem
1804 2499 1899 2529 non
1916 2495 1985 2530 est
2009 2486 2225 2544 possibile

263 2556 414 2613 ipsum
446 2568 540 2598 non
572 2569 780 2613 regnare,
806 2567 916 2612 ergo
943 2553 1224 2611 impossibile
1252 2562 1318 2596 est
1337 2553 1486 2610 ipsum
1512 2565 1607 2595 non
1629 2566 1846 2610 regnare3
1873 2566 1983 2611 ergo
2015 2566 2228 2597 necessa-

265 2622 382 2665 rium
417 2631 484 2665 est
524 2635 628 2666 eum
666 2635 871 2678 regnare.
917 2620 967 2664 Si
1010 2630 1162 2663 autern
1189 2618 1402 2677 possibile
1430 2627 1499 2662 est
1525 2632 1629 2662 eum
1656 2632 1751 2662 non
1782 2632 1987 2677 regnare,
2021 2618 2227 2678 possibili

267 2699 417 2732 autem
443 2689 594 2747 posito
625 2702 720 2732 non
747 2687 947 2746 sequitur
974 2686 1142 2745 aliquid
1168 2685 1464 2744 impossibile,
1497 2685 1698 2743 sequitur
1720 2694 1874 2729 autem
1900 2685 2101 2730 divinam
2126 2699 2227 2745 pro-

265 2755 514 2799 videntiam
534 2754 750 2808 deficere3
768 2768 862 2798 non
880 2764 948 2798 est
963 2754 1100 2812 igitur
1124 2751 1408 2811 impossibile
1430 2752 1631 2795 divinam
1658 2751 1992 2810 providentiam
2017 2751 2224 2797 deficere.

266 2822 360 2866 Aut
391 2822 528 2880 igitur
560 2831 754 2880 oportet,
787 2821 824 2864 si
856 2821 1013 2868 omnia
1049 2820 1138 2863 sint
1163 2819 1344 2878 provisa
1377 2833 1403 2862 a
1434 2818 1553 2872 Deo,
1586 2818 1709 2877 quod
1750 2818 1903 2863 divina
1927 2818 2227 2879 providentia·

267 2903 360 2932 non
395 2890 451 2932 sit
483 2899 619 2942 certa,
648 2899 722 2932 aut
754 2888 875 2946 quod
904 2887 1060 2931 omnia
1087 2901 1141 2930 ex
1167 2887 1439 2931 necessitate
1468 2885 1691 2930 eveniant.

292 3009 294 3011 Ι
356 2955 495 3000 Item:
535 2965 876 3013 argumentatur
913 2956 976 2998 sic
1016 2952 1195 2996 Tullius
1232 2953 1278 2995 in
1311 2937 1513 2996 secundo
1546 2953 1617 2995 De
1654 2952 1932 2996 divinatione
1963 2952 2024 3010 (c.
2058 2952 2147 3009 8..)
2175 2951 2226 2997 Si

270 3022 425 3065 omnia
454 3036 478 3065 a
510 3022 613 3065 Deo
641 3022 822 3079 provisa
849 3031 967 3073 sunt,
996 3027 1144 3064 certus
1179 3029 1246 3063 est
1272 3020 1383 3062 ordo
1419 3033 1673 3062 causarum.
1699 3018 1748 3062 Si
1775 3029 1928 3062 autem
1954 3019 2043 3063 hoc
2065 3032 2223 3063 verum

268 3098 349 3141 est,
383 3088 539 3131 omnia
564 3086 658 3131 fato
693 3097 901 3145 aguntur.
932 3086 1072 3138 Quod
1112 3086 1149 3129 si
1182 3086 1337 3130 omnia
1373 3084 1467 3129 fato
1497 3095 1705 3142 aguntur,
1737 3084 1852 3128 nihil
1883 3095 1951 3129 est
1991 3085 2038 3129 in
2069 3095 2225 3131 nostra
2292 3085 2313 3100 *⁵

267 3164 504 3212 potestate.
523 3154 713 3198 Nullum
732 3164 799 3198 est
816 3167 926 3212 ergo
954 3152 1198 3197 voluntatis
1226 3153 1471 3196 arbitrium.
1501 3152 1714 3211 Sequitur
1740 3152 1877 3210 igitur
1897 3152 2020 3211 quod
2040 3151 2226 3197 tollatur
2298 3168 2310 3203 ς

267 3220 460 3264 liberum
495 3221 727 3264 arbitrium
762 3222 795 3264 si
825 3220 977 3264 divina
1010 3219 1294 3278 providentia
1327 3218 1383 3262 sit
1406 3229 1543 3272 certa,
1571 3228 1615 3263 et
1641 3218 1806 3263 eodem
1840 3218 1981 3263 modo
2014 3229 2227 3305 sequetur
2299 3211 2313 3252 ’ἔ

267 3288 388 3346 quod
417 3301 578 3331 omnes
606 3302 770 3331 causae
805 3288 1120 3344 contingentes
1147 3285 1377 3330 tollantur.
2108 3314 2111 3316 <

355 3354 618 3399 Praeterea:
647 3355 797 3398 divina
815 3353 1098 3412 providentia
1117 3367 1276 3397 causas
1295 3352 1467 3396 medias
1486 3366 1579 3395 non
1598 3351 1810 3406 excludit,
1828 3361 1876 3397 ut
1896 3365 2032 3412 supra
2047 3356 2110 3411 (c.
2128 3354 2224 3412 77.)

269 3430 503 3464 ostensum
531 3430 610 3465 est.
643 3421 765 3465 Inter
791 3435 950 3465 causas
978 3430 1130 3464 autem
1158 3429 1263 3464 sunt
1295 3419 1471 3477 aliquae
1500 3421 1832 3478 contingentes,
1858 3429 1903 3464 et
1927 3418 2123 3464 deficere
2149 3433 2227 3470 vn-

267 3485 423 3531 lentes.
452 3487 661 3532 Deficere
685 3487 820 3545 igitur
836 3497 986 3546 potest
1012 3486 1323 3546 providentiae
1350 3484 1552 3531 effectus.
1578 3485 1686 3531 Non
1711 3495 1780 3530 est
1809 3485 1947 3545 igitur
1969 3485 2059 3531 nei
2079 3485 2225 3546 provi·

268 3553 419 3596 dentia
446 3563 582 3597 certa.

358 3619 557 3679 Oportet
589 3630 742 3665 autem
775 3620 830 3664 ad
853 3620 1022 3665 horum
1049 3619 1328 3665 solutionem
1353 3618 1503 3679 aliqua
1528 3628 1731 3679 repetere
1758 3632 1812 3664 ex
1836 3618 1908 3664 his
1938 3630 2057 3678 quae
2087 3630 2248 3678 supra

2323 3440 2329 3461 'c

2320 3466 2330 3489 ἦ

2320 3626 2326 3634 x,

2306 3483 2332 3670 ὲ

2305 3674 2321 3687 -ι
