2332 3854
280 237 389 291 430
942 232 1098 270 IJIBER
1130 231 1212 268 2111.
1254 230 1375 268 CAP.
1406 229 1556 269 XCIV.

279 337 563 397 particularis
596 336 771 395 agentis
804 344 848 379 et
874 332 1154 378 universalis.
1187 332 1310 377 Nam
1334 331 1612 391 particulare
1634 347 1778 393 ‘agens
1798 334 1948 378 *tendit
1973 334 2030 378 ad
2047 334 2235 379 bouum

280 407 419 464 partis
446 403 667 458 absolute,
685 413 729 447 et
754 402 861 445 facit
878 414 981 444 earn
998 407 1168 458 quanto
1195 398 1436 443 meliorem
1452 409 1624 459 potest:
1646 399 1902 445 universale
1925 405 2078 445 autem
2096 412 2235 460 agens

281 472 424 516 tendit
451 471 506 515 ad
532 472 705 514 bonurn
731 469 892 512 totius:
927 466 1047 510 unde
1079 465 1243 524 aliquis
1275 465 1476 511 defectus
1504 476 1576 511 est
1606 477 1783 526 praeter
1813 468 2121 512 intentionem
2136 480 2238 527 par-

281 538 481 583 ticularis
523 536 712 595 agentis,
747 535 823 592 qui
865 544 932 577 est
966 533 1218 576 secundum
1259 533 1559 577 intentionem
1597 534 1770 592 agentis
1806 533 2088 588 universalis,
2112 535 2239 579 sicut

280 614 404 663 patet
430 603 550 662 quod
585 601 818 660 generatio
850 599 1050 643 feminae
1083 607 1151 643 est
1171 609 1347 658 praeter
1367 600 1669 644 intentionem
1709 608 1905 644 naturae
1936 599 2236 660 particfflris,

281 672 325 717 id
353 681 419 715 est
444 671 576 727 hujus
602 667 775 711 virtutis
802 681 918 724 quae
946 675 1012 710 est
1042 666 1089 710 in
1122 666 1213 710 hoc
1247 666 1435 720 semine,
1467 681 1583 726 quae
1611 667 1667 711 ad
1691 667 1783 710 hoc
1809 667 1953 712 tendit
1983 666 2235 728 quodfssper-

282 738 404 782 ficiat
431 744 706 793 conceptum
732 742 903 792 quanto
923 733 1071 791 magis
1096 742 1261 792 potest.
1286 734 1367 777 Est
1392 745 1545 778 autem
1571 733 1627 777 de
1653 734 1905 778 intentione
1930 743 2120 779 naturae
2140 735 2236 778 uni-

282 802 485 856 versalis,
511 801 555 844 id
580 811 646 844 est
670 800 846 843 virtutis
872 799 1140 844 universalis
1163 800 1338 858 agentis
1361 800 1419 844 ad
1436 801 1783 858 generationem
1807 799 2092 856 inferiorum,
2114 801 2238 861 quod

291 869 462 914 femina
495 877 748 925 generetur,
782 866 878 910 sine
916 880 1005 925 qua
1042 867 1275 925 generatio
1308 866 1559 910 multorum
1592 867 1860 911 animalium
1891 866 2115 927 compleri
2137 881 2239 913 non

282 945 450 994 posset.
482 934 539 978 Et
571 934 735 978 eodem
768 933 911 977 modo
946 933 1192 992 corruptio,
1223 942 1267 977 et
1303 933 1561 987 diminutio,
1594 944 1640 978 et
1669 934 1822 978 omnis
1853 933 2054 979 defectus
2083 944 2153 979 est
2182 935 2240 979 de

282 1002 535 1046 intentione
567 1010 756 1044 naturae
788 999 1070 1054 universalis,
1102 1013 1196 1044 non
1229 1009 1382 1044 autem
1413 1009 1602 1044 naturae
1634 1000 1940 1059 particularis;
1965 1013 2075 1045 nam
2107 1014 2240 1060 quae-

282 1069 392 1113 libet
417 1082 487 1112 res
503 1067 620 1126 fugit
636 1066 878 1120 defectum,
895 1066 1038 1110 tendit
1058 1080 1169 1110 vero
1196 1066 1252 1110 ad
1278 1065 1609 1125 perfectionem
1635 1077 1858 1126 quantum
1873 1067 1922 1111 in
1947 1077 2089 1112 seest.
2110 1068 2242 1112 Patet

283 1151 393 1195 ergo
428 1135 551 1194 quod
578 1137 633 1179 de
659 1134 912 1179 intentione
939 1148 1023 1193 age
1033 1135 1122 1179 ntis
1146 1133 1430 1193 particularis
1458 1145 1524 1178 est
1550 1135 1671 1193 quod
1698 1134 1886 1180 effectus
1909 1149 2020 1179 suus
2046 1134 2127 1180 fiat
2143 1149 2243 1195 per-

282 1203 427 1248 fectus
454 1212 876 1261 quantumcumque
901 1211 1053 1259 potest
1076 1201 1123 1244 in
1155 1215 1322 1259 genere
1354 1214 1462 1255 suo;
1495 1201 1551 1245 de
1582 1202 1835 1247 intentione
1866 1211 2022 1247 autem
2051 1210 2241 1247 naturae

283 1269 551 1326 universalis
584 1278 665 1322 est,
693 1268 814 1328 quod
846 1268 922 1312 hic
951 1267 1137 1312 effectus
1165 1267 1243 1311 fiat
1274 1267 1500 1327 perfectus
1532 1268 1612 1312 tali
1643 1268 1936 1327 perfectione,
1961 1278 2071 1327 puta
2094 1267 2243 1333 perfe-

286 1337 437 1381 ctione
479 1335 688 1390 masculi,
724 1335 802 1380 ille
836 1345 989 1379 autem
1024 1334 1304 1394 perfectione
1341 1334 1552 1379 feminae.
1586 1337 1709 1381 Inter
1744 1347 1895 1395 partes
1921 1344 2072 1382 autem
2097 1337 2242 1382 *otius

286 1404 483 1448 universi
510 1403 657 1462 prima
673 1402 925 1447 differentia
948 1411 1134 1461 apparet
1155 1401 1407 1446 secundum
1434 1403 1719 1462 contingens,
1747 1413 1791 1448 et
1814 1405 2138 1449 necessarium.
2161 1404 2243 1449 Su-

288 1471 467 1530 periora
495 1471 619 1515 enim
644 1471 690 1514 in
717 1470 894 1514 entibus
921 1479 1024 1513 sunt
1047 1469 1320 1522 necessaria,
1353 1479 1398 1513 et
1427 1469 1802 1528 incorruptibilia,
1834 1479 1877 1515 et
1901 1469 2185 1526 immobilia'3
2218 1485 2245 1515 a

287 1552 375 1596 qua
408 1537 592 1596 quidem
616 1537 880 1581 conditione
897 1545 1025 1580 tanto
1051 1536 1198 1595 magis
1226 1535 1454 1591 deficiunt,
1482 1546 1652 1595 quanto
1674 1537 1722 1580 in
1746 1537 1950 1582 inferiori
1974 1537 2118 1597 gradu
2139 1551 2245 1583 con-

286 1607 544 1656 stituuntur,
575 1604 637 1648 ita
672 1603 795 1663 quod
827 1603 986 1647 infima
1019 1613 1371 1662 corrumpuntur
1403 1604 1590 1662 quidem
1631 1614 1854 1663 quantum
1886 1604 1941 1648 ad
1968 1617 2068 1649 esse
2094 1612 2244 1659 suum,

286 1682 528 1716 moventur
558 1685 668 1715 vero
701 1681 923 1730 quantum
951 1671 1004 1714 ad
1038 1684 1141 1714 suas
1168 1670 1509 1729 dispositiones:
1537 1684 1644 1715 suos
1677 1671 1815 1715 etiam
1847 1670 2035 1717 effectus
2060 1672 2243 1717 non-de

282 1739 575 1792 necessitate,
615 1738 695 1782 sed
728 1739 1044 1796 contingenter
1079 1737 1349 1796 producunt.
1393 1737 1646 1789 Quodlibet
1675 1738 1812 1797 igitur
1846 1750 1986 1798 agens
2022 1738 2145 1798 quod
2170 1733 2246 1784 est

287 1820 391 1865 pars
424 1805 622 1849 universi
655 1804 847 1848 intendit
877 1814 1099 1863 quantum
1130 1813 1281 1863 potest
1316 1804 1363 1847 in
1390 1818 1473 1847 suo
1501 1817 1614 1858 esse,
1642 1815 1686 1848 et
1724 1805 1919 1849 naturali
1945 1804 2243 1865 disposffione

286 1872 541 1931 persistere,
568 1881 613 1916 et
643 1885 776 1916 suum
803 1870 1004 1915 stabilire
1030 1870 1267 1926 effectum;
1300 1871 1427 1915 Deus
1455 1880 1624 1925 autem,
1650 1872 1728 1930 qui
1761 1881 1830 1916 est
1856 1872 2059 1917 universi
2073 1872 2245 1931 *guber-

281 1949 435 1992 nator,
462 1938 655 1983 intendit
686 1938 809 1996 quod
835 1936 1081 1981 effectuum
1115 1939 1210 1996 ejus
1243 1937 1320 1981 hic
1352 1937 1537 1996 quidem
1564 1938 1814 1982 stabiliatur
1838 1949 1919 1996 per
1949 1938 2140 1983 modum
2161 1953 2245 1985 ›ne-
2317 1938 2332 1996 j·

290 2005 526 2059 cessitatiS,
565 2005 642 2048 hic
686 2014 838 2048 autem
881 2005 1214 2062 contingenter,
1258 2014 1304 2048 et
1342 2004 1594 2048 secundum
1630 2005 1722 2048 hoc
1748 2005 1956 2050 diversas
1991 2005 2245 2053 eissscausas

287 2073 495 2131 adaptat3
526 2071 598 2116 his
629 2072 815 2130 quidem
847 2071 1143 2125 necessarias,
1170 2070 1241 2115 his
1274 2080 1427 2114 autem
1461 2072 1792 2130 contingentes.
1821 2071 1965 2117 <Cadit
1994 2072 2134 2132 igitur
2162 2073 2244 2117 su'b

288 2139 447 2184 ordine
474 2139 653 2183 divinae
679 2138 993 2196 providentiae
1018 2152 1115 2182 non
1140 2137 1292 2182 solum
1317 2138 1441 2182 hunc
1474 2137 1688 2191 effectum
1715 2151 1834 2193 esse,
1859 2139 1946 2184 'sed
1978 2139 2103 2184 hunc
2131 2138 2246 2185 effe·

289 2217 413 2252 ctum
436 2219 534 2250 esse
552 2205 883 2263 contingenter,
903 2204 1043 2249 alium
1070 2215 1222 2249 autem
1244 2204 1531 2260 necessari03
1559 2215 1602 2249 et
1628 2206 1882 2250 secundum
1906 2206 1998 2252 ho'c
2021 2208 2247 2269 quaedam
2290 2235 2291 2238 =

287 2287 449 2318 eorum
476 2286 594 2331 quae
623 2272 801 2316 divinae
827 2271 1141 2331 providentiae
1167 2272 1419 2316 subduntur
1444 2282 1547 2316 sunt
1571 2273 1844 2328 necessaria,
1868 2274 2102 2334 quaedam
2133 2284 2245 2320 vero
2304 2272 2321 2326 ῗζ

285 2341 612 2398 contingentia,
639 2353 734 2383 non
762 2349 915 2383 autem
948 2339 1106 2382 omnia
1131 2339 1401 2383 necessaria.

378 2407 512 2451 Patet
538 2420 648 2465 ergo
676 2406 815 2465 quod,
842 2406 927 2450 etsi
958 2406 1110 2449 divina
1141 2405 1425 2464 providentia
1457 2415 1524 2450 est
1549 2420 1628 2464 per
1659 2420 1708 2451 se
1733 2421 1875 2452 causa«
1896 2406 2248 2467 hujuseffec‘t‘us
2304 2394 2332 2462 4

286 2473 437 2528 futuri,
470 2470 614 2518 etiam'
636 2483 703 2517 est
732 2473 982 2531 praesentis
1016 2483 1060 2517 et
1085 2473 1327 2530 praeteriti,
1362 2473 1509 2531 magis
1543 2483 1696 2517 autem
1723 2474 1777 2518 ab
1812 2485 2021 2530 aeter-nm
2052 2489 2148 2520 non
2179 2486 2247 2521 ta·

288 2555 397 2585 men
429 2540 644 2599 sequitur,
670 2549 719 2590 ut
744 2540 891 2598 prima
924 2540 1040 2583 ratio
1071 2540 1361 2598 procedebat,
1393 2540 1516 2599 quod
1549 2539 1736 2585 effectus
1768 2543 1851 2587 iste
1877 2542 1935 2587 sit
1966 2542 2022 2587 de
2046 2543 2248 2588 necessi-
2301 2575 2308 2596 .;

286 2618 378 2653 tate
401 2607 599 2652 futurus:
634 2617 702 2651 est
727 2607 850 2651 enim
874 2607 1026 2650 divina
1051 2607 1336 2665 providentia
1362 2621 1442 2666 per
1468 2621 1516 2651 se
1535 2621 1672 2651 causa
1686 2608 1810 2667 quod
1830 2602 1911 2654 hic
1928 2609 2126 2655 effectus
2135 2620 2246 2682 con-

285 2675 512 2734 tingenter
537 2674 791 2732 proveniat,
819 2682 862 2717 et
887 2674 978 2717 hoc
1007 2673 1175 2717 cassari
1199 2686 1294 2717 non
1320 2683 1484 2732 potest.

376 2741 442 2785 Ex
468 2755 559 2800 quo
592 2742 731 2785 etiam
765 2749 889 2800 patet
915 2740 1037 2799 quod
1063 2740 1179 2784 haec
1207 2740 1528 2785 conditionalis
1572 2751 1639 2786 est
1673 2756 1805 2787 vera:
1836 2743 1885 2788 si
1898 2742 2037 2789 Deus
2044 2743 2249 2804 provi&

286 2809 378 2853 hoc
403 2808 620 2863 futurum,
646 2809 739 2852 hoc
772 2808 879 2862 erit;
916 2808 1033 2852 sicut
1068 2807 1270 2852 secunda
1306 2808 1421 2853 ratio
1459 2809 1746 2868 procedebat.
1782 2809 1874 2855 Sed
1905 2810 1976 2858 ‘sic
2017 2811 2101 2855 'e'rit
2128 2812 2249 2857 'sicut
2295 2807 2332 2872 ‚j

286 2876 414 2920 Deus
441 2875 638 2934 providit
663 2874 775 2919 illud
803 2889 901 2919 esse
926 2874 1154 2929 futurum3
1182 2875 1380 2933 providit
1406 2886 1560 2921 autem
1584 2876 1696 2920 illud
1723 2891 1821 2922 esse
1846 2876 2048 2923 futurum
2074 2879 2248 2924 contin-

284 2952 469 3020 genter;
511 2942 714 3001 sequitur
752 2956 863 3001 ergo
904 2940 1200 2986 infallibiliter
1241 2942 1363 3002 quod
1398 2944 1482 2988 erit
1521 2943 1856 3002 contingenter,
1882 2953 1935 2990 et
1959 2950 2054 2990 non
2086 2957 2248 2992 neces-

289 3011 425 3055 sario.

377 3077 509 3122 Patet
535 3077 674 3121 etiam
701 3076 824 3136 quod
849 3076 939 3121 hoc
963 3076 1085 3136 quod
1101 3076 1284 3136 ponitur
1306 3090 1404 3122 esse
1420 3077 1654 3137 provisum
1673 3092 1698 3121 a
1714 3077 1818 3123 Deo
1833 3087 1885 3123 ut
1903 3078 1962 3124 sit
1975 3077 2249 3134 futurum,si
2306 3122 2315 3134 .-

288 3144 346 3189 sit
370 3144 426 3189 de
461 3158 627 3203 genere
654 3143 1031 3202 contingentium,
1064 3144 1229 3203 poterit
1259 3158 1354 3188 non
1387 3158 1486 3189 esse
1519 3145 1772 3189 secundum
1803 3160 1851 3191 se
1880 3146 2246 3192 consideratum-z

288 3211 352 3256 sic
376 3211 499 3256 enim
526 3210 761 3270 provisum
787 3220 854 3255 est
875 3220 924 3255 ut
949 3210 1006 3255 sit
1022 3208 1307 3269 contingens,
1325 3221 1487 3288 potens
1503 3225 1596 3256 non
1620 3225 1731 3256 esse.
1749 3208 1857 3257 Non
1881 3220 2038 3258 tamen
2054 3217 2247 3274 θηρω-
2288 3208 2311 3236 '³

289 3278 418 3324 sibile
446 3278 567 3337 quod
595 3278 708 3323 ordo
734 3277 1048 3337 providentiae
1075 3277 1256 3322 deficiat
1272 3278 1380 3337 quin
1399 3279 1715 3338 contingenter
1732 3279 1926 3325 eveniat.
1953 3280 2011 3325 Et
2029 3279 2105 3325 sic
2114 3279 2247 3326 &tia
2286 3272 2314 3326 αἶ’
2329 3305 2332 3332 2

289 3346 403 3391 ratio
430 3345 632 3390 solvitur.
662 3345 795 3390 Unde
822 3354 972 3404 potest
998 3347 1107 3404 poni
1132 3346 1255 3404 quod
1282 3345 1366 3390 iste
1391 3359 1486 3389 non
1517 3346 1574 3390 sit
1606 3354 1888 3404 regnaturus,
1919 3347 1977 3391 si
1985 3346 2244 3393 secunduli!

288 3427 337 3458 se
364 3412 698 3465 consideretur;
729 3426 825 3457 non
852 3422 1004 3456 autem
1033 3412 1070 3456 si
1096 3411 1409 3457 consideretur
1434 3422 1482 3456 ut
1507 3415 1756 3472 provisum.
2193 3435 2195 3437 ·

378 3478 496 3523 Illud
524 3479 662 3523 etiam
689 3479 811 3538 quod
839 3477 1019 3523 Tullius
1046 3479 1215 3538 objicit,
1239 3479 1491 3524 secundum
1516 3480 1766 3539 praemissa
1796 3426 2020 3538 frivolaria,
2043 3484 2244 3540 apparet.
2284 3478 2313 3543 ,gs

289 3545 413 3590 Cum
446 3545 569 3590 enim
608 3545 786 3590 divinae
827 3545 1142 3605 providentiae
1167 3559 1262 3590 non
1294 3545 1446 3591 solum
1479 3546 1726 3591 subdantur
1752 3545 2072 3606 -e‘ffectuss-‘sed
2100 3546 2245 3593 'etiam
2290 3542 2295 3558 *

291 3625 471 3667 causae,
497 3622 542 3658 et
567 3612 695 3658 modi
721 3613 912 3669 essendi,
939 3613 1056 3658 sicut
1092 3626 1147 3658 ex
1177 3613 1440 3673 praemissis
1464 3615 1527 3673 (c.
1570 3626 1640 3672 77.
1673 3624 1719 3659 et
1749 3614 1868 3674 seq.)
1886 3617 2030 3674 patet,
2051 3623 2150 3660 ὀοο
2170 3615 2246 3660 ’ξεῖ
