2332 3854
848 230 1003 270 LIBER
1043 230 1078 268 1.
1121 230 1244 268 CAP.
1285 228 1376 267 XX.
2024 228 2090 282 25

134 344 344 394 tempore
369 333 561 387 infinito,
587 332 694 392 quia
719 341 872 377 motus
904 332 1077 391 primus
1109 341 1178 377 est
1209 330 1538 390 sempiternus3
1574 344 1686 389 ergo
1723 331 1927 389 potentia
1962 330 2099 389 primi

136 401 328 447 motoris
361 410 429 445 est
458 399 645 444 infinita.
673 399 827 444 Prima
860 399 926 443 sic
963 399 1200 458 probatur:
1242 398 1292 442 Si
1328 397 1478 456 aliqua
1514 398 1714 455 potentia
1747 397 1873 441 finita
1907 397 2096 455 alicujus

136 468 340 526 corporis
361 477 518 512 movet
537 477 744 526 ternpore
766 465 957 519 infinit0‚
975 480 1078 524 pars
1095 465 1215 509 illius
1233 460 1453 523 corporis,
1470 464 1643 507 habens
1660 473 1834 523 partem
1853 464 2098 522 potentiae,

136 534 340 579 movebit
363 535 410 578 in
435 544 641 592 tempore
658 532 848 586 minori3
876 532 995 590 quia,
1013 542 1183 591 quanto
1201 531 1371 591 aliquid
1394 540 1461 575 est
1486 531 1674 589 majoris
1700 530 1946 589 potentiae,
1968 539 2096 574 tanto

135 601 184 645 in
211 601 375 659 majori
399 611 606 659 tempore
634 609 814 644 motum
840 598 1108 643 continuare
1134 599 1323 658 poterit3
1350 608 1395 642 et
1419 597 1483 642 sic
1510 612 1613 656 pars
1640 597 1871 656 praedicta
1897 596 2101 640 movebit

135 677 343 726 tempore
370 667 511 711 finito.
540 667 685 725 Major
712 675 866 710 autem
892 679 995 724 pars
1022 666 1067 709 in
1094 665 1259 723 maiori
1284 675 1492 723 tempore
1520 677 1709 708 movere
1734 663 1923 722 poterit3
1958 672 2001 706 et
2033 663 2098 707 sic

136 747 329 792 semper,
352 734 604 779 secundum
630 732 752 792 quod
786 733 975 777 addetur
1002 732 1056 775 ad
1084 732 1336 789 potentiam
1369 732 1576 784 motoris,
1610 730 1799 774 addetur
1831 730 1887 773 ad
1918 740 2099 789 tempus

135 800 385 845 secundum
413 799 625 844 eamdem
652 798 1009 858 proportionem.
1038 798 1129 842 Sed
1157 798 1327 842 additio
1355 797 1748 857 aliquoties'facta
1779 797 2012 855 perveniet
2045 797 2100 840 ad

135 866 432 926 quantitatem
458 866 596 911 totius
622 866 694 910 vel
722 866 860 910 etiam
883 865 1094 918 excedet;
1122 879 1232 924 ergo
1261 875 1305 909 et
1332 865 1503 909 additio
1531 879 1583 908 ex
1609 874 1735 924 parte
1759 864 1982 923 temporis
2005 878 2099 923 per·

135 933 288 978 veniet
312 934 368 978 ad
394 933 693 992 quantitatem
719 933 954 991 temporis,
980 932 1027 976 in
1045 947 1136 991 quo
1163 942 1320 976 movet
1344 943 1508 976 totum.
1529 931 1734 991 Tempus
1752 939 1920 985 autem,
1938 931 1986 974 in
2008 945 2099 989 quo

137 1009 286 1044 toturn
303 1000 530 1054 movebat,
543 1000 775 1044 dicebatur
791 1014 889 1044 esse
907 999 1156 1054 infinitum;
1175 1013 1285 1058 ergo
1304 1009 1485 1058 tempus
1502 998 1680 1043 finitum
1694 998 1907 1043 metietur
1921 1006 2101 1057 tempus

137 1065 384 1121 infinitum3
410 1066 533 1125 quod
560 1077 628 1111 est
650 1066 950 1126 impossibile.

227 1133 318 1179 Sed
344 1141 504 1179 contra
528 1134 650 1178 hunc
676 1148 947 1193 processum
972 1133 1124 1193 plures
1150 1143 1255 1179 sunt
1277 1134 1586 1192 objectiones:

229 1200 439 1254 Quarum
465 1215 555 1245 una
582 1211 675 1246 est:
701 1202 808 1260 quia
834 1211 984 1260 potest
1009 1202 1134 1260 poni,
1160 1202 1283 1260 quod
1315 1201 1429 1245 illud
1462 1215 1643 1260 corpus,
1669 1201 1793 1260 quod
1824 1209 1983 1245 movet
2015 1199 2101 1260 pri-

139 1281 269 1312 mum
304 1277 500 1322 motum,
527 1282 621 1312 non
653 1278 722 1312 est
746 1267 984 1321 divisibile,
1011 1268 1127 1312 sicut
1152 1278 1275 1327 patet
1311 1269 1367 1312 de
1401 1282 1592 1326 corpore
1626 1267 1836 1323 coelesti;
1869 1266 2102 1326 praedicta

140 1344 294 1380 autem
319 1335 526 1394 probatio
554 1335 760 1394 procedit
785 1350 841 1379 ex
866 1335 1087 1380 divisione
1114 1337 1223 1393 ejus.
1254 1335 1344 1380 Sed
1379 1335 1434 1379 ad
1465 1336 1557 1380 hoc
1591 1335 1836 1380 dicendum
1870 1345 1952 1389 est,
1978 1334 2102 1393 quod

140 1401 461 1447 conditionalis
485 1412 635 1461 potest
656 1416 752 1447 esse
774 1416 895 1455 vera,
920 1403 1047 1460 cujus
1071 1402 1344 1446 antecedens
1362 1412 1430 1447 est
1445 1401 1751 1461 impossibile;
1778 1412 1823 1446 et
1847 1402 1887 1446 si
1910 1401 2019 1460 quid
2037 1410 2104 1445 est

141 1468 264 1528 quod
290 1468 491 1513 destruat
514 1469 754 1514 veritatem
780 1469 882 1513 talis
909 1468 1246 1523 conditionalis,
1280 1478 1349 1513 est
1378 1468 1684 1528 impossibile3
1714 1469 1831 1513 sicut
1860 1468 1902 1512 si
1933 1467 2102 1526 aliquid

142 1535 391 1580 destrueret
415 1535 654 1580 veritatem
680 1536 814 1593 hujus
842 1534 1183 1579 conditionalis:
1214 1552 1237 1577 «
1258 1535 1307 1579 Si
1331 1535 1478 1579 homo
1497 1534 1636 1589 volat,
1653 1535 1792 1580 habet
1813 1534 1907 1579 alas
1924 1551 1966 1589 »‚
1985 1543 2103 1578 esset

138 1601 433 1661 impossibile.
451 1601 506 1646 Et
522 1601 774 1646 secundum
794 1602 917 1645 hunc
935 1602 1124 1646 modum
1141 1601 1463 1661 intelligendus
1481 1611 1548 1646 est
1563 1616 1804 1662 processus
1821 1601 2101 1661 probationis

138 1667 411 1727 praedictae,
437 1668 542 1726 quia
566 1667 681 1712 haec
710 1668 1031 1713 conditionalis
1057 1679 1126 1713 est
1150 1683 1280 1713 vera:
1318 1669 1411 1713 «Si
1443 1683 1608 1728 corpus
1642 1668 1842 1713 coeleste
1875 1668 2103 1722 dividitur,

138 1748 242 1794 pars
275 1736 371 1793 ejus
397 1734 482 1779 erit
506 1734 696 1779 minoris
728 1736 958 1794 potentiae
991 1750 1130 1794 quam
1160 1745 1368 1780 totum».
1405 1736 1549 1794 Hujus
1590 1746 1743 1780 autem
1780 1735 2104 1780 conditionalis

138 1800 302 1845 veritas
332 1800 519 1855 tollitur,
546 1802 585 1845 si
609 1811 806 1860 ponatur
829 1802 1030 1861 primum
1052 1817 1245 1847 movens
1268 1817 1367 1847 esse
1391 1816 1571 1862 corpus,
1596 1813 1780 1862 propter
1801 1801 2103 1862 impossibilia

139 1881 256 1927 quae
281 1878 541 1927 sequuntur.
571 1868 705 1912 Unde
730 1879 855 1928 patet
878 1869 970 1913 hoc
998 1884 1096 1914 esse
1122 1869 1418 1929 impossibile.

228 1934 285 1979 Et
308 1934 515 1979 similiter
539 1945 689 1995 potest
713 1936 992 1994 responderi,
1019 1937 1057 1981 si
1081 1936 1159 1981 fiat
1186 1937 1385 1996 objectio
1419 1937 1475 1981 de
1508 1947 1759 1997 augmento
1792 1937 2103 1996 potentiarum

138 2001 382 2057 finitarum,
405 2002 510 2061 quia
530 2016 625 2046 non
643 2013 711 2047 est
727 2003 933 2062 accipere
956 2005 1002 2048 in
1023 2019 1177 2048 rerum
1199 2014 1357 2048 natura
1376 2006 1618 2063 potentias,
1636 2005 1889 2049 secundum
1912 2018 2103 2048 ornnem

139 2069 484 2128 proportionem
510 2083 648 2128 quam
673 2069 813 2114 habet
837 2079 1017 2128 tempus
1045 2071 1102 2114 ad
1127 2079 1308 2130 tempus
1331 2071 1670 2131 quodcumque.
1703 2071 1782 2116 Est
1811 2081 1968 2116 tamen
2000 2084 2107 2115 con-

139 2134 369 2180 ditionalis
394 2149 516 2190 vera,
542 2150 646 2195 qua,
672 2136 720 2180 in
745 2137 978 2195 praedicta
1004 2138 1290 2196 probatione,
1315 2138 1560 2196 indigetur.

229 2202 440 2247 Secunda
466 2203 664 2261 objectio
691 2213 778 2248 est:
806 2204 927 2263 quia,
954 2206 1039 2249 etsi
1066 2219 1230 2263 corpus
1257 2205 1483 2260 dividitur,
1502 2204 1653 2264 aliqua
1669 2205 1811 2250 virtus
1833 2215 1983 2264 potest
2004 2219 2104 2250 esse

139 2268 330 2329 alicujus
356 2272 575 2329 corporis,
603 2284 718 2329 quae
743 2284 839 2314 non
865 2271 1092 2335 diyiditur,
1119 2272 1265 2317 diviso
1294 2285 1512 2330 corpore3
1540 2273 1658 2317 sicut
1684 2274 1838 2317 anima
1869 2271 2106 2317 rationalis

138 2349 234 2382 non
260 2336 488 2394 dividitur,
514 2336 661 2381 diviso
689 2351 898 2396 corpore.

227 2402 286 2448 Et
311 2403 366 2447 ad
396 2403 488 2447 hoc
514 2413 583 2447 est
608 2403 875 2448 dicendum:
904 2405 1042 2464 quod,
1066 2419 1146 2463 per
1167 2420 1435 2465 processum
1458 2405 1756 2465 praedictum,
1773 2420 1867 2450 non
1890 2406 2107 2466 probatur

140 2469 264 2529 quod
278 2483 374 2514 non
395 2470 453 2515 sit
467 2470 594 2515 Deus
614 2472 882 2529 conjunctus
901 2474 1097 2530 corpori,
1116 2473 1234 2517 sicut
1251 2473 1402 2517 anima
1421 2473 1654 2517 rationalis
1674 2474 1858 2532 corpori
1874 2473 2106 2527 humano;

141 2537 221 2582 sed
247 2537 369 2595 quod
393 2551 489 2581 non
515 2546 582 2581 est
605 2538 747 2582 virtus
772 2538 819 2582 in
847 2552 1054 2597 corpore,
1081 2540 1197 2584 sicut
1221 2542 1363 2584 virtus
1389 2540 1653 2595 materialis,
1677 2555 1794 2599 quae
1815 2540 2028 2584 dividitur
2050 2540 2107 2584 ad

142 2602 415 2648 divisionem
441 2604 661 2662 corporis.
689 2604 822 2649 Unde
849 2606 989 2650 etiam
1014 2606 1178 2651 dicitur
1203 2607 1259 2651 de
1286 2606 1518 2651 intellectu
1542 2607 1764 2661 humano,
1788 2607 1910 2666 quod
1928 2620 2022 2650 non
2041 2617 2107 2651 est

143 2684 309 2729 corpus
334 2684 481 2730 neque
506 2671 648 2715 virtus
673 2671 720 2715 in
748 2685 954 2730 corpore.
998 2672 1139 2725 Quod
1182 2683 1334 2717 autern
1368 2674 1495 2718 Deus
1531 2688 1626 2717 non
1653 2675 1712 2718 sit
1736 2675 1887 2718 unitus
1926 2673 2108 2732 corpori

143 2737 262 2782 sicut
285 2737 452 2791 anima,
480 2737 663 2783 alterius
688 2739 877 2783 rationis
904 2749 984 2784 est.

233 2803 390 2849 Tertia
415 2805 615 2863 objectio
642 2815 730 2851 est:
757 2806 895 2864 quod,
922 2807 960 2850 si
987 2806 1227 2865 cujuslibet
1252 2807 1458 2865 corporis
1485 2809 1687 2866 potentia
1719 2807 1846 2852 finita
1877 2817 1959 2861 est,
1986 2817 2036 2852 ut
2059 2807 2107 2851 in

142 2871 376 2932 praedicto
408 2885 624 2930 processu
651 2873 915 2926 ostenditur,
942 2887 1022 2932 per
1048 2875 1301 2932 potentiam
1328 2883 1483 2918 autem
1515 2874 1689 2918 finitam
1721 2888 1817 2918 non
1848 2883 1999 2933 potest
2031 2873 2109 2918 ali·

144 2939 252 2999 quid
277 2938 437 2983 durare
457 2948 664 2998 tempore
685 2939 888 2994 infinito;
911 2940 1114 2998 sequitur
1130 2940 1252 2998 quod
1274 2940 1454 2984 nullum
1472 2955 1637 3000 corpus
1660 2941 1804 3000 possit
1819 2941 1981 2986 durare
1997 2950 2109 2986 tem-

145 3019 256 3066 pore
279 3006 483 3061 infinito;
510 3017 555 3051 et
579 3007 643 3051 sic
672 3021 836 3066 corpus
865 3006 1064 3052 coeleste
1091 3008 1146 3051 de
1172 3008 1442 3052 necessitate
1470 3018 1799 3067 corrumpetur.

234 3073 309 3118 Ad
328 3073 419 3119 hoc
452 3083 605 3118 autem
631 3088 657 3117 a
681 3074 951 3133 quibusdam
977 3075 1300 3132 respondetur:
1330 3074 1471 3126 Quod
1506 3089 1667 3133 corpus
1701 3074 1915 3129 coeleste,
1947 3088 2114 3119 secun-

146 3139 257 3185 dum
278 3140 529 3199 potentiam
545 3155 693 3195 suam,
709 3150 859 3199 potest
875 3141 1068 3185 deficere
1083 3157 1093 3195 ;
1117 3142 1196 3185 sed
1213 3141 1561 3200 perpetuitatem
1579 3141 1828 3186 durationis
1847 3141 2038 3200 acquirit
2056 3141 2109 3184 ab

147 3207 254 3261 alio,
280 3207 403 3266 quod
428 3217 497 3252 est
519 3208 750 3266 potentiae
776 3207 991 3253 infinitae.
1010 3207 1066 3252 Et
1082 3207 1188 3252 huic
1212 3207 1431 3252 solutioni
1453 3208 1630 3252 videtur
1644 3207 1845 3252 attestari
1867 3207 2014 3261 Plato,
2034 3208 2111 3267 qui

147 3274 203 3319 de
230 3273 498 3332 corporibus
524 3274 797 3320 coelestibus
822 3275 976 3319 Deum
1002 3274 1267 3334 loquentem
1292 3275 1466 3319 inducit
1497 3275 1543 3317 in
1570 3275 1691 3318 hunc
1719 3274 1935 3318 modum:
1974 3290 1998 3316 «
2023 3274 2114 3319 Na-

146 3350 247 3387 tura
268 3350 417 3385 vestra
432 3341 538 3385 estis
554 3341 850 3396 dissolubilia,
866 3341 1100 3386 voluntate
1118 3352 1272 3386 autem
1290 3355 1394 3385 mea
1410 3340 1741 3385 indissolubilia
1755 3357 1766 3396 ;
1779 3341 1885 3400 quia
1900 3340 2112 3386 voluntas

147 3421 252 3452 mea
278 3409 426 3466 major
453 3417 519 3452 est
543 3422 661 3452 nexu
683 3418 835 3453 vestro
862 3425 904 3453 n.
937 3409 1068 3452 Hanc
1102 3418 1255 3453 autem
1287 3407 1568 3454 solutionem
1599 3407 1828 3466 improbat
1861 3408 2110 3453 Commen-

147 3484 268 3519 tator
294 3474 515 3533 (Metaph.
542 3474 642 3519 XII.
667 3484 699 3520 t.
727 3488 766 3519 c.
792 3487 864 3531 41.
893 3485 937 3519 et
962 3475 1145 3534 Physic.
1178 3474 1302 3519 VIII.
1326 3483 1357 3519 t.
1386 3488 1424 3518 c.
1450 3474 1556 3533 79.).
1583 3473 1706 3519 Nam
1727 3473 2011 3534 impossibile
2029 3484 2111 3529 est,

149 3539 402 3586 secundum
428 3554 549 3595 eum,
575 3541 698 3600 quod
723 3541 784 3595 id,
810 3540 934 3600 quod
960 3550 1029 3586 est
1053 3541 1108 3586 de
1133 3554 1182 3585 se
1208 3539 1423 3599 possibile
1449 3554 1544 3584 non
1569 3553 1686 3595 esse,
1719 3542 1922 3600 acquirat
1952 3555 2111 3600 perpe·

149 3606 358 3652 tuitatem
383 3606 562 3652 essendi
593 3607 647 3651 ab
674 3606 781 3652 alio.
807 3607 1022 3667 Sequitur
1053 3609 1177 3652 enim
1209 3605 1332 3665 quod
1367 3605 1658 3666 corruptibile
1688 3617 1941 3663 mutaretur
1970 3608 2018 3653 in
2049 3607 2113 3652 in-
