2332 3854
3 3414 23 3449 ᾷ

3 3448 26 3490 'k‘

3 3530 26 3608 ³3,

6 3597 24 3639 ἓ

7 3847 19 3854 ι
3 3644 33 3837 wer-flam

719 230 874 268 Lmen
912 229 968 268 11.
1010 227 1131 268 cap,
1173 227 1398 267 Lxxxnr.
1925 227 2028 283 253

37 347 201 396 finem.
232 334 425 394 Propter
454 332 546 378 hoc
578 332 715 391 igitur
747 331 899 377 anima
926 341 994 376 est
1027 331 1154 376 unita
1179 329 1377 389 corpori,
1408 327 1531 388 quod
1564 338 1631 374 est
1657 342 1755 373 esse
1781 328 2035 375 hominem.

44 438 47 439 γ
78 398 189 448 Non
209 401 361 461 igitur,
377 413 457 459 per
481 399 571 443 hoc
595 399 717 458 quod
739 398 891 442 unitur
909 398 1103 458 corpori,
1124 397 1361 443 scientiam
1381 395 1584 440 habitam
1602 395 1771 455 perdit;
1788 396 1866 440 sed
1888 400 2035 457 magis

79 468 123 515 ei
147 467 297 513 unitur
324 477 373 511 ut
397 465 636 511 scientiam
664 466 879 524 acquirat

44 555 54 595 ¹.
111 546 114 553 ³
166 533 306 580 Item.
333 533 371 578 si
397 532 573 592 aliquis,
599 531 894 577 scientiarum
920 532 1120 591 ignarus,
1152 531 1208 576 de
1239 531 1310 576 his
1336 545 1452 591 quae
1485 529 1541 574 ad
1573 529 1784 574 scientias
1810 533 2035 590 pertinent

47 600 51 658 j
77 598 395 659 interrogetur,
421 613 516 644 non
541 593 832 657 respondebit
852 598 1090 642 veritatem
1116 598 1202 642 nisi
1225 598 1290 642 de
1302 597 1627 642 universalibus
1650 597 1895 657 principiis,
1917 612 2033 657 quae

32 666 229 713 κῃυΙΙιιε
273 668 468 726 ignorat,
502 666 579 710 sed
612 675 716 709 sunt
749 665 801 708 ab
836 665 1047 708 omnibus
1081 666 1245 709 eodem
1277 666 1418 708 modo
1450 674 1496 710 et
1525 663 1788 709 naturaliter
1819 665 2033 724 cognita3

32 725 45 760 Ῑῑ
78 733 374 793 postmodum
398 743 549 777 autem
577 731 782 776 ordinate
808 732 1124 789 interrogatus,
1151 732 1442 790 respondebit
1463 732 1699 775 veritatem
1733 731 1788 775 de
1813 731 1884 775 his
1918 746 2034 790 quae

28 806 32 810 “
79 810 184 846 sunt
193 801 444 861 propinqua
457 799 701 857 principiis,
714 798 869 842 habito
883 809 1088 857 respectu
1102 799 1156 842 ad
1171 799 1390 857 principia
1402 814 1413 851 ;
1426 808 1470 842 et
1481 798 1544 842 sic
1559 798 1787 857 deinceps,
1798 812 2034 857 quousque

31 878 37 925 ,j
77 869 313 913 veritatem
336 867 588 926 primorum
616 865 942 923 principiorum
971 865 1026 907 ad
1053 879 1106 909 ea
1134 865 1189 908 de
1216 865 1375 923 quibus
1398 866 1699 923 interrogatur
1716 865 1940 924 applicare
1959 880 2036 925 po-

76 944 178 980 test.
199 932 265 978 Ex
291 933 380 978 hoc
402 933 538 991 igitur
563 931 800 975 manifeste
827 942 1012 990 apparet
1038 931 1175 990 quod,
1198 945 1277 990 per
1298 932 1518 990 principia
1539 933 1699 991 prima,
1722 932 1767 975 in
1790 946 1847 976 eo
1870 934 1945 991 qui
1967 935 2035 977 in·

77 1010 333 1060 terrogatur
360 1010 570 1044 causatur
595 999 799 1057 cognitio
827 999 882 1042 de
908 1012 1045 1042 novo.
1064 998 1171 1042 Non
1196 999 1332 1058 igitur
1350 1000 1471 1056 prius
1496 999 1677 1043 habitae
1693 999 1881 1044 notitiae
1903 999 2037 1043 remi-

23 1089 36 1131 f
73 1067 279 1113 niscitur.

166 1135 429 1179 Praeterea:
457 1134 495 1178 si
520 1133 582 1177 ita
609 1143 727 1177 esset
753 1133 933 1177 animae
959 1131 1177 1176 naturalis
1199 1132 1402 1190 cognitio
1421 1131 1769 1176 conclusionum
1788 1133 1904 1177 sicut
1920 1133 2037 1192 prin·

78 1201 317 1262 cipiorum,
345 1201 505 1245 eadem
531 1210 649 1244 esset
675 1199 864 1243 scientia
892 1200 1009 1258 apud
1033 1213 1194 1243 omnes
1222 1200 1277 1243 de
1305 1198 1675 1243 conclusionibus
1701 1200 1817 1244 sicut
1838 1200 1893 1244 de
1915 1200 2036 1259 prin·

8 1313 10 1315 ,
79 1267 228 1329 cipiis;
251 1267 356 1327 quia
372 1281 488 1326 quae
505 1277 609 1311 sunt
625 1266 847 1310 naturalia
865 1276 968 1310 sunt
985 1266 1146 1310 eadem
1165 1266 1280 1325 apud
1299 1280 1475 1310 omnes.
1493 1266 1599 1310 Non
1618 1276 1685 1310 est
1701 1276 1855 1310 autem
1872 1267 2035 1310 eadem

3 1342 32 1385 ζ
77 1334 270 1380 scientia
291 1334 410 1395 apud
436 1348 598 1378 ornnes
624 1333 679 1377 de
713 1333 1098 1386 conclusionibus,
1125 1333 1203 1376 sed
1230 1332 1380 1376 solum
1403 1332 1458 1377 de
1480 1333 1724 1392 principiis.
1748 1333 1878 1378 Patet
1899 1333 2036 1392 igitur

3 1399 29 1460 ’ζ
77 1401 200 1461 quod
233 1400 436 1460 cognitio
468 1401 797 1459 principiorum
831 1410 898 1444 est
928 1400 1059 1444 nobis
1091 1399 1323 1453 naturalis,
1354 1413 1448 1443 non
1483 1410 1634 1444 autem
1667 1399 2033 1444 conclusionum.

79 1467 222 1521 Quod
254 1478 406 1512 autem
438 1481 532 1511 non
565 1478 632 1511 est
665 1466 870 1511 naturale
906 1467 1038 1510 nobis
1074 1467 1350 1525 acquirimus
1383 1480 1462 1525 per
1492 1467 1537 1510 id
1570 1467 1693 1525 quod
1721 1477 1789 1512 est
1813 1466 2035 1520 naturale,

4 1556 7 1565 ·
76 1536 193 1582 sicut
210 1535 347 1581 etiam
363 1535 411 1580 in
427 1535 720 1579 exterioribus
745 1549 827 1594 per
853 1548 1014 1578 manus
1039 1533 1315 1578 instituimus
1334 1533 1489 1577 omnia
1508 1533 1771 1579 artificialia.
1794 1535 1900 1579 Non
1923 1548 2034 1594 ergo

8 1598 31 1662 ’ζ
81 1602 432 1648 conclusionum
458 1602 647 1647 scientia
674 1612 742 1647 est
766 1602 812 1645 in
838 1602 971 1645 nobis
992 1601 1080 1644 nisi
1106 1614 1161 1644 ex
1186 1601 1416 1659 principiis
1444 1601 1676 1659 acquisita.

165 1669 356 1714 Adhuc:
383 1683 524 1728 quum
550 1678 709 1712 natura
732 1682 912 1727 semper
939 1668 1169 1711 ordinetur
1188 1666 1242 1710 ad
1269 1681 1428 1721 unum,
1450 1667 1582 1710 unius
1603 1667 1781 1711 virtutis
1808 1668 2036 1726 oportebit

4 1730 30 1783 ’ἶ
79 1750 178 1781 esse
202 1735 466 1780 naturaliter
492 1749 633 1779 unum
661 1735 910 1794 objectum,
936 1736 1052 1779 sicut
1077 1734 1199 1777 visus
1227 1732 1430 1777 colorem
1464 1743 1509 1777 et
1540 1734 1716 1778 auditus
1749 1749 1929 1779 sonum.
1963 1735 2038 1779 In-

78 1801 288 1848 tellectus
321 1802 457 1862 igitur
488 1817 628 1861 quum
661 1801 717 1846 sit
748 1815 839 1845 una
870 1802 952 1854 vis,
987 1811 1054 1845 est
1087 1802 1183 1858 ejus
1220 1814 1360 1843 unum
1396 1801 1602 1845 naturale
1629 1801 1874 1859 objectum,
1908 1803 2035 1859 cujus

25 1899 28 1922 ;
76 1883 158 1929 per
187 1883 236 1914 se
263 1879 306 1914 et
329 1868 592 1913 naturaliter
619 1868 931 1926 cognitionem
958 1868 1108 1911 habet.
1137 1868 1240 1911 Hoc
1263 1877 1415 1911 autern
1443 1878 1622 1926 oportet
1648 1882 1746 1912 esse
1767 1868 1813 1911 id
1839 1869 1919 1912 sub
1943 1883 2034 1927 quo

78 1936 527 1995 comprehenduntur
552 1936 709 1979 omnia
736 1935 790 1978 ab
818 1933 1049 1978 intellectu
1078 1935 1276 1990 cognita,
1304 1935 1421 1978 sicut
1445 1935 1527 1978 sub
1557 1934 1712 1979 colore
1740 1936 2037 1994 comprehen-

3 2002 22 2045 ξ
75 2003 239 2047 duntur
264 2017 425 2047 omnes
454 2003 648 2055 colores,
675 2002 751 2060 qui
778 2012 881 2046 sunt
913 2015 990 2059 per
1023 2015 1070 2045 se
1102 2002 1326 2055 visibiles3
1360 2002 1481 2060 quod
1514 2016 1607 2046 non
1642 2012 1709 2046 est
1742 2002 1862 2046 aliud
1895 2017 2034 2061 quam

75 2083 155 2114 ens
180 2069 455 2113 naturaliter.
482 2070 622 2128 Igitur
647 2068 903 2112 intellectus
929 2078 1085 2112 noster
1112 2069 1351 2126 cognoscit
1373 2083 1451 2112 ens
1479 2079 1523 2113 et
1545 2083 1599 2112 ea
1621 2083 1737 2128 quae
1759 2080 1862 2113 sunt
1886 2084 1965 2128 per
1986 2084 2034 2114 se

5 2155 19 2194 j
75 2136 189 2180 entis
214 2136 261 2179 in
288 2146 507 2195 quantum
533 2136 818 2194 hujusmodi3
850 2135 896 2178 in
929 2149 1016 2193 qua
1049 2135 1313 2192 cognitione
1345 2134 1558 2178 fundatur
1589 2136 1842 2194 primorum
1874 2137 2035 2194 princi-

12 2215 18 2221 ”
75 2202 256 2262 piorum
287 2203 463 2255 notitia,
494 2211 542 2246 ut
577 2216 671 2245 non
707 2215 805 2245 esse
839 2201 975 2244 simul
1011 2200 1236 2245 affirmare
1273 2211 1318 2245 et
1351 2215 1536 2259 negare,
1570 2213 1614 2246 et
1640 2202 1725 2246 alia
1753 2203 2032 2261 hujusmodi.

11 2266 26 2298 1
73 2268 200 2313 Haec
232 2268 369 2328 igitur
399 2268 497 2313 sola
529 2268 748 2327 principia
783 2267 1039 2312 intellectus
1075 2278 1231 2312 noster
1262 2268 1527 2312 naturaliter
1562 2270 1814 2327 cognoscit,
1853 2269 2036 2313 conclu·

15 2354 24 2384 5
72 2335 225 2380 siones
251 2345 402 2380 autem
436 2349 516 2394 per
545 2335 658 2395 ipsa,
690 2335 806 2379 sicut
837 2349 916 2393 per
949 2335 1156 2379 colorem
1189 2335 1430 2394 cognoscit
1453 2337 1576 2380 visus
1603 2337 1760 2380 omnia
1786 2335 2030 2390 sensibilia,

70 2412 168 2448 tam
199 2405 465 2447 communia
490 2416 628 2462 quam
654 2402 882 2446 sensibilia
908 2416 987 2461 per
1011 2402 1237 2446 accidens.

159 2469 420 2517 Praeterea:
439 2469 485 2513 id
511 2468 634 2528 quod
660 2483 742 2527 per
767 2483 952 2513 sensum
977 2469 1023 2512 in
1042 2469 1174 2513 nobis
1202 2469 1448 2528 acquiritur
1472 2483 1567 2514 non
1583 2469 1715 2514 infuit
1731 2471 1911 2514 animae
1930 2480 2035 2514 ante

20 2530 26 2531 ’
73 2549 251 2595 corpus.
270 2536 361 2580 Sed
379 2535 582 2595 ipsorum
610 2536 938 2594 principiorum
966 2536 1170 2593 cognitio
1197 2536 1243 2580 in
1265 2537 1397 2580 nobis
1416 2551 1470 2580 ex
1487 2537 1772 2580 sensibilibus
1798 2547 2033 2591 causatur;

18 2654 26 2667 ι
70 2602 159 2647 nisi
175 2601 299 2647 enim
325 2602 511 2662 aliquod
537 2612 684 2647 totum
713 2616 846 2647 sensu
869 2603 1246 2661 percepissemus,
1269 2617 1363 2647 non
1380 2617 1619 2662 possemus
1635 2604 1890 2663 intelligere
1910 2604 2033 2662 quod

24 2680 28 2714 ζ
71 2678 220 2714 totum
247 2679 366 2714 esset
391 2671 538 2728 majus
563 2680 705 2728 parte,
732 2670 849 2713 sicut
874 2683 959 2713 nec
988 2682 1150 2714 caecus
1167 2679 1299 2714 natus
1318 2669 1486 2728 aliquid
1504 2670 1694 2728 percipit
1710 2672 1766 2714 de
1789 2669 2033 2715 coloribus.

71 2734 194 2795 Ergo
219 2749 305 2780 nec
331 2736 536 2794 ipsorum
562 2735 891 2794 principiorum
924 2736 1128 2794 cognitio
1163 2736 1290 2780 affuit
1322 2737 1501 2780 animae
1534 2747 1637 2780 ante
1671 2751 1859 2796 corpus3
1886 2736 2033 2782 multo

15 2826 18 2830 Α
70 2801 207 2860 igitur
232 2802 382 2846 minus
409 2801 618 2846 aliorum.
645 2801 752 2846 Non
784 2802 922 2860 igitur
953 2801 1085 2845 firma
1112 2812 1180 2847 est
1211 2803 1416 2847 Platonis
1449 2803 1580 2858 ratio,
1613 2803 1734 2862 quod
1768 2804 1920 2848 anima
1951 2803 2035 2848 fuit

4 2886 7 2888 ·
72 2877 317 2927 antequam
342 2868 543 2911 uniretur
570 2869 765 2925 corpori.

160 2934 296 2979 Item:
320 2933 359 2978 si
390 2947 551 2977 omnes
577 2933 757 2977 animae
782 2934 1159 2992 praeexstiterunt
1186 2935 1450 2990 corporibus
1478 2936 1638 2994 quibus
1671 2936 1902 2991 uniuntur,
1929 2950 2035 2982 con-

72 3014 267 3060 sequens
297 3001 474 3044 videtur
510 3000 632 3058 quod
668 2999 830 3043 eadem
871 3000 1038 3052 anima,
1074 2998 1326 3042 secundum
1362 2997 1720 3042 vicissitudinem
1755 3013 2032 3062 temporum,

73 3067 261 3112 diversis
288 3066 554 3124 corporibus
581 3066 785 3119 uniatur3
812 3066 934 3124 quod
961 3065 1146 3123 quidem
1170 3065 1322 3123 aperte
1346 3064 1640 3122 consequitur
1656 3074 1878 3122 ponentes
1897 3072 2035 3108 aeter-⁷

72 3134 263 3179 nitatem
289 3133 462 3177 mundi.
490 3132 539 3176 Si
566 3132 690 3177 enim
716 3132 949 3191 generatio
983 3131 1226 3175 hominum
1250 3140 1317 3174 est
1343 3131 1631 3189 sempiterna,
1655 3139 1836 3189 oportet
1859 3130 2034 3175 infinita

74 3213 267 3260 corpora
293 3199 495 3244 humana
512 3199 718 3257 generari
745 3209 789 3243 et
815 3199 1059 3256 corrumpi,
1087 3198 1338 3242 secundum
1363 3207 1512 3241 totum
1530 3197 1749 3256 temporis
1776 3196 2033 3241 decursum.

73 3266 168 3312 Aut
199 3281 310 3326 ergo
342 3266 570 3325 oportebit
600 3265 767 3309 dicere·
783 3265 958 3309 animas
999 3264 1331 3324 praeexstitisse
1369 3274 1472 3307 actu
1509 3263 1720 3316 infinitas,
1756 3263 1795 3307 si
1827 3263 2034 3322 singulae

7 3330 35 3390 ,ᾖ
76 3333 254 3378 animae
288 3332 476 3392 singulis
510 3331 775 3390 corporibus
807 3332 1045 3385 uniuntur;
1080 3341 1155 3375 aut
1188 3331 1415 3388 oportebit
1448 3330 1615 3382 dicere,
1648 3330 1685 3373 si
1718 3330 1898 3373 animae
1931 3339 2036 3374 sunt

75 3398 242 3455 finitae,
277 3401 399 3460 quod
433 3399 621 3444 eaedem
655 3399 866 3443 uniantur
896 3413 1016 3442 nunc
1043 3398 1129 3451 his,
1156 3412 1276 3441 nunc
1301 3396 1389 3441 illis
1417 3396 1698 3454 corporibus.
1724 3396 1853 3440 Idem
1880 3406 2034 3440 autem

5 3509 27 3540 ‹-
76 3466 249 3511 videtur
274 3467 416 3527 sequi,
442 3466 479 3510 si
506 3475 731 3525 ponantur
758 3465 937 3509 animae
963 3464 1208 3524 praefuisse
1232 3463 1513 3522 corporibus,
1536 3473 1580 3506 et
1601 3477 1742 3521 quum
1763 3462 1879 3507 haec
1903 3476 2036 3521 gene·

77 3532 192 3578 ratio
216 3546 311 3578 non
335 3535 393 3578 sit
415 3543 609 3577 aeterna.
632 3532 727 3577 Etsi
749 3534 872 3576 enim
888 3541 1082 3590 ponatur
1098 3532 1299 3575 humana
1319 3530 1552 3588 generatio
1569 3543 1663 3573 non
1685 3543 1865 3606 semper
1881 3528 2034 3583 fuisse,

76 3609 229 3645 tamen
255 3599 367 3645 nulli
393 3600 579 3645 dubium
602 3609 668 3644 est
688 3599 811 3659 quin,
838 3598 1089 3644 secundum
1113 3608 1338 3651 naturam,
1363 3596 1411 3640 in
1436 3595 1664 3641 infinitum
1686 3596 1831 3655 possit
1846 3595 2030 3650 durare;
