<?xml version="1.0" encoding="UTF-8"?>
<!DOCTYPE html PUBLIC "-//W3C//DTD XHTML 1.0 Transitional//EN"
    "http://www.w3.org/TR/xhtml1/DTD/xhtml1-transitional.dtd">
<html xmlns="http://www.w3.org/1999/xhtml" xml:lang="en" lang="en">
 <head>
  <title>
</title>
<meta http-equiv="Content-Type" content="text/html;charset=utf-8" />
  <meta name='ocr-system' content='tesseract 3.04.00' />
  <meta name='ocr-capabilities' content='ocr_page ocr_carea ocr_par ocr_line ocrx_word'/>
</head>
<body>
  <div class='ocr_page' id='page_1' title='image "./divithomaeaquina00thom_0587.png"; bbox 0 0 2332 3854; ppageno 0'>
   <div class='ocr_carea' id='block_1_1' title="bbox 806 224 2067 281">
    <p class='ocr_par' dir='ltr' id='par_1_1' title="bbox 806 224 2067 281">
     <span class='ocr_line' id='line_1_1' title="bbox 806 224 2067 281; baseline 0.007 -18"><span class='ocrx_word' id='word_1_1' title='bbox 806 226 962 265; x_wconf 87' lang='lat' dir='ltr'>LIBER</span> <span class='ocrx_word' id='word_1_2' title='bbox 1001 225 1073 264; x_wconf 87' lang='lat' dir='ltr'>IV.</span> <span class='ocrx_word' id='word_1_3' title='bbox 1117 225 1236 265; x_wconf 83' lang='lat' dir='ltr'>CAP-</span> <span class='ocrx_word' id='word_1_4' title='bbox 1278 224 1388 263; x_wconf 79' lang='lat' dir='ltr'><strong>xlv.</strong></span> <span class='ocrx_word' id='word_1_5' title='bbox 1964 226 2067 281; x_wconf 71' lang='lat'>575</span> 
     </span>
    </p>
   </div>
   <div class='ocr_carea' id='block_1_2' title="bbox 49 326 2117 2658">
    <p class='ocr_par' dir='ltr' id='par_1_2' title="bbox 49 326 2078 1054">
     <span class='ocr_line' id='line_1_2' title="bbox 111 326 2078 390; baseline -0.001 -15"><span class='ocrx_word' id='word_1_6' title='bbox 111 335 275 376; x_wconf 64' lang='lat' dir='ltr'>⁴tamen</span> <span class='ocrx_word' id='word_1_7' title='bbox 301 338 593 390; x_wconf 86' lang='lat' dir='ltr'>comparatur</span> <span class='ocrx_word' id='word_1_8' title='bbox 625 327 680 372; x_wconf 89' lang='lat' dir='ltr'>ad</span> <span class='ocrx_word' id='word_1_9' title='bbox 708 327 967 373; x_wconf 90' lang='lat' dir='ltr'>absolutum</span> <span class='ocrx_word' id='word_1_10' title='bbox 993 328 1039 372; x_wconf 90' lang='lat' dir='ltr'>in</span> <span class='ocrx_word' id='word_1_11' title='bbox 1064 327 1168 372; x_wconf 91' lang='lat' dir='ltr'>Deo</span> <span class='ocrx_word' id='word_1_12' title='bbox 1199 341 1338 387; x_wconf 90' lang='lat' dir='ltr'>quam</span> <span class='ocrx_word' id='word_1_13' title='bbox 1365 327 1411 371; x_wconf 90' lang='lat' dir='ltr'>in</span> <span class='ocrx_word' id='word_1_14' title='bbox 1438 326 1570 372; x_wconf 89' lang='lat' dir='ltr'>rebus</span> <span class='ocrx_word' id='word_1_15' title='bbox 1598 327 1773 372; x_wconf 87' lang='lat' dir='ltr'>creatis.</span> <span class='ocrx_word' id='word_1_16' title='bbox 1800 326 1921 372; x_wconf 88' lang='lat' dir='ltr'>Nam</span> <span class='ocrx_word' id='word_1_17' title='bbox 1944 328 1990 372; x_wconf 91' lang='lat' dir='ltr'>in</span> <span class='ocrx_word' id='word_1_18' title='bbox 2013 342 2078 373; x_wconf 89' lang='lat' dir='ltr'>re·</span> 
     </span>
     <span class='ocr_line' id='line_1_3' title="bbox 117 393 2076 454; baseline -0.002 -12"><span class='ocrx_word' id='word_1_19' title='bbox 117 396 200 442; x_wconf 87' lang='lat' dir='ltr'>bus</span> <span class='ocrx_word' id='word_1_20' title='bbox 227 398 388 441; x_wconf 88' lang='lat' dir='ltr'>creatis</span> <span class='ocrx_word' id='word_1_21' title='bbox 414 404 705 454; x_wconf 85' lang='lat' dir='ltr'>comparatur</span> <span class='ocrx_word' id='word_1_22' title='bbox 736 394 897 439; x_wconf 88' lang='lat' dir='ltr'>relatio</span> <span class='ocrx_word' id='word_1_23' title='bbox 925 395 979 439; x_wconf 91' lang='lat' dir='ltr'>ad</span> <span class='ocrx_word' id='word_1_24' title='bbox 1012 394 1271 439; x_wconf 87' lang='lat' dir='ltr'>absolutum</span> <span class='ocrx_word' id='word_1_25' title='bbox 1298 395 1414 439; x_wconf 86' lang='lat' dir='ltr'>sicut</span> <span class='ocrx_word' id='word_1_26' title='bbox 1440 393 1651 438; x_wconf 90' lang='lat' dir='ltr'>accidens</span> <span class='ocrx_word' id='word_1_27' title='bbox 1692 394 1748 437; x_wconf 92' lang='lat' dir='ltr'>ad</span> <span class='ocrx_word' id='word_1_28' title='bbox 1790 394 2076 452; x_wconf 81' lang='lat' dir='ltr'>subjectum3</span> 
     </span>
     <span class='ocr_line' id='line_1_4' title="bbox 116 460 2076 521; baseline -0.001 -14"><span class='ocrx_word' id='word_1_29' title='bbox 116 476 212 508; x_wconf 80' lang='lat' dir='ltr'>non</span> <span class='ocrx_word' id='word_1_30' title='bbox 238 473 390 507; x_wconf 89' lang='lat' dir='ltr'>autem</span> <span class='ocrx_word' id='word_1_31' title='bbox 417 463 464 506; x_wconf 86' lang='lat' dir='ltr'>in</span> <span class='ocrx_word' id='word_1_32' title='bbox 488 462 592 506; x_wconf 92' lang='lat' dir='ltr'>Deo</span> <span class='ocrx_word' id='word_1_33' title='bbox 619 461 699 514; x_wconf 82' lang='lat' dir='ltr'>si&#39;c,</span> <span class='ocrx_word' id='word_1_34' title='bbox 725 462 803 505; x_wconf 89' lang='lat' dir='ltr'>sed</span> <span class='ocrx_word' id='word_1_35' title='bbox 826 475 907 521; x_wconf 91' lang='lat' dir='ltr'>per</span> <span class='ocrx_word' id='word_1_36' title='bbox 927 462 1119 505; x_wconf 90' lang='lat' dir='ltr'>modum</span> <span class='ocrx_word' id='word_1_37' title='bbox 1146 461 1405 515; x_wconf 86' lang='lat' dir='ltr'>identitatis,</span> <span class='ocrx_word' id='word_1_38' title='bbox 1431 460 1548 505; x_wconf 90' lang='lat' dir='ltr'>sicut</span> <span class='ocrx_word' id='word_1_39' title='bbox 1574 470 1642 505; x_wconf 90' lang='lat' dir='ltr'>est</span> <span class='ocrx_word' id='word_1_40' title='bbox 1667 460 1722 504; x_wconf 92' lang='lat' dir='ltr'>de</span> <span class='ocrx_word' id='word_1_41' title='bbox 1749 460 1849 504; x_wconf 88' lang='lat' dir='ltr'>aliis</span> <span class='ocrx_word' id='word_1_42' title='bbox 1876 475 1992 520; x_wconf 88' lang='lat' dir='ltr'>quae</span> <span class='ocrx_word' id='word_1_43' title='bbox 2020 461 2076 506; x_wconf 90' lang='lat' dir='ltr'>de</span> 
     </span>
     <span class='ocr_line' id='line_1_5' title="bbox 110 520 2076 587; baseline -0.002 -12"><span class='ocrx_word' id='word_1_44' title='bbox 110 529 221 575; x_wconf 84' lang='lat' dir='ltr'>Deo</span> <span class='ocrx_word' id='word_1_45' title='bbox 252 529 473 573; x_wconf 85' lang='lat' dir='ltr'>dicuntur.</span> <span class='ocrx_word' id='word_1_46' title='bbox 500 520 629 573; x_wconf 82' lang='lat' dir='ltr'>Idem</span> <span class='ocrx_word' id='word_1_47' title='bbox 656 538 808 571; x_wconf 89' lang='lat' dir='ltr'>autem</span> <span class='ocrx_word' id='word_1_48' title='bbox 835 529 1092 586; x_wconf 86' lang='lat' dir='ltr'>subjectum</span> <span class='ocrx_word' id='word_1_49' title='bbox 1124 542 1218 571; x_wconf 89' lang='lat' dir='ltr'>non</span> <span class='ocrx_word' id='word_1_50' title='bbox 1246 537 1394 585; x_wconf 88' lang='lat' dir='ltr'>potest</span> <span class='ocrx_word' id='word_1_51' title='bbox 1419 528 1652 587; x_wconf 86' lang='lat' dir='ltr'>oppositas</span> <span class='ocrx_word' id='word_1_52' title='bbox 1678 527 1923 571; x_wconf 79' lang='lat' dir='ltr'>relationes</span> <span class='ocrx_word' id='word_1_53' title='bbox 1954 528 2001 571; x_wconf 89' lang='lat' dir='ltr'>in</span> <span class='ocrx_word' id='word_1_54' title='bbox 2028 542 2076 572; x_wconf 91' lang='lat' dir='ltr'>se</span> 
     </span>
     <span class='ocr_line' id='line_1_6' title="bbox 115 593 2077 652; baseline -0.001 -12"><span class='ocrx_word' id='word_1_55' title='bbox 115 595 297 649; x_wconf 82' lang='lat' dir='ltr'>habere,</span> <span class='ocrx_word' id='word_1_56' title='bbox 323 606 372 639; x_wconf 93' lang='lat' dir='ltr'>ut</span> <span class='ocrx_word' id='word_1_57' title='bbox 397 596 453 639; x_wconf 89' lang='lat' dir='ltr'>sit</span> <span class='ocrx_word' id='word_1_58' title='bbox 477 595 599 639; x_wconf 88' lang='lat' dir='ltr'>idem</span> <span class='ocrx_word' id='word_1_59' title='bbox 633 594 778 638; x_wconf 90' lang='lat' dir='ltr'>homo</span> <span class='ocrx_word' id='word_1_60' title='bbox 811 604 941 652; x_wconf 88' lang='lat' dir='ltr'>pater</span> <span class='ocrx_word' id='word_1_61' title='bbox 967 605 1010 637; x_wconf 92' lang='lat' dir='ltr'>et</span> <span class='ocrx_word' id='word_1_62' title='bbox 1041 593 1160 638; x_wconf 86' lang='lat' dir='ltr'>filius</span> <span class='ocrx_word' id='word_1_63' title='bbox 1197 595 1450 638; x_wconf 89' lang='lat' dir='ltr'>secundum</span> <span class='ocrx_word' id='word_1_64' title='bbox 1482 594 1630 648; x_wconf 82' lang='lat' dir='ltr'>idem3</span> <span class='ocrx_word' id='word_1_65' title='bbox 1673 594 1753 638; x_wconf 89' lang='lat' dir='ltr'>sed</span> <span class='ocrx_word' id='word_1_66' title='bbox 1786 594 1982 638; x_wconf 86' lang='lat' dir='ltr'>essentia</span> <span class='ocrx_word' id='word_1_67' title='bbox 2015 594 2077 638; x_wconf 91' lang='lat' dir='ltr'>di-</span> 
     </span>
     <span class='ocr_line' id='line_1_7' title="bbox 114 660 2078 722; baseline 0 -16"><span class='ocrx_word' id='word_1_68' title='bbox 114 664 236 716; x_wconf 80' lang='lat' dir='ltr'>vina,</span> <span class='ocrx_word' id='word_1_69' title='bbox 261 671 445 722; x_wconf 87' lang='lat' dir='ltr'>propter</span> <span class='ocrx_word' id='word_1_70' title='bbox 475 661 793 706; x_wconf 86' lang='lat' dir='ltr'>omnimodam</span> <span class='ocrx_word' id='word_1_71' title='bbox 817 662 912 718; x_wconf 92' lang='lat' dir='ltr'>ejus</span> <span class='ocrx_word' id='word_1_72' title='bbox 934 660 1275 719; x_wconf 88' lang='lat' dir='ltr'>perfectionem,</span> <span class='ocrx_word' id='word_1_73' title='bbox 1303 662 1424 705; x_wconf 91' lang='lat' dir='ltr'>idem</span> <span class='ocrx_word' id='word_1_74' title='bbox 1447 671 1514 705; x_wconf 89' lang='lat' dir='ltr'>est</span> <span class='ocrx_word' id='word_1_75' title='bbox 1539 671 1583 705; x_wconf 90' lang='lat' dir='ltr'>et</span> <span class='ocrx_word' id='word_1_76' title='bbox 1607 661 1867 721; x_wconf 87' lang='lat' dir='ltr'>sapientiae,</span> <span class='ocrx_word' id='word_1_77' title='bbox 1891 671 1936 705; x_wconf 91' lang='lat' dir='ltr'>et</span> <span class='ocrx_word' id='word_1_78' title='bbox 1956 661 2078 720; x_wconf 87' lang='lat' dir='ltr'>justi-</span> 
     </span>
     <span class='ocr_line' id='line_1_8' title="bbox 116 728 2072 786; baseline 0 -13"><span class='ocrx_word' id='word_1_79' title='bbox 116 729 222 783; x_wconf 85' lang='lat' dir='ltr'>tiae,</span> <span class='ocrx_word' id='word_1_80' title='bbox 249 738 296 772; x_wconf 90' lang='lat' dir='ltr'>et</span> <span class='ocrx_word' id='word_1_81' title='bbox 326 728 423 772; x_wconf 89' lang='lat' dir='ltr'>aliis</span> <span class='ocrx_word' id='word_1_82' title='bbox 450 728 714 786; x_wconf 85' lang='lat' dir='ltr'>hujusmodi</span> <span class='ocrx_word' id='word_1_83' title='bbox 736 741 851 786; x_wconf 91' lang='lat' dir='ltr'>quae</span> <span class='ocrx_word' id='word_1_84' title='bbox 874 728 992 786; x_wconf 91' lang='lat' dir='ltr'>apud</span> <span class='ocrx_word' id='word_1_85' title='bbox 1018 742 1102 771; x_wconf 88' lang='lat' dir='ltr'>nos</span> <span class='ocrx_word' id='word_1_86' title='bbox 1130 729 1173 771; x_wconf 90' lang='lat' dir='ltr'>in</span> <span class='ocrx_word' id='word_1_87' title='bbox 1208 728 1395 771; x_wconf 89' lang='lat' dir='ltr'>diversis</span> <span class='ocrx_word' id='word_1_88' title='bbox 1423 728 1661 786; x_wconf 88' lang='lat' dir='ltr'>generibus</span> <span class='ocrx_word' id='word_1_89' title='bbox 1689 728 1992 773; x_wconf 88' lang='lat' dir='ltr'>continentur.</span> <span class='ocrx_word' id='word_1_90' title='bbox 2016 728 2072 774; x_wconf 91' lang='lat' dir='ltr'>Et</span> 
     </span>
     <span class='ocr_line' id='line_1_9' title="bbox 115 794 2078 855; baseline 0 -15"><span class='ocrx_word' id='word_1_91' title='bbox 115 796 180 840; x_wconf 86' lang='lat' dir='ltr'>sic</span> <span class='ocrx_word' id='word_1_92' title='bbox 211 794 326 839; x_wconf 85' lang='lat' dir='ltr'>nihil</span> <span class='ocrx_word' id='word_1_93' title='bbox 355 795 565 855; x_wconf 90' lang='lat' dir='ltr'>prohibet</span> <span class='ocrx_word' id='word_1_94' title='bbox 591 809 730 839; x_wconf 88' lang='lat' dir='ltr'>unam</span> <span class='ocrx_word' id='word_1_95' title='bbox 757 794 998 837; x_wconf 84' lang='lat' dir='ltr'>essentiam</span> <span class='ocrx_word' id='word_1_96' title='bbox 1028 807 1124 837; x_wconf 86' lang='lat' dir='ltr'>esse</span> <span class='ocrx_word' id='word_1_97' title='bbox 1167 794 1288 838; x_wconf 88' lang='lat' dir='ltr'>idem</span> <span class='ocrx_word' id='word_1_98' title='bbox 1322 805 1365 838; x_wconf 89' lang='lat' dir='ltr'>et</span> <span class='ocrx_word' id='word_1_99' title='bbox 1405 795 1663 852; x_wconf 85' lang='lat' dir='ltr'>paternitati</span> <span class='ocrx_word' id='word_1_100' title='bbox 1702 805 1747 839; x_wconf 92' lang='lat' dir='ltr'>et</span> <span class='ocrx_word' id='word_1_101' title='bbox 1779 794 2001 850; x_wconf 89' lang='lat' dir='ltr'>filiationi,</span> <span class='ocrx_word' id='word_1_102' title='bbox 2033 805 2078 840; x_wconf 92' lang='lat' dir='ltr'>et</span> 
     </span>
     <span class='ocr_line' id='line_1_10' title="bbox 114 860 2076 915; baseline -0.001 -8"><span class='ocrx_word' id='word_1_103' title='bbox 114 862 299 907; x_wconf 90' lang='lat' dir='ltr'>Patrem</span> <span class='ocrx_word' id='word_1_104' title='bbox 325 871 370 906; x_wconf 90' lang='lat' dir='ltr'>et</span> <span class='ocrx_word' id='word_1_105' title='bbox 394 861 559 905; x_wconf 88' lang='lat' dir='ltr'>Filium</span> <span class='ocrx_word' id='word_1_106' title='bbox 586 875 726 905; x_wconf 89' lang='lat' dir='ltr'>unum</span> <span class='ocrx_word' id='word_1_107' title='bbox 754 861 907 904; x_wconf 91' lang='lat' dir='ltr'>Deum</span> <span class='ocrx_word' id='word_1_108' title='bbox 935 874 1047 913; x_wconf 88' lang='lat' dir='ltr'>esse,</span> <span class='ocrx_word' id='word_1_109' title='bbox 1080 860 1185 905; x_wconf 89' lang='lat' dir='ltr'>licet</span> <span class='ocrx_word' id='word_1_110' title='bbox 1218 861 1352 904; x_wconf 90' lang='lat' dir='ltr'>Pater</span> <span class='ocrx_word' id='word_1_111' title='bbox 1383 874 1477 905; x_wconf 89' lang='lat' dir='ltr'>non</span> <span class='ocrx_word' id='word_1_112' title='bbox 1504 861 1560 905; x_wconf 91' lang='lat' dir='ltr'>sit</span> <span class='ocrx_word' id='word_1_113' title='bbox 1581 860 1744 915; x_wconf 88' lang='lat' dir='ltr'>Filius;</span> <span class='ocrx_word' id='word_1_114' title='bbox 1768 862 1929 905; x_wconf 89' lang='lat' dir='ltr'>eadem</span> <span class='ocrx_word' id='word_1_115' title='bbox 1953 862 2076 907; x_wconf 90' lang='lat' dir='ltr'>enim</span> 
     </span>
     <span class='ocr_line' id='line_1_11' title="bbox 116 926 2077 989; baseline 0 -16"><span class='ocrx_word' id='word_1_116' title='bbox 116 931 308 973; x_wconf 84' lang='lat' dir='ltr'>essentia</span> <span class='ocrx_word' id='word_1_117' title='bbox 340 938 408 972; x_wconf 90' lang='lat' dir='ltr'>est</span> <span class='ocrx_word' id='word_1_118' title='bbox 440 942 556 987; x_wconf 90' lang='lat' dir='ltr'>quae</span> <span class='ocrx_word' id='word_1_119' title='bbox 598 936 678 972; x_wconf 86' lang='lat' dir='ltr'>est·</span> <span class='ocrx_word' id='word_1_120' title='bbox 705 941 776 972; x_wconf 90' lang='lat' dir='ltr'>res</span> <span class='ocrx_word' id='word_1_121' title='bbox 817 927 989 971; x_wconf 90' lang='lat' dir='ltr'>habens</span> <span class='ocrx_word' id='word_1_122' title='bbox 1032 940 1131 971; x_wconf 88' lang='lat' dir='ltr'>esse</span> <span class='ocrx_word' id='word_1_123' title='bbox 1171 926 1435 971; x_wconf 87' lang='lat' dir='ltr'>naturaliter</span> <span class='ocrx_word' id='word_1_124' title='bbox 1477 938 1521 972; x_wconf 92' lang='lat' dir='ltr'>et</span> <span class='ocrx_word' id='word_1_125' title='bbox 1561 929 1753 972; x_wconf 89' lang='lat' dir='ltr'>verbum</span> <span class='ocrx_word' id='word_1_126' title='bbox 1794 928 2077 989; x_wconf 85' lang='lat' dir='ltr'>intelligibile</span> 
     </span>
     <span class='ocr_line' id='line_1_12' title="bbox 49 995 1975 1054; baseline -0.001 -14"><span class='ocrx_word' id='word_1_127' title='bbox 49 1011 55 1019; x_wconf 93' lang='lat'><strong>·</strong></span> <span class='ocrx_word' id='word_1_128' title='bbox 115 995 186 1040; x_wconf 83' lang='lat' dir='ltr'>sui</span> <span class='ocrx_word' id='word_1_129' title='bbox 217 995 372 1054; x_wconf 90' lang='lat' dir='ltr'>ipsius.</span> <span class='ocrx_word' id='word_1_130' title='bbox 1971 1016 1975 1021; x_wconf 74' lang='lat'>,</span> 
     </span>
    </p>

    <p class='ocr_par' dir='ltr' id='par_1_3' title="bbox 113 1060 2117 2593">
     <span class='ocr_line' id='line_1_13' title="bbox 202 1060 2075 1120; baseline 0 -14"><span class='ocrx_word' id='word_1_131' title='bbox 202 1061 270 1106; x_wconf 82' lang='lat' dir='ltr'>Ex</span> <span class='ocrx_word' id='word_1_132' title='bbox 295 1061 365 1105; x_wconf 90' lang='lat' dir='ltr'>his</span> <span class='ocrx_word' id='word_1_133' title='bbox 393 1060 530 1105; x_wconf 90' lang='lat' dir='ltr'>etiam</span> <span class='ocrx_word' id='word_1_134' title='bbox 557 1075 673 1120; x_wconf 90' lang='lat' dir='ltr'>quae</span> <span class='ocrx_word' id='word_1_135' title='bbox 699 1060 820 1104; x_wconf 91' lang='lat' dir='ltr'>dicta</span> <span class='ocrx_word' id='word_1_136' title='bbox 845 1070 949 1104; x_wconf 89' lang='lat' dir='ltr'>sunt</span> <span class='ocrx_word' id='word_1_137' title='bbox 981 1070 1133 1120; x_wconf 91' lang='lat' dir='ltr'>potest</span> <span class='ocrx_word' id='word_1_138' title='bbox 1165 1075 1262 1105; x_wconf 89' lang='lat' dir='ltr'>esse</span> <span class='ocrx_word' id='word_1_139' title='bbox 1289 1060 1582 1105; x_wconf 89' lang='lat' dir='ltr'>manifestum</span> <span class='ocrx_word' id='word_1_140' title='bbox 1610 1061 1732 1120; x_wconf 92' lang='lat' dir='ltr'>quod</span> <span class='ocrx_word' id='word_1_141' title='bbox 1760 1060 2006 1106; x_wconf 88' lang='lat' dir='ltr'>relationes</span> <span class='ocrx_word' id='word_1_142' title='bbox 2029 1062 2075 1106; x_wconf 90' lang='lat' dir='ltr'>in</span> 
     </span>
     <span class='ocr_line' id='line_1_14' title="bbox 114 1127 2078 1187; baseline 0.001 -14"><span class='ocrx_word' id='word_1_143' title='bbox 114 1128 220 1173; x_wconf 90' lang='lat' dir='ltr'>Deo</span> <span class='ocrx_word' id='word_1_144' title='bbox 241 1138 343 1172; x_wconf 91' lang='lat' dir='ltr'>sunt</span> <span class='ocrx_word' id='word_1_145' title='bbox 365 1128 616 1172; x_wconf 89' lang='lat' dir='ltr'>secundum</span> <span class='ocrx_word' id='word_1_146' title='bbox 641 1141 752 1181; x_wconf 91' lang='lat' dir='ltr'>rem,</span> <span class='ocrx_word' id='word_1_147' title='bbox 771 1137 815 1171; x_wconf 91' lang='lat' dir='ltr'>et</span> <span class='ocrx_word' id='word_1_148' title='bbox 831 1142 924 1171; x_wconf 91' lang='lat' dir='ltr'>non</span> <span class='ocrx_word' id='word_1_149' title='bbox 945 1127 1045 1171; x_wconf 93' lang='lat' dir='ltr'>solo</span> <span class='ocrx_word' id='word_1_150' title='bbox 1064 1127 1308 1171; x_wconf 88' lang='lat' dir='ltr'>intellectu.</span> <span class='ocrx_word' id='word_1_151' title='bbox 1330 1127 1496 1172; x_wconf 91' lang='lat' dir='ltr'>Omnis</span> <span class='ocrx_word' id='word_1_152' title='bbox 1515 1128 1638 1172; x_wconf 88' lang='lat' dir='ltr'>enim</span> <span class='ocrx_word' id='word_1_153' title='bbox 1655 1127 1815 1172; x_wconf 90' lang='lat' dir='ltr'>relatio</span> <span class='ocrx_word' id='word_1_154' title='bbox 1834 1143 1950 1187; x_wconf 89' lang='lat' dir='ltr'>quae</span> <span class='ocrx_word' id='word_1_155' title='bbox 1968 1143 2078 1174; x_wconf 91' lang='lat' dir='ltr'>con-</span> 
     </span>
     <span class='ocr_line' id='line_1_15' title="bbox 115 1194 2072 1255; baseline -0.001 -14"><span class='ocrx_word' id='word_1_156' title='bbox 115 1195 316 1255; x_wconf 80' lang='lat' dir='ltr'>sequitur</span> <span class='ocrx_word' id='word_1_157' title='bbox 340 1195 569 1254; x_wconf 88' lang='lat' dir='ltr'>propriam</span> <span class='ocrx_word' id='word_1_158' title='bbox 596 1195 912 1253; x_wconf 88' lang='lat' dir='ltr'>operationem</span> <span class='ocrx_word' id='word_1_159' title='bbox 940 1194 1128 1252; x_wconf 87' lang='lat' dir='ltr'>alicujus</span> <span class='ocrx_word' id='word_1_160' title='bbox 1155 1194 1220 1238; x_wconf 90' lang='lat' dir='ltr'>rei</span> <span class='ocrx_word' id='word_1_161' title='bbox 1248 1204 1325 1238; x_wconf 90' lang='lat' dir='ltr'>aut</span> <span class='ocrx_word' id='word_1_162' title='bbox 1360 1195 1626 1252; x_wconf 88' lang='lat' dir='ltr'>potentiam,</span> <span class='ocrx_word' id='word_1_163' title='bbox 1654 1205 1731 1239; x_wconf 91' lang='lat' dir='ltr'>aut</span> <span class='ocrx_word' id='word_1_164' title='bbox 1756 1196 2072 1254; x_wconf 85' lang='lat' dir='ltr'>quantitatem,</span> 
     </span>
     <span class='ocr_line' id='line_1_16' title="bbox 116 1259 2076 1321; baseline 0.001 -15"><span class='ocrx_word' id='word_1_165' title='bbox 116 1269 193 1307; x_wconf 67' lang='lat' dir='ltr'>aut</span> <span class='ocrx_word' id='word_1_166' title='bbox 218 1261 386 1321; x_wconf 89' lang='lat' dir='ltr'>aliquid</span> <span class='ocrx_word' id='word_1_167' title='bbox 411 1261 689 1320; x_wconf 89' lang='lat' dir='ltr'>hujusmodi,</span> <span class='ocrx_word' id='word_1_168' title='bbox 715 1261 896 1305; x_wconf 90' lang='lat' dir='ltr'>realiter</span> <span class='ocrx_word' id='word_1_169' title='bbox 927 1261 973 1304; x_wconf 88' lang='lat' dir='ltr'>in</span> <span class='ocrx_word' id='word_1_170' title='bbox 1001 1275 1058 1305; x_wconf 91' lang='lat' dir='ltr'>eo</span> <span class='ocrx_word' id='word_1_171' title='bbox 1085 1261 1282 1315; x_wconf 80' lang='lat' dir='ltr'>exsistit3</span> <span class='ocrx_word' id='word_1_172' title='bbox 1321 1259 1451 1305; x_wconf 88' lang='lat' dir='ltr'>aliter</span> <span class='ocrx_word' id='word_1_173' title='bbox 1475 1261 1598 1305; x_wconf 87' lang='lat' dir='ltr'>enim</span> <span class='ocrx_word' id='word_1_174' title='bbox 1632 1272 1750 1306; x_wconf 91' lang='lat' dir='ltr'>esset</span> <span class='ocrx_word' id='word_1_175' title='bbox 1779 1262 1826 1306; x_wconf 90' lang='lat' dir='ltr'>in</span> <span class='ocrx_word' id='word_1_176' title='bbox 1861 1276 1933 1316; x_wconf 89' lang='lat' dir='ltr'>eo,</span> <span class='ocrx_word' id='word_1_177' title='bbox 1974 1262 2076 1308; x_wconf 92' lang='lat' dir='ltr'>solo</span> 
     </span>
     <span class='ocr_line' id='line_1_17' title="bbox 115 1327 2079 1387; baseline 0.001 -15"><span class='ocrx_word' id='word_1_178' title='bbox 115 1327 365 1383; x_wconf 82' lang='lat' dir='ltr'>intellectu,</span> <span class='ocrx_word' id='word_1_179' title='bbox 393 1328 510 1372; x_wconf 90' lang='lat' dir='ltr'>sicut</span> <span class='ocrx_word' id='word_1_180' title='bbox 542 1337 729 1387; x_wconf 86' lang='lat' dir='ltr'>apparet</span> <span class='ocrx_word' id='word_1_181' title='bbox 755 1329 810 1372; x_wconf 93' lang='lat' dir='ltr'>de</span> <span class='ocrx_word' id='word_1_182' title='bbox 837 1328 1026 1372; x_wconf 90' lang='lat' dir='ltr'>scientia</span> <span class='ocrx_word' id='word_1_183' title='bbox 1059 1338 1102 1371; x_wconf 90' lang='lat' dir='ltr'>et</span> <span class='ocrx_word' id='word_1_184' title='bbox 1127 1327 1297 1382; x_wconf 91' lang='lat' dir='ltr'>scibili;</span> <span class='ocrx_word' id='word_1_185' title='bbox 1323 1327 1484 1372; x_wconf 89' lang='lat' dir='ltr'>relatio</span> <span class='ocrx_word' id='word_1_186' title='bbox 1513 1328 1634 1372; x_wconf 90' lang='lat' dir='ltr'>enim</span> <span class='ocrx_word' id='word_1_187' title='bbox 1668 1329 1885 1374; x_wconf 89' lang='lat' dir='ltr'>scientiae</span> <span class='ocrx_word' id='word_1_188' title='bbox 1918 1329 1974 1374; x_wconf 91' lang='lat' dir='ltr'>ad</span> <span class='ocrx_word' id='word_1_189' title='bbox 1996 1328 2079 1374; x_wconf 92' lang='lat' dir='ltr'>sci-</span> 
     </span>
     <span class='ocr_line' id='line_1_18' title="bbox 115 1394 2076 1455; baseline 0.001 -16"><span class='ocrx_word' id='word_1_190' title='bbox 115 1394 205 1440; x_wconf 88' lang='lat' dir='ltr'>bile</span> <span class='ocrx_word' id='word_1_191' title='bbox 231 1395 526 1455; x_wconf 86' lang='lat' dir='ltr'>consequitur</span> <span class='ocrx_word' id='word_1_192' title='bbox 552 1395 782 1439; x_wconf 88' lang='lat' dir='ltr'>actionem</span> <span class='ocrx_word' id='word_1_193' title='bbox 809 1395 1006 1448; x_wconf 90' lang='lat' dir='ltr'>scientis‚</span> <span class='ocrx_word' id='word_1_194' title='bbox 1023 1408 1117 1438; x_wconf 88' lang='lat' dir='ltr'>non</span> <span class='ocrx_word' id='word_1_195' title='bbox 1136 1404 1287 1438; x_wconf 82' lang='lat' dir='ltr'>autem</span> <span class='ocrx_word' id='word_1_196' title='bbox 1311 1395 1540 1438; x_wconf 90' lang='lat' dir='ltr'>actionem</span> <span class='ocrx_word' id='word_1_197' title='bbox 1558 1394 1751 1450; x_wconf 90' lang='lat' dir='ltr'>scibilis;</span> <span class='ocrx_word' id='word_1_198' title='bbox 1777 1395 1932 1440; x_wconf 89' lang='lat' dir='ltr'>scibile</span> <span class='ocrx_word' id='word_1_199' title='bbox 1952 1398 2076 1441; x_wconf 88' lang='lat' dir='ltr'>enirn</span> 
     </span>
     <span class='ocr_line' id='line_1_19' title="bbox 114 1461 2073 1522; baseline 0 -15"><span class='ocrx_word' id='word_1_200' title='bbox 114 1462 280 1507; x_wconf 87' lang='lat' dir='ltr'>eodem</span> <span class='ocrx_word' id='word_1_201' title='bbox 307 1463 450 1506; x_wconf 90' lang='lat' dir='ltr'>modo</span> <span class='ocrx_word' id='word_1_202' title='bbox 476 1476 524 1507; x_wconf 89' lang='lat' dir='ltr'>se</span> <span class='ocrx_word' id='word_1_203' title='bbox 550 1462 702 1515; x_wconf 92' lang='lat' dir='ltr'>habet,</span> <span class='ocrx_word' id='word_1_204' title='bbox 739 1472 960 1521; x_wconf 88' lang='lat' dir='ltr'>quantum</span> <span class='ocrx_word' id='word_1_205' title='bbox 987 1462 1032 1506; x_wconf 90' lang='lat' dir='ltr'>in</span> <span class='ocrx_word' id='word_1_206' title='bbox 1059 1476 1108 1506; x_wconf 89' lang='lat' dir='ltr'>se</span> <span class='ocrx_word' id='word_1_207' title='bbox 1135 1470 1215 1516; x_wconf 92' lang='lat' dir='ltr'>est,</span> <span class='ocrx_word' id='word_1_208' title='bbox 1243 1471 1286 1505; x_wconf 89' lang='lat' dir='ltr'>et</span> <span class='ocrx_word' id='word_1_209' title='bbox 1312 1462 1494 1520; x_wconf 91' lang='lat' dir='ltr'>quando</span> <span class='ocrx_word' id='word_1_210' title='bbox 1520 1461 1788 1520; x_wconf 87' lang='lat' dir='ltr'>intelligitur</span> <span class='ocrx_word' id='word_1_211' title='bbox 1819 1472 1864 1507; x_wconf 90' lang='lat' dir='ltr'>et</span> <span class='ocrx_word' id='word_1_212' title='bbox 1889 1463 2073 1522; x_wconf 89' lang='lat' dir='ltr'>quando</span> 
     </span>
     <span class='ocr_line' id='line_1_20' title="bbox 114 1528 2078 1588; baseline 0.001 -14"><span class='ocrx_word' id='word_1_213' title='bbox 114 1542 208 1575; x_wconf 87' lang='lat' dir='ltr'>non</span> <span class='ocrx_word' id='word_1_214' title='bbox 233 1528 519 1588; x_wconf 65' lang='lat' dir='ltr'>intelligitur-3</span> <span class='ocrx_word' id='word_1_215' title='bbox 535 1538 591 1573; x_wconf 62' lang='lat' dir='ltr'>*et</span> <span class='ocrx_word' id='word_1_216' title='bbox 615 1529 719 1572; x_wconf 90' lang='lat' dir='ltr'>ideo</span> <span class='ocrx_word' id='word_1_217' title='bbox 747 1528 908 1573; x_wconf 89' lang='lat' dir='ltr'>relatio</span> <span class='ocrx_word' id='word_1_218' title='bbox 935 1529 981 1571; x_wconf 91' lang='lat' dir='ltr'>in</span> <span class='ocrx_word' id='word_1_219' title='bbox 1014 1529 1184 1572; x_wconf 89' lang='lat' dir='ltr'>sciente</span> <span class='ocrx_word' id='word_1_220' title='bbox 1215 1529 1398 1572; x_wconf 89' lang='lat' dir='ltr'>realiter</span> <span class='ocrx_word' id='word_1_221' title='bbox 1424 1538 1503 1583; x_wconf 92' lang='lat' dir='ltr'>est,</span> <span class='ocrx_word' id='word_1_222' title='bbox 1522 1529 1567 1571; x_wconf 92' lang='lat' dir='ltr'>in</span> <span class='ocrx_word' id='word_1_223' title='bbox 1587 1528 1733 1573; x_wconf 90' lang='lat' dir='ltr'>scibili</span> <span class='ocrx_word' id='word_1_224' title='bbox 1751 1539 1903 1574; x_wconf 90' lang='lat' dir='ltr'>autem</span> <span class='ocrx_word' id='word_1_225' title='bbox 1920 1544 2078 1575; x_wconf 90' lang='lat' dir='ltr'>secun-</span> 
     </span>
     <span class='ocr_line' id='line_1_21' title="bbox 116 1594 2076 1654; baseline 0.001 -14"><span class='ocrx_word' id='word_1_226' title='bbox 116 1596 227 1640; x_wconf 88' lang='lat' dir='ltr'>dum</span> <span class='ocrx_word' id='word_1_227' title='bbox 251 1595 536 1641; x_wconf 88' lang='lat' dir='ltr'>intellectum</span> <span class='ocrx_word' id='word_1_228' title='bbox 561 1606 761 1650; x_wconf 84' lang='lat' dir='ltr'>tantum3</span> <span class='ocrx_word' id='word_1_229' title='bbox 795 1595 957 1639; x_wconf 90' lang='lat' dir='ltr'>dicitur</span> <span class='ocrx_word' id='word_1_230' title='bbox 984 1596 1106 1640; x_wconf 90' lang='lat' dir='ltr'>enim</span> <span class='ocrx_word' id='word_1_231' title='bbox 1132 1594 1254 1653; x_wconf 92' lang='lat' dir='ltr'>quod</span> <span class='ocrx_word' id='word_1_232' title='bbox 1287 1594 1554 1654; x_wconf 88' lang='lat' dir='ltr'>intelligitur</span> <span class='ocrx_word' id='word_1_233' title='bbox 1575 1595 1732 1640; x_wconf 90' lang='lat' dir='ltr'>scibile</span> <span class='ocrx_word' id='word_1_234' title='bbox 1760 1596 1815 1640; x_wconf 89' lang='lat' dir='ltr'>ad</span> <span class='ocrx_word' id='word_1_235' title='bbox 1837 1598 2076 1642; x_wconf 84' lang='lat' dir='ltr'>scientiam</span> 
     </span>
     <span class='ocr_line' id='line_1_22' title="bbox 114 1661 2078 1723; baseline 0.001 -15"><span class='ocrx_word' id='word_1_236' title='bbox 114 1663 316 1718; x_wconf 87' lang='lat' dir='ltr'>relative,</span> <span class='ocrx_word' id='word_1_237' title='bbox 343 1676 398 1707; x_wconf 86' lang='lat' dir='ltr'>ex</span> <span class='ocrx_word' id='word_1_238' title='bbox 424 1677 480 1706; x_wconf 91' lang='lat' dir='ltr'>eo</span> <span class='ocrx_word' id='word_1_239' title='bbox 508 1662 630 1722; x_wconf 91' lang='lat' dir='ltr'>quod</span> <span class='ocrx_word' id='word_1_240' title='bbox 661 1662 852 1707; x_wconf 90' lang='lat' dir='ltr'>scientia</span> <span class='ocrx_word' id='word_1_241' title='bbox 876 1661 1066 1706; x_wconf 89' lang='lat' dir='ltr'>refertur</span> <span class='ocrx_word' id='word_1_242' title='bbox 1098 1662 1154 1705; x_wconf 90' lang='lat' dir='ltr'>ad</span> <span class='ocrx_word' id='word_1_243' title='bbox 1186 1662 1349 1721; x_wconf 91' lang='lat' dir='ltr'>ipsum.</span> <span class='ocrx_word' id='word_1_244' title='bbox 1390 1661 1550 1706; x_wconf 90' lang='lat' dir='ltr'>Simile</span> <span class='ocrx_word' id='word_1_245' title='bbox 1591 1676 1773 1722; x_wconf 89' lang='lat' dir='ltr'>quoque</span> <span class='ocrx_word' id='word_1_246' title='bbox 1805 1675 1991 1723; x_wconf 90' lang='lat' dir='ltr'>apparet</span> <span class='ocrx_word' id='word_1_247' title='bbox 2030 1665 2078 1709; x_wconf 88' lang='lat' dir='ltr'>in</span> 
     </span>
     <span class='ocr_line' id='line_1_23' title="bbox 115 1729 2080 1790; baseline 0.001 -15"><span class='ocrx_word' id='word_1_248' title='bbox 115 1729 273 1775; x_wconf 84' lang='lat' dir='ltr'>dextro</span> <span class='ocrx_word' id='word_1_249' title='bbox 300 1738 343 1774; x_wconf 92' lang='lat' dir='ltr'>et</span> <span class='ocrx_word' id='word_1_250' title='bbox 371 1729 577 1784; x_wconf 79' lang='lat' dir='ltr'>sinisti-03</span> <span class='ocrx_word' id='word_1_251' title='bbox 604 1729 650 1772; x_wconf 90' lang='lat' dir='ltr'>in</span> <span class='ocrx_word' id='word_1_252' title='bbox 677 1729 949 1773; x_wconf 88' lang='lat' dir='ltr'>animalibus</span> <span class='ocrx_word' id='word_1_253' title='bbox 980 1729 1103 1772; x_wconf 92' lang='lat' dir='ltr'>enim</span> <span class='ocrx_word' id='word_1_254' title='bbox 1129 1739 1233 1772; x_wconf 91' lang='lat' dir='ltr'>sunt</span> <span class='ocrx_word' id='word_1_255' title='bbox 1265 1729 1503 1773; x_wconf 88' lang='lat' dir='ltr'>distinctae</span> <span class='ocrx_word' id='word_1_256' title='bbox 1526 1729 1714 1774; x_wconf 88' lang='lat' dir='ltr'>virtutes</span> <span class='ocrx_word' id='word_1_257' title='bbox 1742 1745 1796 1774; x_wconf 87' lang='lat' dir='ltr'>ex</span> <span class='ocrx_word' id='word_1_258' title='bbox 1829 1731 1989 1790; x_wconf 90' lang='lat' dir='ltr'>quibus</span> <span class='ocrx_word' id='word_1_259' title='bbox 2015 1746 2080 1776; x_wconf 90' lang='lat' dir='ltr'>re-</span> 
     </span>
     <span class='ocr_line' id='line_1_24' title="bbox 114 1795 2117 1855; baseline 0 -13"><span class='ocrx_word' id='word_1_260' title='bbox 114 1797 225 1842; x_wconf 89' lang='lat' dir='ltr'>latio</span> <span class='ocrx_word' id='word_1_261' title='bbox 258 1796 400 1841; x_wconf 83' lang='lat' dir='ltr'>dextri</span> <span class='ocrx_word' id='word_1_262' title='bbox 425 1805 470 1840; x_wconf 89' lang='lat' dir='ltr'>et</span> <span class='ocrx_word' id='word_1_263' title='bbox 501 1796 666 1840; x_wconf 89' lang='lat' dir='ltr'>sinistri</span> <span class='ocrx_word' id='word_1_264' title='bbox 700 1796 954 1855; x_wconf 82' lang='lat' dir='ltr'>consurgit3</span> <span class='ocrx_word' id='word_1_265' title='bbox 988 1805 1172 1854; x_wconf 87' lang='lat' dir='ltr'>propter</span> <span class='ocrx_word' id='word_1_266' title='bbox 1213 1796 1335 1854; x_wconf 90' lang='lat' dir='ltr'>quod</span> <span class='ocrx_word' id='word_1_267' title='bbox 1361 1795 1464 1839; x_wconf 90' lang='lat' dir='ltr'>talis</span> <span class='ocrx_word' id='word_1_268' title='bbox 1490 1796 1652 1840; x_wconf 87' lang='lat' dir='ltr'>relatio</span> <span class='ocrx_word' id='word_1_269' title='bbox 1684 1811 1791 1841; x_wconf 89' lang='lat' dir='ltr'>vere</span> <span class='ocrx_word' id='word_1_270' title='bbox 1819 1808 1863 1842; x_wconf 94' lang='lat' dir='ltr'>et</span> <span class='ocrx_word' id='word_1_271' title='bbox 1894 1798 2078 1842; x_wconf 90' lang='lat' dir='ltr'>realiter</span> <span class='ocrx_word' id='word_1_272' title='bbox 2115 1819 2117 1821; x_wconf 95' lang='lat'>·</span> 
     </span>
     <span class='ocr_line' id='line_1_25' title="bbox 114 1862 2076 1922; baseline 0 -13"><span class='ocrx_word' id='word_1_273' title='bbox 114 1865 161 1909; x_wconf 79' lang='lat' dir='ltr'>iri</span> <span class='ocrx_word' id='word_1_274' title='bbox 188 1863 375 1908; x_wconf 83' lang='lat' dir='ltr'>animali</span> <span class='ocrx_word' id='word_1_275' title='bbox 400 1863 627 1918; x_wconf 84' lang='lat' dir='ltr'>consistit;</span> <span class='ocrx_word' id='word_1_276' title='bbox 654 1864 787 1917; x_wconf 92' lang='lat' dir='ltr'>unde,</span> <span class='ocrx_word' id='word_1_277' title='bbox 813 1862 1205 1922; x_wconf 89' lang='lat' dir='ltr'>qualitercumque</span> <span class='ocrx_word' id='word_1_278' title='bbox 1230 1873 1431 1906; x_wconf 89' lang='lat' dir='ltr'>vertatur</span> <span class='ocrx_word' id='word_1_279' title='bbox 1467 1863 1652 1916; x_wconf 86' lang='lat' dir='ltr'>animal,</span> <span class='ocrx_word' id='word_1_280' title='bbox 1693 1878 1876 1922; x_wconf 90' lang='lat' dir='ltr'>semper</span> <span class='ocrx_word' id='word_1_281' title='bbox 1915 1864 2076 1909; x_wconf 91' lang='lat' dir='ltr'>relatio</span> 
     </span>
     <span class='ocr_line' id='line_1_26' title="bbox 115 1929 2076 1990; baseline 0.001 -15"><span class='ocrx_word' id='word_1_282' title='bbox 115 1932 279 1990; x_wconf 85' lang='lat' dir='ltr'>eodem</span> <span class='ocrx_word' id='word_1_283' title='bbox 307 1930 447 1975; x_wconf 92' lang='lat' dir='ltr'>modo</span> <span class='ocrx_word' id='word_1_284' title='bbox 474 1939 654 1983; x_wconf 84' lang='lat' dir='ltr'>manet;</span> <span class='ocrx_word' id='word_1_285' title='bbox 681 1944 914 1989; x_wconf 90' lang='lat' dir='ltr'>nunquam</span> <span class='ocrx_word' id='word_1_286' title='bbox 942 1930 1063 1973; x_wconf 89' lang='lat' dir='ltr'>enim</span> <span class='ocrx_word' id='word_1_287' title='bbox 1098 1943 1201 1988; x_wconf 89' lang='lat' dir='ltr'>pars</span> <span class='ocrx_word' id='word_1_288' title='bbox 1227 1929 1381 1973; x_wconf 89' lang='lat' dir='ltr'>dextra</span> <span class='ocrx_word' id='word_1_289' title='bbox 1408 1930 1586 1974; x_wconf 87' lang='lat' dir='ltr'>sinistra</span> <span class='ocrx_word' id='word_1_290' title='bbox 1619 1930 1806 1975; x_wconf 87' lang='lat' dir='ltr'>dicetur.</span> <span class='ocrx_word' id='word_1_291' title='bbox 1839 1931 1930 1976; x_wconf 90' lang='lat' dir='ltr'>Res</span> <span class='ocrx_word' id='word_1_292' title='bbox 1966 1946 2076 1976; x_wconf 89' lang='lat' dir='ltr'>vero</span> 
     </span>
     <span class='ocr_line' id='line_1_27' title="bbox 113 1990 2079 2056; baseline 0.001 -14"><span class='ocrx_word' id='word_1_293' title='bbox 113 1990 405 2052; x_wconf 83' lang='lat' dir='ltr'>inanimatae,</span> <span class='ocrx_word' id='word_1_294' title='bbox 438 2007 553 2056; x_wconf 88' lang='lat' dir='ltr'>quae</span> <span class='ocrx_word' id='word_1_295' title='bbox 580 1997 820 2055; x_wconf 89' lang='lat' dir='ltr'>praedictis</span> <span class='ocrx_word' id='word_1_296' title='bbox 846 1997 1083 2040; x_wconf 88' lang='lat' dir='ltr'>virtutibus</span> <span class='ocrx_word' id='word_1_297' title='bbox 1125 2006 1293 2050; x_wconf 88' lang='lat' dir='ltr'>carent,</span> <span class='ocrx_word' id='word_1_298' title='bbox 1335 2010 1428 2040; x_wconf 91' lang='lat' dir='ltr'>non</span> <span class='ocrx_word' id='word_1_299' title='bbox 1470 1996 1640 2040; x_wconf 89' lang='lat' dir='ltr'>habent</span> <span class='ocrx_word' id='word_1_300' title='bbox 1666 1998 1711 2040; x_wconf 89' lang='lat' dir='ltr'>in</span> <span class='ocrx_word' id='word_1_301' title='bbox 1739 2012 1786 2042; x_wconf 90' lang='lat' dir='ltr'>se</span> <span class='ocrx_word' id='word_1_302' title='bbox 1813 1998 2079 2056; x_wconf 84' lang='lat' dir='ltr'>hujusmodi</span> 
     </span>
     <span class='ocr_line' id='line_1_28' title="bbox 115 2063 2076 2116; baseline 0.001 -8"><span class='ocrx_word' id='word_1_303' title='bbox 115 2064 386 2110; x_wconf 89' lang='lat' dir='ltr'>relationem</span> <span class='ocrx_word' id='word_1_304' title='bbox 412 2063 592 2108; x_wconf 87' lang='lat' dir='ltr'>realiter</span> <span class='ocrx_word' id='word_1_305' title='bbox 618 2064 923 2116; x_wconf 86' lang='lat' dir='ltr'>exsistentem,</span> <span class='ocrx_word' id='word_1_306' title='bbox 947 2064 1024 2107; x_wconf 90' lang='lat' dir='ltr'>sed</span> <span class='ocrx_word' id='word_1_307' title='bbox 1041 2063 1338 2107; x_wconf 90' lang='lat' dir='ltr'>nominantur</span> <span class='ocrx_word' id='word_1_308' title='bbox 1363 2063 1615 2107; x_wconf 88' lang='lat' dir='ltr'>secundum</span> <span class='ocrx_word' id='word_1_309' title='bbox 1638 2063 1908 2108; x_wconf 89' lang='lat' dir='ltr'>relationem</span> <span class='ocrx_word' id='word_1_310' title='bbox 1931 2065 2076 2110; x_wconf 84' lang='lat' dir='ltr'>dextri</span> 
     </span>
     <span class='ocr_line' id='line_1_29' title="bbox 115 2130 2077 2190; baseline -0.001 -14"><span class='ocrx_word' id='word_1_311' title='bbox 115 2143 193 2176; x_wconf 89' lang='lat' dir='ltr'>aut</span> <span class='ocrx_word' id='word_1_312' title='bbox 217 2132 383 2177; x_wconf 88' lang='lat' dir='ltr'>sinistri</span> <span class='ocrx_word' id='word_1_313' title='bbox 414 2145 469 2175; x_wconf 87' lang='lat' dir='ltr'>ex</span> <span class='ocrx_word' id='word_1_314' title='bbox 494 2145 550 2175; x_wconf 92' lang='lat' dir='ltr'>eo</span> <span class='ocrx_word' id='word_1_315' title='bbox 578 2131 699 2190; x_wconf 90' lang='lat' dir='ltr'>quod</span> <span class='ocrx_word' id='word_1_316' title='bbox 728 2130 942 2174; x_wconf 90' lang='lat' dir='ltr'>animalia</span> <span class='ocrx_word' id='word_1_317' title='bbox 982 2130 1134 2189; x_wconf 90' lang='lat' dir='ltr'>aliquo</span> <span class='ocrx_word' id='word_1_318' title='bbox 1173 2131 1314 2174; x_wconf 90' lang='lat' dir='ltr'>modo</span> <span class='ocrx_word' id='word_1_319' title='bbox 1356 2144 1404 2173; x_wconf 91' lang='lat' dir='ltr'>se</span> <span class='ocrx_word' id='word_1_320' title='bbox 1444 2130 1614 2174; x_wconf 88' lang='lat' dir='ltr'>habent</span> <span class='ocrx_word' id='word_1_321' title='bbox 1647 2131 1702 2174; x_wconf 90' lang='lat' dir='ltr'>ad</span> <span class='ocrx_word' id='word_1_322' title='bbox 1742 2131 1916 2190; x_wconf 87' lang='lat' dir='ltr'>ipsum;</span> <span class='ocrx_word' id='word_1_323' title='bbox 1957 2132 2077 2176; x_wconf 91' lang='lat' dir='ltr'>unde</span> 
     </span>
     <span class='ocr_line' id='line_1_30' title="bbox 115 2197 2077 2256; baseline -0.001 -12"><span class='ocrx_word' id='word_1_324' title='bbox 115 2199 279 2245; x_wconf 87' lang='lat' dir='ltr'>eadem</span> <span class='ocrx_word' id='word_1_325' title='bbox 305 2198 522 2242; x_wconf 86' lang='lat' dir='ltr'>columna</span> <span class='ocrx_word' id='word_1_326' title='bbox 547 2212 669 2242; x_wconf 89' lang='lat' dir='ltr'>nunc</span> <span class='ocrx_word' id='word_1_327' title='bbox 696 2198 851 2242; x_wconf 82' lang='lat' dir='ltr'>dextra</span> <span class='ocrx_word' id='word_1_328' title='bbox 883 2211 1003 2241; x_wconf 89' lang='lat' dir='ltr'>nunc</span> <span class='ocrx_word' id='word_1_329' title='bbox 1037 2197 1215 2241; x_wconf 89' lang='lat' dir='ltr'>sinistra</span> <span class='ocrx_word' id='word_1_330' title='bbox 1253 2197 1428 2250; x_wconf 89' lang='lat' dir='ltr'>dicitur,</span> <span class='ocrx_word' id='word_1_331' title='bbox 1461 2197 1712 2240; x_wconf 91' lang='lat' dir='ltr'>secundum</span> <span class='ocrx_word' id='word_1_332' title='bbox 1745 2199 1868 2256; x_wconf 92' lang='lat' dir='ltr'>quod</span> <span class='ocrx_word' id='word_1_333' title='bbox 1906 2198 2077 2243; x_wconf 90' lang='lat' dir='ltr'>animal</span> 
     </span>
     <span class='ocr_line' id='line_1_31' title="bbox 115 2262 2077 2322; baseline -0.001 -11"><span class='ocrx_word' id='word_1_334' title='bbox 115 2280 170 2311; x_wconf 83' lang='lat' dir='ltr'>ex</span> <span class='ocrx_word' id='word_1_335' title='bbox 201 2266 379 2311; x_wconf 87' lang='lat' dir='ltr'>diverso</span> <span class='ocrx_word' id='word_1_336' title='bbox 412 2265 498 2309; x_wconf 90' lang='lat' dir='ltr'>situ</span> <span class='ocrx_word' id='word_1_337' title='bbox 536 2266 576 2309; x_wconf 94' lang='lat' dir='ltr'>ei</span> <span class='ocrx_word' id='word_1_338' title='bbox 614 2274 921 2322; x_wconf 87' lang='lat' dir='ltr'>comparatur.</span> <span class='ocrx_word' id='word_1_339' title='bbox 960 2263 1141 2308; x_wconf 90' lang='lat' dir='ltr'>Relatio</span> <span class='ocrx_word' id='word_1_340' title='bbox 1184 2273 1337 2307; x_wconf 85' lang='lat' dir='ltr'>autem</span> <span class='ocrx_word' id='word_1_341' title='bbox 1368 2262 1509 2307; x_wconf 90' lang='lat' dir='ltr'>Verbi</span> <span class='ocrx_word' id='word_1_342' title='bbox 1550 2263 1607 2307; x_wconf 88' lang='lat' dir='ltr'>ad</span> <span class='ocrx_word' id='word_1_343' title='bbox 1648 2264 1801 2308; x_wconf 87' lang='lat' dir='ltr'>Deum</span> <span class='ocrx_word' id='word_1_344' title='bbox 1833 2265 2077 2320; x_wconf 89' lang='lat' dir='ltr'>dicentem,</span> 
     </span>
     <span class='ocr_line' id='line_1_32' title="bbox 115 2329 2076 2391; baseline -0.001 -13"><span class='ocrx_word' id='word_1_345' title='bbox 115 2333 241 2391; x_wconf 89' lang='lat' dir='ltr'>cujus</span> <span class='ocrx_word' id='word_1_346' title='bbox 273 2342 341 2377; x_wconf 90' lang='lat' dir='ltr'>est</span> <span class='ocrx_word' id='word_1_347' title='bbox 370 2332 590 2386; x_wconf 88' lang='lat' dir='ltr'>Verbum,</span> <span class='ocrx_word' id='word_1_348' title='bbox 623 2332 669 2375; x_wconf 90' lang='lat' dir='ltr'>in</span> <span class='ocrx_word' id='word_1_349' title='bbox 706 2331 809 2375; x_wconf 93' lang='lat' dir='ltr'>Deo</span> <span class='ocrx_word' id='word_1_350' title='bbox 842 2331 1024 2389; x_wconf 89' lang='lat' dir='ltr'>ponitur</span> <span class='ocrx_word' id='word_1_351' title='bbox 1057 2344 1111 2374; x_wconf 85' lang='lat' dir='ltr'>ex</span> <span class='ocrx_word' id='word_1_352' title='bbox 1153 2330 1244 2374; x_wconf 87' lang='lat' dir='ltr'>hoc</span> <span class='ocrx_word' id='word_1_353' title='bbox 1278 2329 1399 2388; x_wconf 91' lang='lat' dir='ltr'>quod</span> <span class='ocrx_word' id='word_1_354' title='bbox 1433 2330 1560 2374; x_wconf 90' lang='lat' dir='ltr'>Deus</span> <span class='ocrx_word' id='word_1_355' title='bbox 1601 2330 1798 2390; x_wconf 90' lang='lat' dir='ltr'>seipsum</span> <span class='ocrx_word' id='word_1_356' title='bbox 1840 2331 2076 2390; x_wconf 88' lang='lat' dir='ltr'>intelligit;</span> 
     </span>
     <span class='ocr_line' id='line_1_33' title="bbox 113 2397 2078 2460; baseline -0.001 -15"><span class='ocrx_word' id='word_1_357' title='bbox 113 2414 229 2460; x_wconf 89' lang='lat' dir='ltr'>quae</span> <span class='ocrx_word' id='word_1_358' title='bbox 255 2399 439 2459; x_wconf 90' lang='lat' dir='ltr'>quidem</span> <span class='ocrx_word' id='word_1_359' title='bbox 467 2398 672 2458; x_wconf 91' lang='lat' dir='ltr'>operatio</span> <span class='ocrx_word' id='word_1_360' title='bbox 704 2398 750 2442; x_wconf 92' lang='lat' dir='ltr'>in</span> <span class='ocrx_word' id='word_1_361' title='bbox 775 2398 879 2442; x_wconf 92' lang='lat' dir='ltr'>Deo</span> <span class='ocrx_word' id='word_1_362' title='bbox 908 2406 988 2450; x_wconf 90' lang='lat' dir='ltr'>est,</span> <span class='ocrx_word' id='word_1_363' title='bbox 1021 2397 1094 2441; x_wconf 89' lang='lat' dir='ltr'>vel</span> <span class='ocrx_word' id='word_1_364' title='bbox 1114 2397 1269 2456; x_wconf 76' lang='lat' dir='ltr'>‘magis</span> <span class='ocrx_word' id='word_1_365' title='bbox 1298 2406 1364 2441; x_wconf 91' lang='lat' dir='ltr'>est</span> <span class='ocrx_word' id='word_1_366' title='bbox 1390 2397 1486 2456; x_wconf 90' lang='lat' dir='ltr'>ipse</span> <span class='ocrx_word' id='word_1_367' title='bbox 1513 2397 1654 2450; x_wconf 91' lang='lat' dir='ltr'>Deus,</span> <span class='ocrx_word' id='word_1_368' title='bbox 1688 2408 1736 2442; x_wconf 90' lang='lat' dir='ltr'>ut</span> <span class='ocrx_word' id='word_1_369' title='bbox 1762 2413 1897 2457; x_wconf 91' lang='lat' dir='ltr'>supra</span> <span class='ocrx_word' id='word_1_370' title='bbox 1931 2408 2078 2443; x_wconf 89' lang='lat' dir='ltr'>osten-</span> 
     </span>
     <span class='ocr_line' id='line_1_34' title="bbox 114 2463 2078 2525; baseline -0.001 -13"><span class='ocrx_word' id='word_1_371' title='bbox 114 2481 216 2512; x_wconf 87' lang='lat' dir='ltr'>sum</span> <span class='ocrx_word' id='word_1_372' title='bbox 243 2476 324 2511; x_wconf 89' lang='lat' dir='ltr'>est.</span> <span class='ocrx_word' id='word_1_373' title='bbox 351 2465 638 2525; x_wconf 90' lang='lat' dir='ltr'>Relinquitur</span> <span class='ocrx_word' id='word_1_374' title='bbox 668 2465 805 2524; x_wconf 89' lang='lat' dir='ltr'>igitur</span> <span class='ocrx_word' id='word_1_375' title='bbox 830 2464 1083 2524; x_wconf 90' lang='lat' dir='ltr'>praedictas</span> <span class='ocrx_word' id='word_1_376' title='bbox 1107 2463 1354 2508; x_wconf 88' lang='lat' dir='ltr'>relationes</span> <span class='ocrx_word' id='word_1_377' title='bbox 1381 2465 1425 2507; x_wconf 91' lang='lat' dir='ltr'>in</span> <span class='ocrx_word' id='word_1_378' title='bbox 1452 2464 1554 2508; x_wconf 93' lang='lat' dir='ltr'>Deo</span> <span class='ocrx_word' id='word_1_379' title='bbox 1582 2479 1680 2509; x_wconf 88' lang='lat' dir='ltr'>esse</span> <span class='ocrx_word' id='word_1_380' title='bbox 1698 2479 1804 2509; x_wconf 89' lang='lat' dir='ltr'>vere</span> <span class='ocrx_word' id='word_1_381' title='bbox 1824 2476 1867 2510; x_wconf 93' lang='lat' dir='ltr'>et</span> <span class='ocrx_word' id='word_1_382' title='bbox 1883 2465 2078 2520; x_wconf 89' lang='lat' dir='ltr'>realiter,</span> 
     </span>
     <span class='ocr_line' id='line_1_35' title="bbox 113 2531 1230 2593; baseline -0.003 -15"><span class='ocrx_word' id='word_1_383' title='bbox 113 2548 206 2578; x_wconf 90' lang='lat' dir='ltr'>non</span> <span class='ocrx_word' id='word_1_384' title='bbox 239 2533 391 2593; x_wconf 85' lang='lat' dir='ltr'>solum</span> <span class='ocrx_word' id='word_1_385' title='bbox 417 2532 668 2577; x_wconf 90' lang='lat' dir='ltr'>secundum</span> <span class='ocrx_word' id='word_1_386' title='bbox 696 2531 982 2576; x_wconf 88' lang='lat' dir='ltr'>intellectum</span> <span class='ocrx_word' id='word_1_387' title='bbox 1007 2541 1230 2576; x_wconf 86' lang='lat' dir='ltr'>nostrum.</span> 
     </span>
    </p>

    <p class='ocr_par' dir='ltr' id='par_1_4' title="bbox 204 2597 2072 2658">
     <span class='ocr_line' id='line_1_36' title="bbox 204 2597 2072 2658; baseline 0 -15"><span class='ocrx_word' id='word_1_388' title='bbox 204 2599 429 2653; x_wconf 89' lang='lat' dir='ltr'>Quamvis</span> <span class='ocrx_word' id='word_1_389' title='bbox 455 2609 608 2657; x_wconf 82' lang='lat' dir='ltr'>autem</span> <span class='ocrx_word' id='word_1_390' title='bbox 634 2599 681 2642; x_wconf 92' lang='lat' dir='ltr'>in</span> <span class='ocrx_word' id='word_1_391' title='bbox 706 2599 808 2642; x_wconf 90' lang='lat' dir='ltr'>Deo</span> <span class='ocrx_word' id='word_1_392' title='bbox 836 2608 1029 2657; x_wconf 89' lang='lat' dir='ltr'>ponatur</span> <span class='ocrx_word' id='word_1_393' title='bbox 1063 2612 1160 2642; x_wconf 87' lang='lat' dir='ltr'>esse</span> <span class='ocrx_word' id='word_1_394' title='bbox 1193 2597 1368 2651; x_wconf 90' lang='lat' dir='ltr'>relatio,</span> <span class='ocrx_word' id='word_1_395' title='bbox 1401 2612 1495 2642; x_wconf 91' lang='lat' dir='ltr'>non</span> <span class='ocrx_word' id='word_1_396' title='bbox 1528 2607 1682 2641; x_wconf 88' lang='lat' dir='ltr'>tamen</span> <span class='ocrx_word' id='word_1_397' title='bbox 1715 2599 1916 2657; x_wconf 86' lang='lat' dir='ltr'>sequitur</span> <span class='ocrx_word' id='word_1_398' title='bbox 1948 2603 2072 2658; x_wconf 90' lang='lat' dir='ltr'>quod</span> 
     </span>
    </p>
   </div>
   <div class='ocr_carea' id='block_1_3' title="bbox 16 2662 2078 2724">
    <p class='ocr_par' dir='ltr' id='par_1_5' title="bbox 16 2647 2078 2724">
     <span class='ocr_line' id='line_1_37' title="bbox 16 2662 2078 2724; baseline 0 -15"><span class='ocrx_word' id='word_1_399' title='bbox 16 2662 41 2709; x_wconf 64' lang='grc' dir='ltr'>«ζ</span> <span class='ocrx_word' id='word_1_400' title='bbox 112 2668 160 2712; x_wconf 91' lang='lat' dir='ltr'>in</span> <span class='ocrx_word' id='word_1_401' title='bbox 185 2667 288 2711; x_wconf 92' lang='lat' dir='ltr'>Deo</span> <span class='ocrx_word' id='word_1_402' title='bbox 320 2667 377 2710; x_wconf 89' lang='lat' dir='ltr'>sit</span> <span class='ocrx_word' id='word_1_403' title='bbox 402 2664 570 2724; x_wconf 88' lang='lat' dir='ltr'>aliquid</span> <span class='ocrx_word' id='word_1_404' title='bbox 601 2665 773 2708; x_wconf 90' lang='lat' dir='ltr'>habens</span> <span class='ocrx_word' id='word_1_405' title='bbox 806 2678 903 2708; x_wconf 88' lang='lat' dir='ltr'>esse</span> <span class='ocrx_word' id='word_1_406' title='bbox 935 2664 1210 2722; x_wconf 88' lang='lat' dir='ltr'>dependens.</span> <span class='ocrx_word' id='word_1_407' title='bbox 1242 2664 1294 2707; x_wconf 91' lang='lat' dir='ltr'>In</span> <span class='ocrx_word' id='word_1_408' title='bbox 1320 2664 1452 2707; x_wconf 91' lang='lat' dir='ltr'>nobis</span> <span class='ocrx_word' id='word_1_409' title='bbox 1483 2665 1606 2707; x_wconf 88' lang='lat' dir='ltr'>enim</span> <span class='ocrx_word' id='word_1_410' title='bbox 1633 2664 1876 2708; x_wconf 89' lang='lat' dir='ltr'>relationes</span> <span class='ocrx_word' id='word_1_411' title='bbox 1908 2665 2078 2710; x_wconf 90' lang='lat' dir='ltr'>habent</span> 
     </span>
    </p>
   </div>
   <div class='ocr_carea' id='block_1_4' title="bbox 114 2730 2078 2792">
    <p class='ocr_par' dir='ltr' id='par_1_6' title="bbox 114 2730 2078 2792">
     <span class='ocr_line' id='line_1_38' title="bbox 114 2730 2078 2792; baseline -0.002 -13"><span class='ocrx_word' id='word_1_412' title='bbox 114 2747 212 2779; x_wconf 85' lang='lat' dir='ltr'>esse</span> <span class='ocrx_word' id='word_1_413' title='bbox 245 2732 517 2792; x_wconf 89' lang='lat' dir='ltr'>dependens,</span> <span class='ocrx_word' id='word_1_414' title='bbox 552 2732 655 2790; x_wconf 90' lang='lat' dir='ltr'>quia</span> <span class='ocrx_word' id='word_1_415' title='bbox 689 2745 846 2775; x_wconf 87' lang='lat' dir='ltr'>earum</span> <span class='ocrx_word' id='word_1_416' title='bbox 873 2744 971 2775; x_wconf 88' lang='lat' dir='ltr'>esse</span> <span class='ocrx_word' id='word_1_417' title='bbox 1005 2741 1071 2775; x_wconf 88' lang='lat' dir='ltr'>est</span> <span class='ocrx_word' id='word_1_418' title='bbox 1093 2730 1212 2773; x_wconf 90' lang='lat' dir='ltr'>aliud</span> <span class='ocrx_word' id='word_1_419' title='bbox 1238 2730 1291 2773; x_wconf 90' lang='lat' dir='ltr'>ab</span> <span class='ocrx_word' id='word_1_420' title='bbox 1322 2744 1420 2774; x_wconf 88' lang='lat' dir='ltr'>esse</span> <span class='ocrx_word' id='word_1_421' title='bbox 1447 2730 1737 2785; x_wconf 85' lang='lat' dir='ltr'>substantiae,</span> <span class='ocrx_word' id='word_1_422' title='bbox 1764 2732 1884 2775; x_wconf 90' lang='lat' dir='ltr'>unde</span> <span class='ocrx_word' id='word_1_423' title='bbox 1906 2732 2078 2777; x_wconf 89' lang='lat' dir='ltr'>habent</span> 
     </span>
    </p>
   </div>
   <div class='ocr_carea' id='block_1_5' title="bbox 23 2789 2078 2924">
    <p class='ocr_par' dir='ltr' id='par_1_7' title="bbox 23 2789 2078 2924">
     <span class='ocr_line' id='line_1_39' title="bbox 23 2789 2078 2860; baseline 0 -18"><span class='ocrx_word' id='word_1_424' title='bbox 23 2789 56 2857; x_wconf 50' lang='lat' dir='ltr'>&#39;J</span> <span class='ocrx_word' id='word_1_425' title='bbox 100 2799 348 2860; x_wconf 69' lang='lat' dir='ltr'>,³proprium</span> <span class='ocrx_word' id='word_1_426' title='bbox 381 2798 574 2842; x_wconf 90' lang='lat' dir='ltr'>modum</span> <span class='ocrx_word' id='word_1_427' title='bbox 605 2798 782 2842; x_wconf 87' lang='lat' dir='ltr'>essendi</span> <span class='ocrx_word' id='word_1_428' title='bbox 810 2797 1060 2841; x_wconf 91' lang='lat' dir='ltr'>secundum</span> <span class='ocrx_word' id='word_1_429' title='bbox 1084 2797 1316 2856; x_wconf 90' lang='lat' dir='ltr'>propriam</span> <span class='ocrx_word' id='word_1_430' title='bbox 1342 2797 1583 2850; x_wconf 89' lang='lat' dir='ltr'>rationem,</span> <span class='ocrx_word' id='word_1_431' title='bbox 1606 2797 1724 2841; x_wconf 88' lang='lat' dir='ltr'>sicut</span> <span class='ocrx_word' id='word_1_432' title='bbox 1745 2808 1789 2841; x_wconf 91' lang='lat' dir='ltr'>et</span> <span class='ocrx_word' id='word_1_433' title='bbox 1811 2797 1857 2841; x_wconf 90' lang='lat' dir='ltr'>in</span> <span class='ocrx_word' id='word_1_434' title='bbox 1883 2797 1982 2843; x_wconf 92' lang='lat' dir='ltr'>aliis</span> <span class='ocrx_word' id='word_1_435' title='bbox 2009 2813 2078 2843; x_wconf 86' lang='lat' dir='ltr'>ac·</span> 
     </span>
     <span class='ocr_line' id='line_1_40' title="bbox 31 2863 2076 2924; baseline -0 -13"><span class='ocrx_word' id='word_1_436' title='bbox 31 2881 51 2902; x_wconf 68' lang='grc'>«·</span> <span class='ocrx_word' id='word_1_437' title='bbox 114 2866 365 2911; x_wconf 87' lang='lat' dir='ltr'>cidentibus</span> <span class='ocrx_word' id='word_1_438' title='bbox 397 2865 640 2923; x_wconf 83' lang='lat' dir='ltr'>contingit3</span> <span class='ocrx_word' id='word_1_439' title='bbox 680 2866 785 2923; x_wconf 89' lang='lat' dir='ltr'>quia</span> <span class='ocrx_word' id='word_1_440' title='bbox 827 2864 950 2907; x_wconf 89' lang='lat' dir='ltr'>enim</span> <span class='ocrx_word' id='word_1_441' title='bbox 992 2864 1148 2907; x_wconf 84' lang='lat' dir='ltr'>omnia</span> <span class='ocrx_word' id='word_1_442' title='bbox 1191 2863 1443 2907; x_wconf 90' lang='lat' dir='ltr'>accidentia</span> <span class='ocrx_word' id='word_1_443' title='bbox 1488 2873 1592 2908; x_wconf 90' lang='lat' dir='ltr'>sunt</span> <span class='ocrx_word' id='word_1_444' title='bbox 1632 2863 1808 2908; x_wconf 89' lang='lat' dir='ltr'>formae</span> <span class='ocrx_word' id='word_1_445' title='bbox 1852 2865 2076 2924; x_wconf 90' lang='lat' dir='ltr'>quaedam</span> 
     </span>
    </p>
   </div>
   <div class='ocr_carea' id='block_1_6' title="bbox 113 2930 2079 3123">
    <p class='ocr_par' dir='ltr' id='par_1_8' title="bbox 34 2918 2079 3123">
     <span class='ocr_line' id='line_1_41' title="bbox 113 2930 2075 2991; baseline -0 -13.039"><span class='ocrx_word' id='word_1_446' title='bbox 113 2933 387 2978; x_wconf 85' lang='lat' dir='ltr'>substantiae</span> <span class='ocrx_word' id='word_1_447' title='bbox 418 2931 732 2991; x_wconf 90' lang='lat' dir='ltr'>superadditae</span> <span class='ocrx_word' id='word_1_448' title='bbox 767 2940 811 2974; x_wconf 92' lang='lat' dir='ltr'>et</span> <span class='ocrx_word' id='word_1_449' title='bbox 843 2945 867 2974; x_wconf 93' lang='lat' dir='ltr'>a</span> <span class='ocrx_word' id='word_1_450' title='bbox 902 2930 1131 2989; x_wconf 89' lang='lat' dir='ltr'>principiis</span> <span class='ocrx_word' id='word_1_451' title='bbox 1164 2930 1439 2974; x_wconf 89' lang='lat' dir='ltr'>substantiae</span> <span class='ocrx_word' id='word_1_452' title='bbox 1474 2940 1701 2984; x_wconf 89' lang='lat' dir='ltr'>causatae‚</span> <span class='ocrx_word' id='word_1_453' title='bbox 1739 2941 1921 2990; x_wconf 89' lang='lat' dir='ltr'>oportet</span> <span class='ocrx_word' id='word_1_454' title='bbox 1951 2933 2075 2991; x_wconf 92' lang='lat' dir='ltr'>quod</span> 
     </span>
     <span class='ocr_line' id='line_1_42' title="bbox 113 2997 2073 3057; baseline -0 -13.036"><span class='ocrx_word' id='word_1_455' title='bbox 113 3012 274 3045; x_wconf 82' lang='lat' dir='ltr'>eorum</span> <span class='ocrx_word' id='word_1_456' title='bbox 299 3013 398 3043; x_wconf 89' lang='lat' dir='ltr'>esse</span> <span class='ocrx_word' id='word_1_457' title='bbox 430 3001 487 3043; x_wconf 89' lang='lat' dir='ltr'>sit</span> <span class='ocrx_word' id='word_1_458' title='bbox 518 2997 856 3057; x_wconf 86' lang='lat' dir='ltr'>superadditum</span> <span class='ocrx_word' id='word_1_459' title='bbox 890 3011 1024 3055; x_wconf 92' lang='lat' dir='ltr'>supra</span> <span class='ocrx_word' id='word_1_460' title='bbox 1051 3011 1148 3041; x_wconf 89' lang='lat' dir='ltr'>esse</span> <span class='ocrx_word' id='word_1_461' title='bbox 1182 2997 1459 3041; x_wconf 87' lang='lat' dir='ltr'>substantiae</span> <span class='ocrx_word' id='word_1_462' title='bbox 1493 3007 1536 3041; x_wconf 91' lang='lat' dir='ltr'>et</span> <span class='ocrx_word' id='word_1_463' title='bbox 1564 2997 1617 3040; x_wconf 85' lang='lat' dir='ltr'>ab</span> <span class='ocrx_word' id='word_1_464' title='bbox 1646 2998 1745 3055; x_wconf 90' lang='lat' dir='ltr'>ipso</span> <span class='ocrx_word' id='word_1_465' title='bbox 1784 2998 2073 3057; x_wconf 88' lang='lat' dir='ltr'>dependens;</span> 
     </span>
     <span class='ocr_line' id='line_1_43' title="bbox 114 3063 2079 3123; baseline -0 -12.037"><span class='ocrx_word' id='word_1_466' title='bbox 114 3068 159 3111; x_wconf 82' lang='lat' dir='ltr'>et</span> <span class='ocrx_word' id='word_1_467' title='bbox 181 3076 310 3111; x_wconf 87' lang='lat' dir='ltr'>tanto</span> <span class='ocrx_word' id='word_1_468' title='bbox 342 3066 696 3123; x_wconf 84' lang='lat' dir='ltr'>uniuscujusque</span> <span class='ocrx_word' id='word_1_469' title='bbox 724 3077 884 3107; x_wconf 89' lang='lat' dir='ltr'>eorum</span> <span class='ocrx_word' id='word_1_470' title='bbox 911 3077 1009 3107; x_wconf 89' lang='lat' dir='ltr'>esse</span> <span class='ocrx_word' id='word_1_471' title='bbox 1037 3073 1103 3107; x_wconf 88' lang='lat' dir='ltr'>est</span> <span class='ocrx_word' id='word_1_472' title='bbox 1134 3064 1255 3121; x_wconf 91' lang='lat' dir='ltr'>prius</span> <span class='ocrx_word' id='word_1_473' title='bbox 1279 3063 1351 3107; x_wconf 90' lang='lat' dir='ltr'>vel</span> <span class='ocrx_word' id='word_1_474' title='bbox 1378 3064 1615 3122; x_wconf 89' lang='lat' dir='ltr'>posterius,</span> <span class='ocrx_word' id='word_1_475' title='bbox 1641 3074 1811 3123; x_wconf 84' lang='lat' dir='ltr'>quanto</span> <span class='ocrx_word' id='word_1_476' title='bbox 1838 3066 1986 3110; x_wconf 88' lang='lat' dir='ltr'>forma</span> <span class='ocrx_word' id='word_1_477' title='bbox 2009 3081 2079 3110; x_wconf 90' lang='lat' dir='ltr'>ac-</span> 
     </span>
    </p>
   </div>
   <div class='ocr_carea' id='block_1_7' title="bbox 100 3129 2078 3189">
    <p class='ocr_par' dir='ltr' id='par_1_9' title="bbox 25 3123 2078 3189">
     <span class='ocr_line' id='line_1_44' title="bbox 100 3129 2078 3189; baseline 0 -12"><span class='ocrx_word' id='word_1_478' title='bbox 100 3131 350 3177; x_wconf 60' lang='lat' dir='ltr'>cidentalis</span> <span class='ocrx_word' id='word_1_479' title='bbox 387 3132 639 3176; x_wconf 90' lang='lat' dir='ltr'>secundum</span> <span class='ocrx_word' id='word_1_480' title='bbox 679 3130 909 3188; x_wconf 87' lang='lat' dir='ltr'>propriam</span> <span class='ocrx_word' id='word_1_481' title='bbox 942 3131 1167 3174; x_wconf 88' lang='lat' dir='ltr'>rationem</span> <span class='ocrx_word' id='word_1_482' title='bbox 1200 3129 1333 3173; x_wconf 89' lang='lat' dir='ltr'>fuerit</span> <span class='ocrx_word' id='word_1_483' title='bbox 1365 3130 1663 3189; x_wconf 89' lang='lat' dir='ltr'>propinquior</span> <span class='ocrx_word' id='word_1_484' title='bbox 1695 3131 1972 3177; x_wconf 88' lang='lat' dir='ltr'>substantiae</span> <span class='ocrx_word' id='word_1_485' title='bbox 2003 3133 2078 3177; x_wconf 89' lang='lat' dir='ltr'>vel</span> 
     </span>
    </p>
   </div>
   <div class='ocr_carea' id='block_1_8' title="bbox 36 3184 2077 3258">
    <p class='ocr_par' dir='ltr' id='par_1_10' title="bbox 36 3184 2077 3258">
     <span class='ocr_line' id='line_1_45' title="bbox 36 3184 2077 3258; baseline -0 -13"><span class='ocrx_word' id='word_1_486' title='bbox 36 3184 61 3246; x_wconf 50' lang='lat'>‚3</span> <span class='ocrx_word' id='word_1_487' title='bbox 100 3200 261 3258; x_wconf 77' lang='lat' dir='ltr'>‘magis</span> <span class='ocrx_word' id='word_1_488' title='bbox 293 3197 505 3258; x_wconf 86' lang='lat' dir='ltr'>perfecta.</span> <span class='ocrx_word' id='word_1_489' title='bbox 538 3198 729 3256; x_wconf 86' lang='lat' dir='ltr'>Propter</span> <span class='ocrx_word' id='word_1_490' title='bbox 766 3196 888 3255; x_wconf 90' lang='lat' dir='ltr'>quod</span> <span class='ocrx_word' id='word_1_491' title='bbox 922 3207 966 3240; x_wconf 90' lang='lat' dir='ltr'>et</span> <span class='ocrx_word' id='word_1_492' title='bbox 999 3196 1159 3241; x_wconf 86' lang='lat' dir='ltr'>relatio</span> <span class='ocrx_word' id='word_1_493' title='bbox 1204 3196 1382 3241; x_wconf 87' lang='lat' dir='ltr'>realiter</span> <span class='ocrx_word' id='word_1_494' title='bbox 1424 3197 1700 3241; x_wconf 72' lang='lat' dir='ltr'>substantiae</span> <span class='ocrx_word' id='word_1_495' title='bbox 1743 3198 1989 3244; x_wconf 90' lang='lat' dir='ltr'>adveniens</span> <span class='ocrx_word' id='word_1_496' title='bbox 2033 3210 2077 3244; x_wconf 91' lang='lat' dir='ltr'>et</span> 
     </span>
    </p>
   </div>
   <div class='ocr_carea' id='block_1_9' title="bbox 20 3255 2075 3391">
    <p class='ocr_par' dir='ltr' id='par_1_11' title="bbox 20 3255 2075 3391">
     <span class='ocr_line' id='line_1_46' title="bbox 20 3255 2075 3325; baseline 0 -15"><span class='ocrx_word' id='word_1_497' title='bbox 20 3255 57 3282; x_wconf 74' lang='grc' dir='ltr'>’ </span> <span class='ocrx_word' id='word_1_498' title='bbox 110 3274 396 3325; x_wconf 86' lang='lat' dir='ltr'>postremum</span> <span class='ocrx_word' id='word_1_499' title='bbox 422 3275 466 3309; x_wconf 92' lang='lat' dir='ltr'>et</span> <span class='ocrx_word' id='word_1_500' title='bbox 490 3263 938 3323; x_wconf 88' lang='lat' dir='ltr'>imperfectissimum</span> <span class='ocrx_word' id='word_1_501' title='bbox 965 3277 1063 3308; x_wconf 89' lang='lat' dir='ltr'>esse</span> <span class='ocrx_word' id='word_1_502' title='bbox 1090 3264 1250 3307; x_wconf 89' lang='lat' dir='ltr'>habet:</span> <span class='ocrx_word' id='word_1_503' title='bbox 1280 3275 1564 3322; x_wconf 89' lang='lat' dir='ltr'>postremum</span> <span class='ocrx_word' id='word_1_504' title='bbox 1596 3264 1794 3323; x_wconf 88' lang='lat' dir='ltr'>quidem,</span> <span class='ocrx_word' id='word_1_505' title='bbox 1836 3266 1942 3324; x_wconf 91' lang='lat' dir='ltr'>quia</span> <span class='ocrx_word' id='word_1_506' title='bbox 1981 3281 2075 3311; x_wconf 90' lang='lat' dir='ltr'>non</span> 
     </span>
     <span class='ocr_line' id='line_1_47' title="bbox 112 3330 2075 3391; baseline 0 -14.961"><span class='ocrx_word' id='word_1_507' title='bbox 112 3331 263 3377; x_wconf 82' lang='lat' dir='ltr'>solum</span> <span class='ocrx_word' id='word_1_508' title='bbox 289 3331 537 3391; x_wconf 86' lang='lat' dir='ltr'>praeexigit</span> <span class='ocrx_word' id='word_1_509' title='bbox 562 3344 660 3374; x_wconf 89' lang='lat' dir='ltr'>esse</span> <span class='ocrx_word' id='word_1_510' title='bbox 687 3330 980 3384; x_wconf 89' lang='lat' dir='ltr'>substantiae,</span> <span class='ocrx_word' id='word_1_511' title='bbox 1007 3330 1085 3375; x_wconf 89' lang='lat' dir='ltr'>sed</span> <span class='ocrx_word' id='word_1_512' title='bbox 1115 3331 1250 3374; x_wconf 88' lang='lat' dir='ltr'>etiam</span> <span class='ocrx_word' id='word_1_513' title='bbox 1295 3344 1392 3374; x_wconf 87' lang='lat' dir='ltr'>esse</span> <span class='ocrx_word' id='word_1_514' title='bbox 1437 3330 1629 3374; x_wconf 88' lang='lat' dir='ltr'>aliorum</span> <span class='ocrx_word' id='word_1_515' title='bbox 1674 3332 1992 3387; x_wconf 86' lang='lat' dir='ltr'>accidentium,</span> <span class='ocrx_word' id='word_1_516' title='bbox 2022 3348 2075 3378; x_wconf 86' lang='lat' dir='ltr'>ex</span> 
     </span>
    </p>
   </div>
   <div class='ocr_carea' id='block_1_10' title="bbox 36 3397 2075 3593">
    <p class='ocr_par' dir='ltr' id='par_1_12' title="bbox 36 3382 2075 3593">
     <span class='ocr_line' id='line_1_48' title="bbox 36 3397 2075 3458; baseline 0 -15"><span class='ocrx_word' id='word_1_517' title='bbox 36 3433 38 3438; x_wconf 73' lang='lat'><em>.</em></span> <span class='ocrx_word' id='word_1_518' title='bbox 113 3399 274 3458; x_wconf 89' lang='lat' dir='ltr'>quibus</span> <span class='ocrx_word' id='word_1_519' title='bbox 300 3409 510 3442; x_wconf 87' lang='lat' dir='ltr'>causatur</span> <span class='ocrx_word' id='word_1_520' title='bbox 532 3397 708 3450; x_wconf 87' lang='lat' dir='ltr'>relati0,</span> <span class='ocrx_word' id='word_1_521' title='bbox 726 3397 841 3440; x_wconf 87' lang='lat' dir='ltr'>sicut</span> <span class='ocrx_word' id='word_1_522' title='bbox 859 3411 999 3440; x_wconf 90' lang='lat' dir='ltr'>unum</span> <span class='ocrx_word' id='word_1_523' title='bbox 1019 3398 1062 3440; x_wconf 89' lang='lat' dir='ltr'>in</span> <span class='ocrx_word' id='word_1_524' title='bbox 1083 3399 1331 3455; x_wconf 85' lang='lat' dir='ltr'>quantitate</span> <span class='ocrx_word' id='word_1_525' title='bbox 1350 3407 1505 3441; x_wconf 79' lang='lat' dir='ltr'>causat</span> <span class='ocrx_word' id='word_1_526' title='bbox 1528 3397 1846 3456; x_wconf 90' lang='lat' dir='ltr'>aequalitatem</span> <span class='ocrx_word' id='word_1_527' title='bbox 1868 3410 1912 3443; x_wconf 90' lang='lat' dir='ltr'>et</span> <span class='ocrx_word' id='word_1_528' title='bbox 1934 3415 2075 3444; x_wconf 89' lang='lat' dir='ltr'>unum</span> 
     </span>
     <span class='ocr_line' id='line_1_49' title="bbox 112 3463 2074 3524; baseline 0.002 -16.864"><span class='ocrx_word' id='word_1_529' title='bbox 112 3464 158 3508; x_wconf 89' lang='lat' dir='ltr'>in</span> <span class='ocrx_word' id='word_1_530' title='bbox 185 3464 402 3524; x_wconf 90' lang='lat' dir='ltr'>qualitate</span> <span class='ocrx_word' id='word_1_531' title='bbox 428 3463 797 3518; x_wconf 88' lang='lat' dir='ltr'>similitudinem;</span> <span class='ocrx_word' id='word_1_532' title='bbox 823 3463 1270 3523; x_wconf 88' lang='lat' dir='ltr'>imperfectissimum</span> <span class='ocrx_word' id='word_1_533' title='bbox 1299 3474 1466 3517; x_wconf 90' lang='lat' dir='ltr'>autem,</span> <span class='ocrx_word' id='word_1_534' title='bbox 1494 3465 1599 3523; x_wconf 89' lang='lat' dir='ltr'>quia</span> <span class='ocrx_word' id='word_1_535' title='bbox 1632 3465 1813 3524; x_wconf 91' lang='lat' dir='ltr'>propria</span> <span class='ocrx_word' id='word_1_536' title='bbox 1841 3465 2074 3511; x_wconf 87' lang='lat' dir='ltr'>relationis</span> 
     </span>
     <span class='ocr_line' id='line_1_50' title="bbox 52 3530 2075 3593; baseline 0.001 -17.988"><span class='ocrx_word' id='word_1_537' title='bbox 52 3543 58 3547; x_wconf 65' lang='grc'>·’</span> <span class='ocrx_word' id='word_1_538' title='bbox 113 3532 228 3576; x_wconf 87' lang='lat' dir='ltr'>ratio</span> <span class='ocrx_word' id='word_1_539' title='bbox 262 3531 467 3577; x_wconf 89' lang='lat' dir='ltr'>consistit</span> <span class='ocrx_word' id='word_1_540' title='bbox 492 3530 537 3574; x_wconf 90' lang='lat' dir='ltr'>in</span> <span class='ocrx_word' id='word_1_541' title='bbox 565 3545 620 3574; x_wconf 89' lang='lat' dir='ltr'>eo</span> <span class='ocrx_word' id='word_1_542' title='bbox 648 3530 769 3589; x_wconf 93' lang='lat' dir='ltr'>quod</span> <span class='ocrx_word' id='word_1_543' title='bbox 804 3540 870 3575; x_wconf 89' lang='lat' dir='ltr'>est</span> <span class='ocrx_word' id='word_1_544' title='bbox 897 3530 952 3575; x_wconf 89' lang='lat' dir='ltr'>ad</span> <span class='ocrx_word' id='word_1_545' title='bbox 981 3530 1197 3584; x_wconf 84' lang='lat' dir='ltr'>alterum;</span> <span class='ocrx_word' id='word_1_546' title='bbox 1245 3531 1363 3574; x_wconf 89' lang='lat' dir='ltr'>unde</span> <span class='ocrx_word' id='word_1_547' title='bbox 1406 3544 1503 3575; x_wconf 87' lang='lat' dir='ltr'>esse</span> <span class='ocrx_word' id='word_1_548' title='bbox 1546 3532 1642 3590; x_wconf 87' lang='lat' dir='ltr'>ejus</span> <span class='ocrx_word' id='word_1_549' title='bbox 1675 3532 1910 3591; x_wconf 90' lang='lat' dir='ltr'>proprium</span> <span class='ocrx_word' id='word_1_550' title='bbox 1952 3535 2075 3593; x_wconf 90' lang='lat' dir='ltr'>quod</span> 
     </span>
    </p>
   </div>
   <div class='ocr_carea' id='block_1_11' title="bbox 114 3596 2074 3656">
    <p class='ocr_par' dir='ltr' id='par_1_13' title="bbox 39 3596 2074 3658">
     <span class='ocr_line' id='line_1_51' title="bbox 114 3596 2074 3656; baseline 0 -12.963"><span class='ocrx_word' id='word_1_551' title='bbox 114 3597 388 3643; x_wconf 85' lang='lat' dir='ltr'>substantiae</span> <span class='ocrx_word' id='word_1_552' title='bbox 415 3596 687 3656; x_wconf 88' lang='lat' dir='ltr'>superaddit,</span> <span class='ocrx_word' id='word_1_553' title='bbox 714 3611 806 3641; x_wconf 90' lang='lat' dir='ltr'>non</span> <span class='ocrx_word' id='word_1_554' title='bbox 835 3596 985 3642; x_wconf 92' lang='lat' dir='ltr'>solum</span> <span class='ocrx_word' id='word_1_555' title='bbox 1012 3597 1238 3656; x_wconf 90' lang='lat' dir='ltr'>dependet</span> <span class='ocrx_word' id='word_1_556' title='bbox 1259 3596 1312 3641; x_wconf 89' lang='lat' dir='ltr'>ab</span> <span class='ocrx_word' id='word_1_557' title='bbox 1338 3611 1435 3642; x_wconf 90' lang='lat' dir='ltr'>esse</span> <span class='ocrx_word' id='word_1_558' title='bbox 1453 3597 1743 3652; x_wconf 87' lang='lat' dir='ltr'>substantiae,</span> <span class='ocrx_word' id='word_1_559' title='bbox 1761 3598 1839 3643; x_wconf 90' lang='lat' dir='ltr'>sed</span> <span class='ocrx_word' id='word_1_560' title='bbox 1859 3600 1995 3644; x_wconf 89' lang='lat' dir='ltr'>etiam</span> <span class='ocrx_word' id='word_1_561' title='bbox 2020 3601 2074 3644; x_wconf 88' lang='lat' dir='ltr'>ab</span> 
     </span>
    </p>
   </div>
   <div class='ocr_carea' id='block_1_12' title="bbox 0 2065 66 3854">
    <p class='ocr_par' dir='ltr' id='par_1_14' title="bbox 0 2065 66 3854">
     <span class='ocr_line' id='line_1_52' title="bbox 0 2065 66 3854; baseline 0 0"><span class='ocrx_word' id='word_1_562' title='bbox 0 2065 66 3854; x_wconf 95' lang='lat' dir='ltr'> </span> 
     </span>
    </p>
   </div>
   <div class='ocr_carea' id='block_1_13' title="bbox 1009 3756 1028 3766">
    <p class='ocr_par' dir='ltr' id='par_1_15' title="bbox 1009 3756 1028 3766">
     <span class='ocr_line' id='line_1_53' title="bbox 1009 3756 1028 3766; baseline 0 0"><span class='ocrx_word' id='word_1_563' title='bbox 1009 3756 1028 3766; x_wconf 66' lang='lat' dir='ltr'>x</span> 
     </span>
    </p>
   </div>
  </div>
 </body>
</html>
