2332 3854
806 240 959 279 mnan
997 240 1074 279 111.
1116 239 1236 278 CAP.
1277 238 1383 278 m.
1956 227 2056 293 365

195 343 334 388 Item:
367 349 537 401 quanto
571 339 734 398 aliquis
759 339 1017 385 intellectus
1038 350 1105 385 est
1131 339 1279 392 altior,
1302 348 1431 384 tanto
1458 338 1589 397 plura
1616 339 1872 397 cognoscit,
1895 339 1970 383 vel
1992 353 2062 383 se-

110 409 310 456 cundum
336 421 488 452 rerum
506 406 947 459 multitudinem,vel
972 407 1136 451 saltem
1163 407 1414 450 secundum
1441 405 1707 449 earumdem
1733 419 1883 449 rerum
1909 404 2060 462 plures

110 475 330 526 rationes;
371 472 628 518 intellectus
673 483 827 517 autem
864 472 1043 516 divinus
1081 473 1256 516 excedit
1293 485 1480 516 omnem
1524 470 1807 514 intellectum
1844 482 2063 514 creatum.

108 539 244 593 Plura
270 541 405 599 igitur
431 539 672 598 cognoscit
697 552 835 597 quam
863 540 1013 582 omnis
1031 539 1290 585 intellectus
1305 549 1497 582 creatus.
1522 537 1626 581 Non
1647 547 1801 580 autem
1820 537 2062 594 cognoscit

109 606 277 664 aliquid
304 606 390 652 nisi
417 619 495 663 per
520 606 610 651 hoc
637 604 760 664 quod
787 619 918 648 suam
945 606 1188 648 essentiam
1220 605 1357 657 videt,
1385 614 1434 648 ut
1457 604 1503 648 in
1530 604 1680 660 primo
1707 604 1769 659 (c.
1796 601 1892 658 46.)
1915 613 2063 647 osten-

106 685 209 722 sum
230 682 310 716 est.
337 672 474 717 Plura
500 673 635 729 igitur
661 682 764 716 sunt
791 672 1123 728 cognoscibilia
1147 684 1225 728 per
1242 672 1488 715 essentiam
1517 671 1722 714 divinam
1745 683 1885 728 quam
1909 669 2061 713 omnis

107 737 364 784 intellectus
392 749 569 785 creatus
597 752 674 795 per
700 738 847 797 ipsam
873 737 1026 781 videre
1055 737 1210 795 possit.

198 804 386 849 Adhuc:
420 804 648 861 quantitas
679 804 854 846 virtutis
888 803 1130 846 attenditur
1162 802 1413 847 secundum
1439 816 1493 847 ea
1529 803 1575 847 in
1603 816 1719 861 quae
1746 812 1907 860 potest.
1936 800 2064 847 idem

108 868 248 927 igitur
273 879 341 913 est
367 882 647 926 cognoscere
675 870 831 912 omnia
857 869 903 911 in
932 883 1047 926 quae
1070 879 1220 927 potest
1253 869 1403 926 aliqua
1429 869 1584 922 virtuS,
1609 879 1652 912 et
1677 870 1823 927 ipsam
1850 869 2064 912 virtutem

110 935 510 994 comprehendere.
532 935 748 978 Divinam
772 945 925 977 autem
947 936 1174 987 virtutem,
1194 950 1299 978 cum
1327 936 1382 979 sit
1399 935 1586 989 infinita,
1615 949 1708 979 non
1732 945 1881 993 potest
1903 934 2064 993 aliquis

110 1011 286 1045 creatus
321 1001 579 1045 intellectus
615 1001 1019 1058 comprehendere,
1046 1001 1164 1044 sicut
1196 1015 1283 1046 nec
1324 1001 1568 1044 essentiam
1606 1002 1718 1057 ejus,
1745 1011 1793 1044 ut
1821 1001 2063 1059 probatum

0 1088 3 1134 f
60 1062 65 1068 ⁵
111 1076 179 1112 est
217 1068 278 1126 (c.
311 1067 414 1125 55.).
456 1067 618 1125 Neque
651 1067 788 1125 igitur
820 1066 1077 1110 intellectus
1111 1079 1287 1110 creatus
1321 1077 1470 1125 potest
1508 1080 1791 1124 cognoscere
1829 1067 1986 1110 omnia
2017 1067 2063 1109 in

110 1146 225 1193 quae
248 1133 401 1179 divina
431 1133 571 1176 virtus
603 1143 768 1192 potest.
803 1134 976 1178 Omnia
1010 1144 1162 1177 autem
1199 1134 1245 1176 in
1277 1147 1395 1192 quae
1429 1134 1581 1176 divina
1611 1133 1752 1176 virtus
1779 1143 1930 1191 potest
1961 1141 2065 1176 sunt

109 1213 190 1259 per
214 1199 455 1244 essentiam
484 1198 685 1242 divinam
714 1199 1069 1258 cognoscibilia3
1104 1202 1261 1243 omnia
1294 1200 1416 1245 enim
1449 1200 1690 1258 cognoscit
1722 1200 1861 1252 Deus,
1896 1209 1941 1243 et
1969 1213 2063 1243 non

108 1265 195 1309 nisi
221 1280 299 1324 per
330 1265 575 1309 essentiam
602 1279 747 1308 suam.
774 1265 882 1310 Non
916 1266 1051 1323 igitur
1078 1265 1334 1309 intellectus
1362 1278 1538 1309 creatus
1564 1266 1723 1310 videns
1746 1266 1948 1309 divinam
1967 1266 2067 1309 sub-

108 1335 319 1378 stant³am
346 1331 468 1375 videt
492 1332 649 1375 omnia
675 1346 790 1390 quae
822 1332 868 1374 in
895 1332 982 1375 Dei
1009 1332 1258 1376 substantia
1284 1332 1429 1375 videri
1456 1340 1659 1390 possunt.

197 1397 438 1456 Amplius:
470 1396 596 1440 nulla
628 1398 770 1440 virtus
804 1398 1120 1455 cognoscitiva
1154 1397 1394 1456 cognoscit
1425 1412 1520 1441 rem
1557 1397 1756 1456 aliquam
1787 1398 1877 1441 nisi
1908 1412 2066 1442 secun-

105 1463 215 1509 dum
245 1464 469 1507 rationem
503 1463 671 1522 proprii
703 1464 892 1520 objecti3
926 1477 1020 1507 non
1052 1464 1175 1507 enim
1201 1464 1301 1506 visu
1328 1465 1655 1521 cognoscimus
1690 1464 1859 1522 aliquid
1891 1465 1980 1508 nisi
2012 1466 2060 1509 in

107 1539 325 1590 quantum
352 1540 421 1574 est
444 1529 716 1574 coloratum.
746 1530 986 1587 Proprium
1009 1538 1162 1573 autem
1196 1530 1429 1586 objectum
1462 1530 1723 1574 intellectus
1750 1541 1819 1575 est
1845 1530 2064 1589 quidquid

110 1596 245 1641 estin
268 1596 517 1641 substantia
542 1596 622 1648 rei,
648 1606 697 1639 ut
722 1595 885 1639 dicitur
909 1596 955 1639 in
981 1597 1113 1640 tertio
1140 1596 1211 1639 De
1246 1596 1397 1639 anima
1424 1598 1476 1654 (t.
1505 1611 1542 1640 c.
1569 1597 1648 1656 9.).
1675 1597 1818 1654 Igitur
1843 1597 2062 1655 quidquid

108 1661 364 1707 intellectus
402 1663 458 1707 de
500 1662 650 1721 aliqua
687 1677 734 1706 re
767 1664 1019 1720 cognoscit,
1046 1663 1286 1721 cognoscit
1322 1677 1401 1721 per
1434 1664 1751 1722 cognitionem
1783 1664 2062 1708 substantiae

108 1728 230 1774 illius
255 1729 335 1774 rei.
368 1729 504 1774 Unde
529 1729 574 1774 in
597 1729 796 1787 qualibet
817 1729 1207 1773 demonstratione
1233 1743 1312 1788 per
1333 1744 1471 1787 quam
1498 1732 1788 1774 innotescunt
1811 1731 1942 1774 nobis
1965 1745 2063 1790 pro·

108 1795 207 1854 pria
238 1795 505 1849 accidentia,
535 1796 806 1855 principium
846 1795 1095 1854 accipimus
1135 1796 1258 1854 quod
1299 1795 1405 1854 quid
1438 1806 1518 1851 est,
1550 1806 1599 1840 ut
1641 1797 1804 1840 dicitur
1833 1797 1882 1840 in
1912 1797 2063 1856 primo

80 1864 85 1868 ”
109 1861 420 1909 Posteriorum
451 1862 505 1919 (t.
530 1876 569 1906 c.
595 1861 673 1920 9.).
709 1861 758 1906 Si
791 1870 944 1906 autem
970 1862 1269 1906 substantiam
1302 1861 1492 1920 alicujus
1519 1862 1585 1906 rei
1615 1862 1871 1907 intellectus
1895 1877 2065 1921 cogno·

109 1937 208 1973 scat
235 1942 315 1989 per
346 1927 611 1980 accidentia,
643 1927 760 1971 sicut
791 1927 954 1971 dicitur
984 1928 1031 1971 in
1057 1929 1206 1985 primo
1238 1928 1309 1972 De
1343 1929 1496 1972 anima
1522 1929 1573 1986 (t.
1594 1943 1631 1973 c.
1655 1930 1758 1985 11.)‚
1785 1930 1908 1988 quod
1936 1930 2064 1974 acci-

110 1993 262 2039 dentia
294 2008 511 2052 magnam
536 2003 712 2052 partem
746 1993 985 2037 conferunt
1017 1994 1071 2037 ad
1101 1995 1475 2052 cognoscendum
1498 1995 1620 2053 quod
1645 1996 1752 2053 quid
1775 2006 1856 2049 est,
1878 1996 1968 2040 hoc
1997 2006 2065 2041 est

110 2074 190 2120 per
213 2059 440 2114 accidens,
462 2060 508 2104 in
540 2070 760 2119 quantum
787 2061 990 2119 cognitio
1022 2059 1278 2105 intellectus
1310 2061 1453 2104 oritur
1475 2075 1500 2104 a
1526 2075 1674 2105 sensu.
1698 2061 1754 2105 Et
1779 2062 1844 2106 sic
1866 2076 1947 2119 per
1967 2077 2065 2107 sen-

111 2126 310 2172 sibilium
338 2126 641 2173 accidentium
674 2127 990 2184 cognitionem
1017 2137 1198 2184 oportet
1224 2127 1279 2170 ad
1306 2127 1582 2172 substantiae
1604 2128 1887 2173 intellectum
1912 2143 2065 2189 perve-

108 2193 220 2242 nire.
252 2192 443 2251 Propter
474 2193 596 2251 quod
629 2193 720 2237 hoc
751 2207 845 2237 non
877 2193 1015 2237 habet
1044 2192 1202 2238 locum
1235 2194 1283 2238 in
1313 2195 1665 2248 mathematicis,
1699 2196 1780 2239 sed
1809 2196 1857 2239 in
1888 2207 2066 2240 natura-

109 2258 228 2308 libus
268 2268 459 2309 tantum.
494 2259 731 2323 Quidquid
763 2259 901 2316 igitur
942 2268 1010 2303 est
1049 2260 1097 2304 in
1137 2274 1200 2313 re,
1234 2261 1357 2319 quod
1396 2275 1491 2305 non
1533 2271 1684 2319 potest
1725 2265 1945 2320 cognosci
1986 2277 2065 2322 per

109 2325 421 2384 cognitionem
446 2326 720 2370 substantiae
747 2326 857 2382 ejuS,
883 2335 1065 2383 oportet
1097 2339 1195 2370 esse
1223 2326 1474 2371 intellectui
1501 2329 1725 2385 ignotum.
1755 2328 1881 2380 Quid
1908 2339 2062 2374 autem

109 2385 220 2436 velit
244 2390 405 2450 aliquis
439 2391 595 2435 volens
621 2405 716 2436 non
741 2401 892 2449 potest
917 2392 1136 2450 cognosci
1168 2407 1249 2451 per
1270 2393 1584 2451 cognitionem
1612 2394 1887 2438 substantiae
1908 2395 2063 2454 ipsius.

110 2457 233 2506 Nam
262 2457 473 2503 voluntas
505 2471 599 2502 non
637 2459 782 2503 tendit
816 2460 862 2502 in
898 2472 978 2502 sua
1004 2458 1145 2502 volita
1178 2459 1368 2503 omnino
1410 2459 1686 2513 naturaliter,
1718 2472 1903 2519 propter
1942 2462 2066 2520 quod

110 2523 322 2568 voluntas
349 2533 395 2568 et
417 2536 576 2568 natura
603 2524 693 2568 duo
726 2524 946 2583 principia
972 2524 1119 2569 activa
1146 2535 1388 2583 ponuntur.
1423 2526 1529 2570 Non
1556 2536 1705 2583 potest
1735 2527 1874 2584 igitur
1905 2521 2066 2588 aliquis

110 2589 371 2638 intellectus.
392 2603 672 2647 cognoscere
697 2590 806 2648 quid
830 2590 991 2634 volens
1017 2590 1139 2645 velit,
1165 2591 1252 2635 nisi
1277 2590 1394 2635 forte
1416 2605 1495 2650 per
1521 2592 1698 2651 aliquos
1725 2593 1926 2647 effectus,
1949 2594 2066 2639 sicut

112 2669 218 2701 cum
247 2656 455 2700 videmus
487 2655 687 2714 aliquem
713 2655 969 2700 voluntarie
996 2667 1279 2714 operantem,
1306 2658 1474 2701 scimus
1510 2658 1616 2716 quid
1648 2659 1860 2712 voluerit,
1889 2670 1965 2704 aut
1986 2665 2065 2719 per

112 2735 313 2775 causam,
346 2722 463 2767 sicut
486 2722 613 2765 Deus
638 2721 896 2766 voluntates
921 2735 1100 2766 nostras
1132 2723 1196 2766 sic
1230 2732 1274 2766 et
1306 2722 1420 2767 alios
1457 2738 1565 2767 suos
1604 2723 1791 2768 effectus
1828 2728 2067 2784 cognoscit

112 2801 192 2847 per
220 2787 327 2840 hoc,
353 2787 474 2846 quod
502 2797 569 2832 est
590 2787 723 2831 nobis
745 2801 883 2830 causa
903 2787 1111 2840 volendi;
1136 2798 1213 2831 aut
1234 2802 1313 2846 per
1338 2789 1428 2832 hoc
1456 2790 1578 2847 quod
1606 2789 1767 2848 aliquis
1790 2790 1918 2834 alteri
1934 2806 2064 2836 suam

112 2852 396 2897 voluntatem
421 2852 633 2906 insinuat,
649 2862 698 2895 ut
724 2866 830 2895 curn
850 2852 1011 2911 aliquis
1037 2852 1270 2911 loquendo
1295 2868 1428 2898 suum
1456 2854 1668 2899 affectum
1697 2857 1919 2915 exprimit.
1941 2857 2064 2902 Cum

113 2919 251 2976 igitur
282 2917 425 2962 multa
451 2932 507 2962 ex
537 2918 734 2976 simplici
766 2918 854 2962 Dei
884 2918 1120 2963 voluntate
1153 2919 1451 2978 dependeant,
1484 2931 1532 2964 ut
1563 2921 1726 2978 partim
1764 2935 1817 2965 ex
1853 2924 2063 2981 superio-

114 2984 235 3028 ribus
268 2983 390 3040 (Lib.
413 2984 469 3028 11.
494 2997 532 3027 c.
561 2984 654 3041 27.)
681 2994 816 3041 patet,
850 2994 893 3028 et
925 2984 1072 3028 adhuc
1099 2985 1183 3029 erit
1224 2985 1418 3043 amplius
1460 2987 1776 3041 manifestum;
1808 2988 2064 3034 intellectus

115 3060 290 3096 creatus
321 3052 401 3094 etsi
428 3049 519 3093 Dei
549 3050 845 3094 substantiam
876 3050 1040 3104 videat,
1067 3065 1162 3095 non
1186 3061 1340 3096 tamen
1364 3054 1520 3097 omnia
1542 3054 1781 3111 cognoscit
1805 3069 1922 3112 quae
1938 3056 2063 3100 Deus

114 3130 193 3175 per
224 3130 351 3160 suam
385 3116 683 3161 substantiam
714 3116 850 3160 videt.

202 3182 360 3227 Potest
386 3191 538 3226 autem
561 3181 722 3240 aliquis
740 3192 898 3227 contra
923 3184 1150 3242 praedicta
1173 3184 1386 3242 objicere,
1404 3186 1525 3244 quod
1542 3185 1632 3229 Dei
1652 3187 1902 3231 substantia
1918 3189 2064 3246 majus

114 3256 181 3297 est
213 3248 381 3308 aliquid
417 3262 555 3307 quam
593 3249 748 3292 omnia
779 3263 896 3308 quae
928 3250 1024 3308 ipse
1059 3249 1223 3303 facere,
1250 3251 1322 3295 vel
1360 3251 1626 3309 intelligere,
1663 3252 1737 3296 vel
1767 3253 1883 3297 velle
1916 3264 2065 3311 potest

113 3324 292 3374 praeter
331 3314 546 3373 seipsum.
574 3314 708 3359 Unde
741 3315 777 3358 si
814 3315 1069 3360 intellectus
1098 3326 1273 3361 creatus
1295 3317 1384 3360 Dei
1405 3318 1702 3362 substantiam
1729 3319 1883 3363 videre
1899 3330 2063 3378 potest,

115 3380 259 3430 multo
292 3383 438 3439 magis
470 3379 684 3438 possibile
716 3390 783 3426 est
813 3383 935 3440 quod
968 3383 1124 3427 omnia
1162 3393 1412 3441 cognoscat
1437 3397 1552 3442 quae
1583 3384 1709 3429 Deus
1750 3399 1829 3443 per
1864 3386 2063 3445 seipsum

114 3444 438 3506 velintelligit,
467 3445 542 3492 vel
571 3446 685 3500 vult,
713 3446 787 3491 vel
816 3446 966 3492 facere
992 3458 1155 3507 potest.

203 3511 294 3561 sed
325 3513 365 3558 si
391 3511 629 3572 diligenter
651 3513 973 3568 consideretur,
998 3529 1093 3560 non
1116 3525 1183 3560 est
1206 3515 1410 3573 eiusdem
1434 3516 1622 3561 rationis
1648 3516 1815 3576 aliquid
1844 3519 2062 3577 cognosci

114 3577 160 3621 in
193 3578 340 3638 seipso
363 3588 408 3623 et
433 3578 478 3622 in
505 3592 586 3625 sua
618 3592 781 3633 causa3
812 3580 1038 3639 quaedam
1071 3582 1194 3626 enim
1226 3583 1270 3626 in
1302 3582 1459 3642 seipsis
1491 3582 1548 3627 de
1579 3582 1701 3630 facili
1735 3585 2062 3643 cognoscibilia
