2332 3854
804 224 957 262 Lmen
996 223 1073 262 111.
1116 224 1235 262 cAP.
1277 223 1404 261 Lvn.
1965 210 2068 278 367

210 326 298 370 Per
327 326 417 370 hoc
450 336 603 370 autem
643 323 895 369 excluditur
930 338 1056 369 error
1086 324 1392 383 quorumdam
1425 323 1504 383 qui
1535 323 1744 368 dicebant
1770 325 1892 383 quod
1921 326 2072 369 anima

120 392 335 447 humana,
355 401 772 451 quantumcumque
804 389 1018 444 elevetur,
1044 404 1138 434 non
1164 400 1316 450 potest
1346 391 1402 435 ad
1434 389 1758 449 aequalitatem
1786 391 2071 450 superiorum

120 458 434 504 intellectuum
458 458 708 518 pervenire.

846 631 1100 687 CAPUT
1143 632 1344 686 LVIII.

299 766 458 812 QUOD
501 767 642 805 UNUS
675 765 805 803 ALIO
846 765 1178 803 PERFECTIUS
1219 765 1375 803 DEUM
1413 764 1614 803 VIDI-:RE
1655 764 1888 803 POTEST.

733 865 787 922 (I.
811 872 927 925 part.
958 871 1109 924 quaest.
1136 865 1235 910 XII.
1268 871 1348 910 art.
1383 865 1463 923 6.).

205 977 328 1030 Quia
358 990 467 1021 vero
500 976 664 1020 modus
696 975 974 1034 operationis
1007 975 1299 1034 consequitur
1330 975 1530 1019 formam
1563 988 1679 1034 quae
1703 985 1771 1020 est
1796 975 2075 1034 operationis

120 1043 421 1105 principium;
459 1042 647 1086 visionis
689 1052 842 1085 autem
886 1056 974 1100 qua
1015 1041 1271 1085 intellectus
1314 1051 1490 1085 creatus
1533 1041 1734 1084 divinam
1777 1042 2075 1086 substantiam

118 1110 253 1163 videt,
268 1109 540 1170 principium
566 1108 798 1167 quoddam
825 1118 893 1151 est
916 1107 1074 1151 lumen
1107 1108 1407 1166 praedictum,
1430 1117 1479 1151 ut
1500 1121 1555 1150 ex
1582 1107 1711 1151 dictis
1734 1109 1794 1164 (c.
1818 1108 1907 1164 55.)
1929 1118 2073 1167 patet:

118 1189 308 1222 necesse
338 1185 405 1219 est
436 1175 558 1234 quod
589 1175 841 1219 secundum
884 1175 1076 1218 modum
1116 1174 1250 1231 hujus
1291 1173 1476 1218 luminis
1513 1174 1570 1217 sit
1601 1174 1767 1218 modus
1800 1175 1981 1220 divinae
2012 1176 2075 1219 vi·

119 1241 274 1288 sionis.
305 1240 530 1287 Possibile
556 1250 623 1285 est
654 1250 807 1284 autem
840 1241 974 1298 hujus
1006 1239 1191 1283 luminis
1224 1240 1426 1283 diversos
1460 1253 1559 1283 esse
1590 1241 1947 1298 participationis
1980 1255 2078 1300 gra·

121 1309 219 1363 dus,
250 1309 311 1352 ita
343 1308 465 1367 quod
498 1322 613 1351 unus
635 1322 690 1352 eo
714 1307 956 1366 perfectius
988 1306 1248 1359 illustretur,
1282 1320 1421 1364 quam
1448 1305 1576 1349 alius.
1604 1305 1829 1350 Possibile
1850 1307 1987 1365 igitur
2007 1318 2076 1352 est

120 1375 243 1434 quod
274 1388 390 1419 unus
421 1374 575 1418 Deum
604 1373 856 1418 videntium
888 1372 1198 1432 imperfectius
1232 1372 1322 1416 alio
1354 1372 1519 1425 videat,
1552 1373 1760 1431 quamvis
1796 1383 1986 1432 uterque
2015 1374 2077 1418 vi·

119 1441 225 1486 deat
254 1442 350 1499 ejus
381 1440 692 1485 substantiam.

207 1507 398 1552 Adhuc:
430 1507 477 1550 in
503 1520 794 1566 quocumque
821 1520 987 1565 genere
1021 1515 1089 1549 est
1120 1504 1305 1563 aliquod
1342 1518 1577 1548 summum
1610 1505 1732 1563 quod
1765 1506 1942 1551 excedit
1973 1506 2076 1562 alia,

120 1583 189 1619 est
219 1573 356 1618 etiam
381 1574 583 1617 invenire
616 1574 763 1631 magis
789 1583 834 1617 et
864 1573 1015 1616 minus
1047 1571 1299 1616 secundum
1333 1572 1559 1628 majorem
1585 1572 1985 1630 propinquitatem,
2002 1573 2077 1618 vel

120 1640 379 1685 distantiam
415 1640 469 1684 ab
501 1639 617 1698 ipso,
650 1640 767 1684 sicut
798 1638 948 1698 aliqua
975 1648 1078 1682 sunt
1103 1637 1251 1696 magis
1274 1647 1318 1681 et
1343 1639 1493 1681 minus
1517 1637 1664 1681 calida
1686 1639 1935 1683 secundum
1955 1640 2077 1699 quod

121 1706 268 1764 magis
299 1705 376 1750 vel
414 1707 565 1750 minus
606 1707 970 1765 appropinquant
1009 1705 1064 1748 ad
1097 1705 1267 1763 ignem,
1300 1704 1378 1762 qui
1410 1714 1477 1748 est
1511 1718 1690 1749 summe
1732 1705 1917 1750 calidus.
1949 1707 2076 1752 Deus

119 1784 273 1819 autem
306 1787 435 1818 suam
467 1773 763 1817 substantiam
802 1771 1128 1831 perfectissime
1160 1771 1296 1825 videt,
1339 1781 1497 1829 utpote
1539 1772 1616 1830 qui
1648 1771 1772 1816 solus
1813 1786 1915 1817 eam
1949 1787 2078 1818 com·

118 1840 369 1901 prehendit,
401 1849 451 1884 ut
474 1853 608 1899 supra
633 1840 694 1897 (c.
718 1840 806 1896 55.)
833 1849 1066 1883 ostensum
1090 1848 1170 1882 est.
1198 1838 1340 1896 Igitur
1373 1846 1417 1881 et
1443 1851 1550 1881 eum
1567 1838 1820 1882 videntium
1847 1853 1962 1884 unus
1984 1840 2076 1884 alio

119 1907 267 1966 magis
297 1905 372 1951 vel
401 1907 553 1950 minus
585 1906 882 1950 substantiam
914 1906 1010 1964 eJus
1040 1905 1178 1958 videt,
1210 1904 1464 1948 secundum
1497 1905 1619 1963 quod
1646 1906 1794 1964 magis
1824 1906 1899 1950 vel
1924 1907 2076 1952 minus

120 1974 163 2019 ei
193 1973 539 2033 appropinquat.

207 2039 443 2099 Amplius.
474 2038 631 2083 lumen
663 2038 836 2097 gloriae
869 2051 923 2081 ex
954 2038 1045 2082 hoc
1079 2037 1135 2080 ad
1169 2035 1369 2080 divinam
1402 2037 1632 2081 visionem
1665 2037 1827 2092 elevat,
1853 2040 1975 2097 quod
2009 2050 2077 2084 est

120 2106 344 2183 quaedam
381 2104 631 2150 similitudo
673 2104 929 2149 intellectus
962 2104 1115 2157 divini,
1148 2103 1266 2147 sicut
1297 2105 1389 2160 jam
1425 2103 1497 2162 (c.
1514 2103 1602 2161 53.)
1635 2104 1808 2148 dictum
1841 2115 1923 2151 est.
1958 2106 2078 2150 Con-

118 2172 252 2231 tingit
282 2181 435 2216 autem
468 2171 637 2230 aliquid
679 2171 826 2229 magis
857 2170 931 2214 vel
962 2171 1112 2214 minus
1146 2169 1386 2213 assimilari
1427 2170 1544 2214 Deo.
1578 2170 1801 2214 Possibile
1835 2182 1902 2216 est
1942 2173 2077 2231 igitur

119 2238 319 2298 aliquem
348 2236 590 2297 perfectius
619 2236 695 2281 vel
727 2237 877 2280 minus
904 2236 1113 2296 perfecte
1136 2236 1338 2280 divinam
1365 2227 1664 2280 substantiam
1697 2237 1865 2282 videre.

206 2303 347 2350 Item:
381 2318 487 2348 cum
517 2302 619 2347 finis
652 2303 1054 2362 proportionaliter
1095 2303 1369 2361 respondeat
1409 2304 1481 2347 his
1524 2318 1640 2362 quae
1681 2314 1786 2348 sunt
1826 2305 1881 2348 ad
1922 2299 2076 2360 finem,

120 2380 302 2431 oportet
331 2369 453 2429 quod
475 2370 592 2414 sicut
610 2369 759 2428 aliqua
777 2369 1079 2413 diversimode
1096 2380 1420 2428 praeparantur
1439 2369 1494 2414 ad
1520 2370 1704 2424 finem,
1693 2381 1755 2414 ita
1774 2371 2076 2416 diversimode

117 2437 384 2496 participent
413 2435 568 2480 finem.
599 2435 728 2479 Visio
763 2445 914 2479 autem
956 2436 1134 2479 divinae
1167 2436 1441 2480 substantiae
1479 2446 1544 2480 est
1577 2436 1765 2480 ultimus
1798 2437 1900 2481 finis
1933 2440 2078 2496 cujus-

117 2502 228 2548 libet
256 2502 575 2547 intellectualis
597 2502 887 2555 substantiae,
914 2511 962 2546 ut
990 2516 1043 2546 ex
1069 2502 1199 2546 dictis
1228 2503 1288 2558 (c.
1308 2516 1376 2558 25.
1397 2513 1441 2546 et
1462 2503 1551 2560 50.)
1577 2513 1713 2562 patet.
1740 2503 2077 2550 Intellectuales

120 2580 271 2614 autem
302 2569 576 2614 substantiae
601 2582 696 2612 non
729 2582 891 2612 omnes
929 2568 1176 2627 aequaliter
1207 2579 1531 2627 praeparantur
1564 2570 1620 2613 ad
1650 2569 1813 2624 finem;
1847 2571 2074 2629 quaedam·

120 2636 243 2681 enim
274 2645 379 2680 sunt
412 2635 600 2693 majoris
636 2636 824 2689 virtutis,
866 2645 911 2679 et
941 2634 1165 2693 quaedam
1198 2635 1402 2678 minoris.
1440 2635 1595 2679 Virtus
1629 2645 1780 2679 autem
1814 2645 1880 2679 est
1911 2637 1983 2680 via
2017 2637 2072 2681 ad

118 2701 397 2748 felicitatem.
419 2702 617 2761 Oportet
646 2701 783 2760 igitur
805 2700 927 2759 quod
952 2701 999 2744 in
1025 2701 1203 2744 visione
1230 2701 1382 2744 divina
1409 2701 1466 2744 sit
1491 2701 1739 2754 diversitas,
1773 2715 1862 2760 qua
1889 2702 2074 2761 quidam

118 2767 374 2828 perfectius,
407 2768 591 2826 quidam
623 2767 773 2811 minus
805 2765 1001 2825 perfecte
1034 2766 1237 2809 divinam
1265 2767 1563 2810 substantiam
1595 2767 1792 2822 videant.

210 2833 328 2877 Hinc
361 2843 430 2878 est
453 2833 576 2891 quod
619 2833 674 2876 ad
715 2833 836 2876 hanc
867 2831 1093 2875 felicitatis
1136 2830 1438 2880 differentiam
1476 2832 1805 2890 designandam
1844 2834 2073 2879 Dominus

121 2900 229 2944 dicit
253 2899 406 2957 (Joan.
432 2899 554 2943 XIV.
581 2899 664 2955 2.):
691 2899 742 2943 In
767 2899 886 2942 domo
910 2899 1049 2942 Patris
1074 2900 1155 2942 mei
1174 2900 1406 2943 mansiones
1431 2899 1585 2943 multae
1612 2906 1718 2944 sunt.

207 2966 295 3010 Per
324 2965 415 3009 hoc
442 2974 594 3009 autern
620 2964 870 3009 excluditur
903 2978 1029 3009 error
1062 2965 1367 3023 quorumdam
1393 2964 1471 3024 qui
1503 2964 1660 3009 dicunt
1690 2966 1846 3010 omnia
1872 2969 2075 3026 praemia

121 3045 219 3078 esse
245 3030 466 3091 aequalia.

209 3099 337 3144 Sicut
363 3107 514 3142 autem
541 3111 594 3141 ex
620 3097 761 3141 modo
792 3097 981 3141 visionis
1015 3108 1203 3156 apparet
1228 3097 1430 3141 diversus
1456 3098 1622 3156 gradus
1648 3097 1821 3157 gloriae
1846 3099 1893 3143 in
1918 3099 2074 3155 beatis,

119 3167 181 3211 ita
206 3179 259 3209 ex
284 3178 341 3209 eo
369 3164 489 3223 quod
510 3164 700 3217 videtur,
723 3172 906 3222 apparet
932 3163 1079 3221 gloria
1097 3164 1283 3218 eadem;
1310 3177 1416 3207 nam
1441 3163 1681 3221 cujuslibet
1705 3163 1896 3210 felicitas
1912 3180 1966 3210 ex
1982 3167 2073 3212 hoc

120 3242 201 3287 est,
218 3231 341 3292 quod
366 3231 455 3275 Dei
480 3230 774 3275 substantiam
792 3229 927 3283 videt,
954 3239 1002 3273 ut
1028 3230 1269 3289 probatum
1287 3240 1354 3274 est
1371 3231 1431 3287 (c.
1456 3231 1561 3287 25.).
1580 3231 1706 3275 Idem
1735 3245 1844 3290 ergo
1862 3242 1931 3277 est
1950 3234 2072 3292 quod

72 3317 75 3319 ·
121 3310 279 3343 omnes
299 3298 457 3342 beatos
474 3297 594 3350 facit,
616 3310 710 3340 non
726 3306 881 3350 tamen
907 3297 961 3340 ab
986 3310 1042 3340 eo
1070 3310 1231 3340 omnes
1256 3297 1501 3355 aequaliter
1526 3297 1852 3341 beatitudinem
1876 3300 2070 3357 capiunt.

75 3369 78 3371 ’
122 3363 253 3410 Unde
278 3364 517 3424 praedictis
543 3377 636 3407 non
663 3363 817 3407 obviat
841 3362 963 3421 quod
996 3363 1224 3406 Dominus
1257 3362 1440 3420 (Matth.
1475 3362 1597 3419 XX.)
1630 3364 1845 3407 omnibus
1869 3364 2075 3409 laboran-

122 3429 306 3476 tibus‘in
330 3432 478 3483 vinea,
504 3430 610 3474 licet
634 3442 726 3473 non
754 3428 1001 3488 aequaliter
1026 3429 1344 3482 laboraverint,
1366 3429 1489 3473 idem
1515 3439 1669 3473 tamen
1699 3431 1952 3487 praemium
1979 3432 2076 3476 red-

123 3494 317 3541 defluum
342 3497 493 3550 docet,
519 3495 692 3540 scilicet
717 3495 968 3549 denarium,
985 3496 1091 3554 quia
1115 3495 1238 3539 idem
1265 3504 1333 3539 est
1357 3495 1478 3554 quod
1498 3495 1708 3540 omnibus
1731 3495 1861 3540 datur
1882 3496 1928 3542 in
1950 3511 2074 3558 prae·

124 3562 264 3608 mium
291 3563 346 3608 ad
372 3563 616 3608 videndum
645 3572 689 3606 et
713 3560 968 3618 fruendum,
994 3561 1167 3607 scilicet
1191 3562 1330 3606 Deus,
