2332 3854
780 236 936 277 unm<
973 236 1051 276 111.
1092 236 1213 277 CAP.
1253 235 1454 276 Lxxxv.
1983 238 2087 293 413

122 353 226 386 -usu
250 340 525 386 exteriorum
550 353 717 393 rerum,
743 340 838 384 sive
867 340 916 384 in
949 338 1231 384 admittendo
1263 349 1307 384 et
1338 337 1600 398 repellendo
1632 338 1900 383 intrinsecas
1926 340 2095 397 passio-

127 413 236 452 nes.
274 406 415 459 Quod
451 406 633 467 quidem
666 405 829 450 frustra
859 415 992 458 esset,
1028 405 1066 451 si
1102 405 1268 451 electio
1300 415 1457 451 nostra
1489 414 1749 449 causaretur
1775 418 1802 449 a
1828 406 2094 463 corporibus

141 472 428 527 coelestibus,
451 486 547 518 non
572 471 788 518 exsistens
814 471 861 515 in
887 482 1043 516 nostra
1067 482 1305 531 potestate.
1331 472 1439 517 Non
1470 481 1538 516 est
1567 471 1703 532 igitur
1729 470 1944 531 possibile
1971 472 2094 531 quod

140 553 333 599 corpora
359 539 575 585 coelestia
599 539 689 583 sint
714 552 852 583 causa
875 548 1059 583 nostrae
1085 538 1335 584 electionis.

227 607 491 653 Praeterea:
516 607 661 651 homo
687 604 950 649 naturaliter
978 615 1044 649 est
1070 605 1239 650 animal
1265 605 1504 664 politicum
1529 603 1602 649 vel
1627 603 1815 651 sociale.
1839 604 1980 656 Quod
2003 605 2096 663 qui-

127 673 245 718 2dem
271 687 325 718 ex
349 674 441 718 hoc
468 683 652 733 apparet
667 672 790 732 quod
806 686 923 716 unus
943 672 1088 716 homo
1105 686 1199 716 non
1216 671 1381 717 sufficit
1395 673 1478 718 sibi
1495 672 1532 717 si
1557 670 1681 717 solus
1702 671 1839 726 vivat,
1856 682 2095 730 propterea

139 740 262 799 quod
297 751 459 785 natura
493 742 539 784 in
570 740 726 799 paucis
762 739 942 783 homini
979 739 1175 797 providit
1216 738 1503 793 sufficienter,
1538 740 1649 784 dans
1681 739 1722 783 ei
1755 738 1980 783 rationem
2015 753 2095 797 per

127 820 278 865 *quam
307 809 450 864 possit
480 807 566 851 sibi
589 799 747 851 omnia
777 806 1034 851 necessaria
1067 805 1122 848 ad
1154 806 1295 850 vitam
1320 820 1605 864 praeparare,
1631 806 1748 850 sicut
1778 805 1945 859 cibum,
1970 805 2095 850 indu-

139 882 309 925 menta,
331 883 375 918 et
401 873 489 916 alia
515 873 792 929 hujusmodi,
820 872 875 915 ad
898 885 1014 930 quae
1042 872 1198 915 omnia
1225 872 1456 930 operanda
1481 886 1576 915 non
1603 871 1769 916 sufficit
1793 886 1909 916 unus
1934 872 2095 917 homo.

139 938 273 983 Unde
307 939 569 983 naturaliter
593 939 787 983 inditum
819 948 886 983 est
917 938 1096 983 homini
1126 948 1176 982 ut
1200 938 1247 981 in
1272 938 1490 982 societate
1522 939 1657 982 vivat.
1686 938 1777 982 Sed
1808 938 1922 983 ordo
1948 932 2096 996 provi·

136 1004 316 1051 dentiae
340 1019 435 1050 non
461 1005 605 1051 aufert
621 1005 756 1049 alicui
771 1005 838 1049 rei
860 1005 982 1063 quod
999 1015 1069 1048 est
1092 1004 1178 1048 sibi
1202 1003 1422 1058 naturale,
1448 1005 1527 1048 sed
1554 1005 1700 1063 magis
1726 1005 1969 1063 unicuique
1994 1019 2095 1064 pro-

47 1069 54 1076 “
127 1070 314 1117 videtur
337 1072 589 1117 secundum
612 1086 742 1116 suam
766 1082 992 1124 naturam,
1018 1081 1070 1115 ut
1094 1085 1148 1115 ex
1174 1070 1305 1115 dictis
1328 1080 1462 1129 patet.
1482 1071 1589 1115 Non
1614 1071 1751 1129 igitur
1775 1085 1854 1129 per
1881 1071 2092 1125 ordinem

135 1137 447 1197 providentiae
463 1139 527 1183 sic
545 1149 613 1183 est
627 1139 771 1182 homo
789 1138 1036 1191 ordinatus,
1054 1148 1103 1181 ut
1117 1138 1210 1182 vita
1227 1137 1410 1181 socialis
1435 1137 1632 1182 tollatur.
1662 1136 1922 1186 Tolleretur
1939 1147 2092 1183 autem

119 1204 176 1250 -si
198 1204 446 1251 electiones
479 1215 662 1250 nostrae
697 1218 751 1249 ex
785 1204 1159 1263 impressionibus
1196 1218 1444 1263 corporum
1480 1203 1750 1248 coelestium
1785 1204 2092 1262 provenirent,

126 1270 253 1319 sicut
274 1271 492 1317 naturalis
516 1272 755 1316 instinctus
781 1270 974 1316 aliorum
1000 1270 1283 1315 animalium.
1308 1271 1490 1315 Frustra
1512 1271 1635 1315 enim
1661 1270 1874 1315 darentur
1897 1270 2024 1329 leges
2047 1282 2093 1317 et

124 1348 375 1398 ,praecepta
399 1339 594 1396 vivendi,
620 1339 659 1383 si
683 1339 828 1383 homo
861 1352 1046 1383 suarum
1078 1337 1354 1382 electionum
1388 1337 1600 1381 dominus
1634 1350 1729 1381 non
1761 1346 1902 1392 esset;
1927 1336 2092 1384 frustra

93 1405 274 1467 setiam
308 1406 628 1451 adhiberentur
658 1420 833 1465 poenae
859 1414 904 1450 et
931 1405 1138 1464 praemia
1167 1405 1299 1448 bonis
1336 1413 1412 1448 aut
1443 1403 1589 1458 malis,
1622 1418 1675 1448 ex
1708 1418 1799 1462 quo
1831 1417 1931 1448 non·>
1951 1415 2021 1450 est
2044 1405 2091 1449 in

132 1471 264 1517 nobis
288 1472 405 1518 haec
429 1473 503 1517 vel
526 1472 605 1517 illa
631 1472 813 1531 eligere.
846 1472 929 1516 His
956 1481 1110 1516 autem
1135 1471 1456 1522 desinentibus,
1488 1473 1641 1515 statim
1667 1469 1852 1515 socialis
1877 1471 1968 1516 vita
1995 1485 2092 1516 cor·

131 1539 366 1598 rumpitur.
392 1539 499 1584 Non
530 1539 667 1597 igitur
692 1539 836 1582 homo
872 1548 940 1582 est
970 1538 1035 1582 sic
1067 1537 1320 1582 secundum
1345 1537 1553 1581 ordinem
1579 1537 1892 1596 providentiae
1916 1537 2090 1583 institu-

129 1615 217 1660 tus,
242 1616 294 1650 ut
317 1604 567 1652 electiones
589 1606 684 1663 ejus
711 1618 765 1649 ex
791 1604 989 1648 motibus
1017 1591 1287 1648 coelestium
1310 1617 1556 1662 corporum
1579 1603 1862 1662 proveniant.

219 1672 406 1718 Adhuc:
426 1672 672 1717 electiones
688 1672 932 1717 hominum
950 1671 1005 1715 ad
1019 1671 1140 1715 bona
1158 1680 1202 1715 et
1219 1670 1339 1714 mala
1356 1684 1405 1715 se
1422 1671 1603 1715 habent.
1623 1671 1674 1714 Si
1689 1671 1825 1729 igitur
1842 1669 2090 1717 electiones

126 1748 312 1783 nostrae
336 1752 401 1783 exi
416 1738 615 1782 motibus
642 1736 877 1782 stellarum
902 1737 1208 1796 provenirent,
1234 1747 1496 1796 sequeretur
1518 1738 1640 1796 quod
1666 1736 1824 1782 stellae
1846 1751 1925 1795 per
1950 1751 1999 1781 se
2025 1751 2091 1781 es·

124 1814 230 1851 ¹sent
248 1818 388 1851 causa
412 1803 638 1849 malarum
658 1804 950 1848 electionum.
977 1803 1116 1856 Quod
1139 1813 1290 1848 autem
1318 1814 1386 1848 est
1411 1803 1600 1858 malum,
1626 1818 1721 1848 non
1743 1804 1880 1848 habet
1903 1818 2087 1848 causam

127 1871 179 1917 in
192 1882 379 1925 natura;
403 1885 514 1917 nam
534 1871 709 1915 malum
730 1871 889 1915 incidit
905 1885 959 1915 ex
976 1869 1154 1914 defectu
1173 1870 1362 1928 alicujus
1380 1885 1557 1924 causae,
1575 1881 1620 1915 et
1632 1885 1726 1915 non
1746 1871 1885 1915 habet
1902 1884 2087 1915 causam

127 1951 206 1996 per
231 1951 297 1992 se,
321 1947 370 1983 ut
389 1951 525 1997 supra
546 1939 606 1995 (c.
630 1937 718 1993 14.)
735 1948 969 1982 ostensum
987 1947 1066 1981 est.
1083 1938 1191 1981 Non
1212 1938 1349 1995 igitur
1366 1948 1435 1982 est
1450 1938 1679 1996 possibile,
1697 1938 1819 1996 quod
1839 1938 2087 1982 electiones

125 2014 317 2050 nostrae·
334 2005 517 2058 directe,
540 2015 584 2048 et
600 2018 678 2062 per
703 2018 751 2048 se
777 2019 802 2048 a
824 2004 1088 2062 corporibus
1114 2004 1386 2049 coelestibus
1410 2005 1693 2063 proveniant,
1717 2005 1834 2048 sicut
1849 2019 1905 2049 ex
1921 2006 2084 2051 causis.

216 2071 389 2119 Poterit
406 2061 559 2116 autem
577 2071 737 2129 aliquis
749 2071 856 2116 huic
874 2071 1037 2115 rationi
1054 2071 1252 2124 obviare,
1272 2071 1469 2116 dicendo
1486 2071 1607 2130 quod
1625 2072 1776 2115 omnis
1789 2071 1911 2116 mala
1921 2071 2085 2116 electio

128 2152 182 2182 ex
203 2138 395 2197 alicujus
415 2137 523 2182 boni
549 2138 748 2196 appetitu
774 2138 996 2196 provenit,
1024 2147 1072 2181 ut
1095 2151 1231 2196 supra
1257 2139 1319 2195 (c.
1350 2152 1385 2196 3.
1415 2148 1460 2182 et
1483 2140 1547 2194 4.)
1576 2148 1812 2182 ostensum
1844 2148 1924 2182 est.
1955 2138 2084 2183 Sicut

126 2203 290 2250 electio
317 2204 524 2250 adulterii
547 2204 756 2263 provenit
786 2218 841 2248 ex
867 2205 1066 2262 appetitu
1092 2204 1202 2247 boni
1227 2203 1521 2257 delectabilis,
1540 2204 1662 2262 quod
1690 2215 1755 2248 est
1780 2204 1826 2247 in
1852 2205 2084 2259 venereis;

123 2271 184 2319 ad
208 2271 330 2330 quod
356 2270 539 2330 quidem
566 2271 740 2314 bonum
767 2269 1022 2315 universale
1049 2270 1200 2328 aliqua
1225 2269 1356 2314 stella
1382 2280 1550 2314 movet.
1578 2271 1634 2314 Et
1658 2271 1748 2314 hoc
1775 2272 2085 2315 necessarium

120 2346 194 2385 ,est
218 2338 275 2382 ad
306 2338 622 2396 generationes
655 2337 925 2380 animalium
956 2336 1267 2395 perficiendas.
1295 2337 1393 2381 Nec
1426 2337 1580 2381 debuit
1612 2338 1701 2381 hoc
1730 2351 1978 2382 commune
2009 2339 2086 2382 bo-

120 2416 234 2464 num
259 2403 556 2462 praetermitti
585 2413 769 2462 propter
805 2403 981 2448 malum
1015 2403 1286 2462 particulare
1317 2404 1598 2462 hujusmodi,
1632 2404 1756 2463 quod
1788 2418 1842 2449 ex
1867 2404 2083 2450 instinctu

125 2466 253 2528 eligit
273 2469 462 2515 malum.
1183 2528 1187 2531 η

211 2535 338 2583 Haec
370 2546 524 2581 autem
550 2536 784 2595 responsio
811 2535 1039 2581 sufficiens
1064 2551 1159 2581 non
1192 2547 1273 2591 est,
1306 2537 1344 2581 si
1375 2547 1603 2596 ponantur
1642 2551 1834 2596 corpora
1867 2536 2083 2582 coelestia

122 2615 202 2662 per
226 2616 276 2649 se
301 2617 438 2649 causa
465 2602 743 2649 electionum
768 2613 1043 2657 nostrarum,
1070 2613 1227 2662 utpote
1248 2618 1328 2662 per
1346 2617 1393 2648 se
1410 2604 1718 2662 imprimentia
1734 2604 1782 2648 in
1798 2603 2082 2649 intellectum

123 2678 168 2714 et
200 2668 510 2724 voluntatem;
545 2683 655 2713 nam
690 2670 930 2728 impressio
971 2670 1238 2714 universalis
1282 2684 1446 2714 causae
1478 2671 1691 2729 recipitur
1725 2671 1771 2715 in
1804 2684 2081 2729 unoquoque

122 2735 375 2781 secundum
405 2736 597 2780 modum
628 2749 775 2781 suum.
807 2735 1006 2780 Effectus
1034 2750 1145 2794 ergo
1177 2735 1335 2780 stellae
1372 2738 1598 2780 moventis
1638 2736 1694 2780 ad
1728 2736 2081 2781 delectationem

123 2812 334 2861 quae-est
357 2801 404 2845 in
431 2802 755 2860 conjunctione
777 2802 985 2846 ordinata
1010 2802 1067 2846 ad
1093 2803 1452 2860 generationem,
1475 2803 1715 2861 recipietur
1729 2803 1776 2846 in
1794 2802 1998 2861 quolibet
2018 2817 2082 2848 se-

122 2867 322 2913 cundum
347 2867 539 2911 modum
565 2868 800 2926 proprium
825 2868 923 2922 sibi,
950 2870 1066 2912 sicut
1091 2869 1298 2913 videmus
1325 2869 1447 2927 quod
1475 2869 1651 2913 diversa
1675 2869 1890 2913 animalia
1912 2869 2081 2914 habent

119 2934 299 2981 diversa
328 2944 537 2992 tempora
563 2944 608 2978 et
633 2934 834 2979 diversos
869 2934 1035 2979 modos
1070 2936 1412 2979 commixtionis
1446 2936 1699 2980 secundum
1731 2935 2079 2994 congruentiam

120 3014 229 3049 suae
254 3010 455 3054 naturae,
482 3009 531 3044 ut
555 3000 825 3045 Aristoteles
853 3001 961 3045 dicit
986 3002 1031 3044 in
1058 3001 1216 3059 quinto
1242 3002 1314 3045 De
1340 3002 1444 3046 hist.
1473 3002 1611 3046 anim.
1638 3004 1700 3061 (c.
1736 3003 1813 3061 7.).
1841 3003 2080 3062 Recipient

36 3119 38 3121 ,
120 3081 230 3125 ergo
262 3066 516 3111 intellectus
549 3077 594 3110 et
625 3066 835 3111 voluntas
866 3067 1217 3125 impressionem
1254 3068 1374 3112 illius
1409 3068 1567 3113 stellae
1603 3070 1855 3114 secundum
1887 3069 2079 3113 modum

38 3175 41 3179 ,
112 3146 267 3180 suum.
296 3134 416 3180 Cum
443 3143 594 3177 autem
623 3132 790 3191 aliquid
817 3135 1040 3192 appetitur
1066 3135 1317 3179 secundum
1354 3135 1545 3179 modum
1587 3135 1840 3180 intellectus
1873 3147 1917 3180 et
1947 3136 2080 3180 ratio-

30 3216 51 3251 ⁵:
114 3199 203 3254 nis,
234 3213 329 3244 non
362 3199 526 3244 accidit
557 3210 797 3258 peccatum
827 3201 875 3245 in
906 3200 1147 3255 electione,
1181 3216 1295 3260 quae
1328 3203 1512 3261 quidem
1538 3216 1719 3261 semper
1754 3217 1807 3246 ex
1839 3202 1929 3246 hoc
1957 3201 2079 3247 mala

120 3275 201 3320 est,
226 3266 348 3324 quod
374 3279 468 3310 non
494 3275 561 3310 est
587 3267 840 3311 secundum
865 3268 1091 3311 rationem
1118 3278 1305 3312 rectam.
1332 3269 1440 3313 Non
1472 3269 1621 3326 igitur,
1648 3269 1686 3313 si
1711 3283 1905 3328 corpora
1933 3269 2078 3314 coele-

36 3345 39 3348 ⁴
66 3363 85 3380 .
118 3331 203 3376 stia
228 3342 379 3378 essent
404 3346 542 3376 causa
567 3331 843 3377 electionum
866 3344 1139 3387 nostrarum,
1163 3346 1281 3379 esset
1304 3350 1504 3395 unquam
1530 3337 1578 3380 in
1603 3337 1735 3380 nobis
1753 3337 1917 3381 electio
1941 3336 2076 3381 mala.

42 3409 44 3411 ’
115 3425 135 3450 :1
207 3398 442 3457 Amplius:
468 3398 595 3442 nulla
615 3399 755 3443 virtus
782 3400 930 3444 activa
956 3414 1005 3445 se
1032 3402 1231 3445 extendit
1257 3402 1311 3446 ad
1346 3417 1400 3447 ea
1432 3417 1547 3460 quae
1580 3413 1684 3446 sunt
1715 3417 1850 3461 supra
1875 3403 2078 3462 speciem

119 3474 166 3509 et
194 3474 405 3510 naturam
437 3465 626 3524 agentiS,
659 3466 765 3525 quia
796 3480 935 3512 omne
968 3482 1108 3526 agens
1149 3469 1242 3526 agit
1274 3482 1354 3527 per
1384 3482 1516 3513 suam
1547 3468 1761 3514 formam.
1804 3469 1895 3513 Sed
1925 3470 2076 3528 ipsum

47 3547 51 3554 1
117 3530 234 3576 velle
249 3531 526 3576 transcendit
541 3545 730 3576 omnem
755 3534 957 3591 speciem
975 3534 1280 3592 corporalem,
1297 3535 1414 3579 sicut
1430 3545 1474 3579 et
1489 3535 1640 3594 ipsum
1656 3535 1922 3595 intelligere.
1947 3536 2077 3580 Sicut

120 3598 242 3642 enim
280 3597 577 3657 intelligimus
619 3598 906 3654 universalia,
936 3600 1000 3644 ita
1026 3610 1070 3645 et
1095 3600 1307 3646 voluntas
1342 3611 1497 3647 nostra
1527 3602 1575 3646 in
1603 3601 1786 3661 aliquod
1819 3602 2073 3648 universale
