2332 3854
209 236 316 306 478
866 249 1022 287 LIBER
1060 249 1139 287 ιιι.
1181 248 1300 287 CAP.
1343 242 1506 286 cxxv.

299 352 563 395 Praeterea:
608 352 663 394 ad
701 343 1042 408 corruptionem
1073 349 1302 393 bonorum
1334 345 1522 394 >morum
1558 350 1752 409 pertinet
1789 351 1912 409 quod
1948 352 2162 400 homines

211 419 301 462 sint
339 418 475 462 nimis
511 417 649 461 dediti
682 417 738 459 ad
769 415 1052 474 voluptatem
1085 415 1252 460 coitus:
1294 416 1402 474 quia
1436 429 1541 460 cum
1572 417 1687 460 haec
1720 417 1940 476 voluptas
1963 415 2163 465 maxime

213 474 696 535 menffibsorbeat,
733 482 1026 539 impediretur
1051 481 1166 525 ratio
1194 482 1247 525 ab
1282 482 1353 526 his
1379 495 1496 541 quae
1530 492 1653 526 recte
1690 483 1872 560 agenda
1891 494 2055 529 essent.
2088 481 2166 531 Se·
2175 498 2178 504 ’

212 560 420 609 queretur
447 560 600 593 autem
626 548 794 591 nimius
812 547 1057 606 voluptatis
1075 562 1200 602 usus,
1218 549 1255 592 si
1276 548 1433 593 liceret
1453 549 1632 593 homini
1647 563 1728 606 per
1751 546 1923 594 coitum
1944 547 2166 665 conjug}
2172 547 2178 555 ⁷

211 616 300 660 illis
327 616 532 692 personis
560 614 720 690 quibus
739 614 1058 658 commorandi
1082 615 1220 659 habet
1244 617 1577 669 necessitatem,
1601 616 1716 659 sicut
1742 610 1974 662 sororibus
2000 627 2062 662 et

213 683 492 742 propinquis,
511 682 615 740 quia
637 680 801 724 talibus
819 681 1004 725 occasio
1032 681 1179 725 coitus
1203 675 1406 726 subtrahi
1421 696 1515 726 non
1536 692 1703 741 posset.
1719 680 2014 732 Conveniens
2024 684 2181 743 igitur

208 750 292 794 fuit
317 750 447 792 bonis
474 748 678 791 moribus
706 757 754 791 ut
778 747 880 791 talis
909 750 1174 807 conjunctio
1200 747 1376 809 legibus
1400 749 1691 793 inhiberetur.

298 816 487 859 Adhuc:
523 813 764 858 delectatio
798 815 945 858 coitus
978 816 1175 859 maxime
1208 817 1456 874 corrumpit
1488 815 1865 860 aestimationem
1885 812 2165 884 prudentiae.

208 881 529 940 Multiplicatio
563 881 701 939 igitur
735 880 837 925 talis
865 880 1179 926 delectationis
1205 893 1427 942 repugnat
1448 883 1580 927 bonis
1606 876 1832 929 moribus.·
1848 880 1978 929 Talis
2001 893 2155 930 autem

213 949 454 992 delectatio
482 958 671 1006 augetur
695 962 775 1006 per
802 961 1010 992 amorem
1035 962 1333 1026 personarum
1357 963 1472 1008 quae
1500 950 1850 1012 coniunguntur
1867 947 2002 997 Esset
2027 952 2165 1010 igitur

213 1016 494 1059 contrarium
530 1015 663 1059 bonis
695 1015 899 1059 moribus
935 1016 1198 1092 propinquis
1232 1016 1464 1075 conjungi,
1497 1016 1602 1075 quia
1633 1016 1681 1060 in
1714 1017 1790 1061 eis
1798 1010 2166 1093 conjungeretur

212 1097 343 1126 amor
370 1083 446 1141 qui
473 1091 541 1126 est
567 1096 620 1126 ex
644 1082 973 1125 communione
1006 1082 1195 1144 originis
1222 1092 1265 1126 et
1292 1082 1630 1127 connutritione
1664 1083 1826 1127 amori
1844 1085 2171 1149 concupiscen—

208 1151 310 1193 tiae.
334 1148 390 1192 Et
408 1147 709 1206 multiplicato
737 1162 910 1202 amore,
931 1162 1119 1192 necesse
1142 1158 1209 1192 est
1226 1149 1429 1193 animam
1445 1149 1591 1208 magis
1618 1144 1995 1195 delectatiombus
2017 1150 2161 1200 subdi

297 1215 530 1273 Amplius:
557 1215 604 1258 in
631 1215 848 1259 societate
873 1215 1077 1259 humana
1102 1214 1193 1260 hoc
1220 1225 1288 1260 est
1313 1215 1511 1259 maxime
1537 1217 1861 1271 necessarium,
1890 1226 1939 1262 ut
1974 1217 2032 1262 sit
2048 1211 2178 1284 amr-j

212 1283 315 1327 citia
342 1282 459 1326 inter
485 1281 668 1326 multos.
690 1281 1021 1341 Multiplicatur
1041 1294 1194 1325 autem
1213 1282 1414 1326 amicitia
1438 1282 1553 1326 inter
1570 1282 1796 1336 homines,
1819 1283 1929 1327 dum
1944 1289 2179 1353 personae*

211 1359 451 1395 extraneae
478 1362 558 1407 per
583 1349 929 1392 matrimonium
956 1348 1244 1407 colligantur.
1265 1348 1560 1393 Conveniens
1586 1348 1723 1408 igitur
1747 1348 1834 1394 fuit
1853 1349 2031 1409 legibus
2053 1345 2170 1396 ordi-

210 1417 309 1460 nari
334 1416 456 1475 quod
489 1415 783 1460 matrimonia
816 1415 1192 1460 contraherentur
1218 1429 1325 1460 cum
1358 1415 1582 1460 extraneis
1612 1415 1834 1475 personis,
1861 1425 1906 1461 et
1934 1428 2039 1463 non
2056 1409 2180 1500 eum

241 1497 291 1527 ro
326 1497 371 1526 m
406 1497 488 1527 uis.
1901 1512 1905 1515 Α
1982 1513 1985 1516 .
2022 1512 2027 1515 ἢ

209 1498 236 1542 p
294 1497 517 1594 PAlidiliucz‘
505 1549 836 1594 inconveniens
863 1558 930 1594 est
946 1559 996 1594 ut
1010 1549 1100 1593 illis
1123 1549 1330 1608 personis
1353 1548 1514 1608 aliquis
1531 1549 1790 1594 socialiter
1778 1527 2001 1613 jungatur
2009 1545 2171 1610 quibus

211 1616 475 1660 naturaliter
502 1617 634 1661 debet
660 1630 758 1661 esse
785 1617 1002 1660 subditus.
1035 1615 1255 1661 Naturale
1283 1625 1437 1660 autem
1470 1627 1538 1660 est
1564 1616 1687 1675 quod
1720 1616 1880 1676 aliquis
1911 1618 2177 1677 parentibus·

209 1684 265 1728 sit
291 1684 535 1742 subiectus.
561 1684 682 1742 Ergo
708 1684 1036 1728 inconveniens
1063 1693 1181 1727 esset
1207 1684 1329 1742 quod
1352 1698 1457 1727 cum
1484 1685 1742 1742 parentibus
1759 1684 2170 1747 aliquis‘matrim‘o·
2210 1723 2214 1724 ν

209 1751 338 1794 nium
357 1751 660 1805 contraheret,
688 1765 793 1794 cum
810 1752 856 1794 in
873 1750 1170 1794 matrimonio
1187 1751 1245 1794 sit
1262 1750 1487 1809 quaedam
1507 1752 1767 1808 conjunctio
1795 1751 2009 1797 soc'ia'lisss'-
2044 1761 2049 1766 ’

307 1818 424 1860 Hinc
454 1827 522 1861 est
561 1817 683 1876 quod
711 1817 874 1861 dicitur
900 1818 1067 1874 (Levit.
1093 1816 1260 1860 XVIII.
1287 1816 1375 1874 6..)
1413 1817 1560 1861 Omnis
1586 1818 1708 1862 homo
1734 1818 1788 1862 ad
1809 1820 2052 1882 proximam
2075 1824 2172 1864 sah·

213 1885 353 1942 guinis
376 1886 442 1928 sui
466 1899 551 1928 non
577 1884 754 1929 accedat.
782 1884 870 1928 Per
894 1884 985 1927 hoc
1013 1894 1164 1928 autem
1193 1883 1443 1928 excluditur
1470 1884 1751 1929 consuetudo
1779 1895 1939 1930 eorum
1964 1885 2058 1945 qui
2066 1878 2168 1949 pro·

213 1951 392 2009 pinquis
419 1951 510 1994 suis
537 1964 585 1994 se
612 1949 852 1994 carnaliter
879 1951 1196 1994 commiscent.
1856 1963 1893 1981 -·
1920 1973 1922 1975 >

300 2018 548 2061 Sciendum
587 2027 654 2061 est
680 2027 846 2071 autem,
874 2017 997 2076 quod
1022 2018 1139 2061 sicut
1163 2016 1379 2061 naturalis
1404 2016 1642 2062 inclinatio
1669 2028 1738 2062 est
1762 2019 1818 2062 ad
1836 2028 1894 2063 ea
1920 2013 2036 2078 quae
2057 2025 2167 2065 sunt

209 2093 258 2127 ut
284 2085 328 2127 in
355 2083 569 2142 pluribus,
601 2085 661 2128 ita
681 2085 818 2128 etiam
840 2083 913 2128 lex
938 2084 1086 2142 posita
1113 2093 1179 2127 est
1200 2084 1452 2147 secundum
1479 2084 1524 2127 id
1549 2084 1670 2142 quod
1695 2085 1742 2128 in
1769 2084 1970 2146 pluribus
1990 2086 2171 2146 accidit.

208 2151 314 2194 Non
342 2160 408 2194 est
431 2160 587 2195 autem
614 2150 855 2210 praedictis
881 2151 1130 2195 rationibus
1149 2152 1443 2204 contrarium,
1469 2152 1507 2194 si
1532 2151 1578 2194 in
1602 2151 1764 2210 aliquo
1783 2151 1911 2197 aliter
1936 2154 2078 2213 possit
2103 2156 2173 2198 ac'·

210 2218 383 2261 cidere:
412 2231 505 2261 non
535 2217 658 2261 enim
684 2222 866 2276 propter
892 2217 1065 2261 bonum
1084 2217 1216 2261 unius
1243 2217 1375 2261 debet
1399 2219 1695 2275 praetermitti
1710 2219 1885 2264 bonum
1905 2212 2175 2275 mukommJ

214 2298 319 2327 cum
346 2284 519 2328 bonum
546 2283 846 2328 multitudinis
873 2298 1052 2343 semper
1078 2285 1134 2328 sit
1160 2284 1355 2328 divinius
1381 2298 1519 2343 quam
1544 2285 1719 2328 bonum
1746 2286 1891 2330 unius-
1912 2286 1984 2332 Ne
2015 2277 2171 2346 tamen

211 2350 412 2394 defectus
439 2352 515 2409 qui
536 2351 583 2394 in
610 2350 762 2409 aliquo
788 2360 942 2409 posset
969 2351 1175 2394 accidere
1202 2351 1394 2394 omnino
1422 2351 1590 2410 absque
1616 2351 1796 2396 medela
1819 2358 2070 2408 remaneat,
2105 2369 2171 2399 re-

210 2417 324 2461 sidet
358 2417 474 2474 apud
501 2416 800 2475 legislatores,
829 2426 873 2461 et
894 2418 957 2460 eis
980 2416 1151 2460 similes
1181 2418 1424 2461 auctoritas
1442 2417 1767 2476 dispensandi
1757 2433 1803 2462 ιιι
1824 2432 1882 2463 eo
1908 2420 2032 2489 quod
2049 2421 2173 2465 corn·

212 2483 410 2527 munitet
436 2493 503 2527 est
528 2492 761 2537 statutum,
788 2483 1040 2527 secundum
1067 2485 1188 2543 quod
1217 2494 1285 2529 est
1316 2485 1626 2530 necessarium
1651 2486 1699 2529 in
1726 2478 1880 2546 aliquo
1906 2501 2016 2532 casu
2040 2489 2172 2548 pam·

211 2549 365 2593 culari.
384 2549 440 2594 Et
455 2550 679 2609 siquidem
702 2550 775 2594 lex
807 2550 864 2593 sit
879 2551 1098 2604 humana,
1118 2565 1197 2608 per
1213 2551 1425 2595 homines
1445 2552 1643 2596 similem
1659 2563 1934 2611 potestatem
1950 2554 2168 2600 habentes

210 2617 458 2675 dispensari
483 2627 646 2675 potest.
676 2617 724 2661 Si
743 2627 895 2661 autem
919 2617 991 2661 lex
1017 2620 1074 2667 sit
1100 2618 1312 2662 divinitus
1338 2619 1501 2678 posita,
1530 2621 1798 2664 auctoritate
1815 2620 1967 2665 divina
1994 2621 2169 2682 dispen-

176 2724 179 2727 .
209 2684 324 2727 satio
352 2683 448 2727 fieri
473 2694 646 2743 potest3
666 2684 781 2728 sicut
798 2685 843 2727 in
861 2684 1003 2728 veteri
1018 2684 1122 2743 lege
1144 2699 1197 2729 ex
1216 2685 1551 2744 dispensatione
1569 2686 1796 2731 indultum
1811 2687 1988 2732 videtur
2003 2701 2167 2734 uxores

209 2750 359 2811 plures
385 2751 566 2807 habere,
595 2761 639 2796 et
665 2751 959 2805 concubinas,
987 2762 1031 2796 et
1055 2754 1207 2796 uxoris
1233 2753 1486 2811 repudium.

915 2907 1168 2963 CAPUT
1213 2907 1470 2977 CXXVI.

304 3014 306 3016 ’
350 3043 508 3090 QUOD
543 3042 660 3083 NON
700 3042 867 3082 oMN1s
911 3043 1176 3083 CARNALxs
1219 3042 1538 3090 coMM1xT1o
1580 3044 1665 3083 SIT
1706 3031 2022 3108 Pacem-uu.

299 3154 427 3198 Sicut
466 3164 618 3198 autem
656 3164 814 3198 contra
852 3155 1079 3198 rationem
1106 3162 1175 3198 est
1211 3163 1259 3197 ut
1285 3149 1446 3213 aliquis
1474 3153 1646 3198 carnali
1673 3153 1997 3213 conjunctione
2021 3146 2172 3199 utatur

207 3230 365 3265 contra
389 3223 431 3265 id
459 3221 581 3280 quod
610 3221 825 3265 convenit
852 3221 966 3278 proli
995 3220 1280 3279 generandae
1299 3230 1343 3264 et
1366 3220 1641 3274 educandae,
1667 3221 1730 3265 ita
1754 3220 1893 3265 etiam
1918 3221 2168 3266 secundum

208 3288 432 3331 rationem
460 3297 527 3331 est
555 3288 677 3364 quod
711 3287 870 3346 aliquis
901 3287 1071 3331 carnali
1099 3287 1422 3345 conjunctione
1455 3297 1604 3331 utatur
1629 3287 1882 3332 secundum
1898 3287 2031 3347 quod
2058 3290 2174 3335 :offe

208 3354 326 3411 gruit
354 3355 406 3397 ad
436 3355 780 3413 generationem
809 3354 862 3398 ed
883 3355 1203 3398 educationem
1222 3353 1374 3412 prolis.
1396 3354 1520 3412 Lege
1539 3354 1691 3398 auteni
1718 3354 1870 3414 divina
1885 3354 2001 3400 haec
2017 3353 2169 3399 solum

208 3421 434 3496 prohibita
460 3431 565 3465 sunt
590 3435 706 3480 quae
725 3421 890 3465 rationi
917 3421 1225 3474 adversantur,
1243 3429 1291 3464 ut
1313 3433 1366 3463 ex
1384 3420 1653 3479 supradictis
1675 3429 1810 3479 patet.
1838 3412 2168 3497 Inconveniens

209 3496 275 3529 est
300 3486 435 3544 igitur
462 3488 611 3532 dicere
639 3488 761 3547 quod
789 3488 939 3531 omnis
968 3487 1159 3531 carnalis
1187 3487 1450 3544 conjunctio
1477 3487 1533 3531 sit
1558 3497 1812 3545 peccatum·
1900 3492 1907 3499 ”

298 3553 486 3598 Adhuc.
506 3568 647 3612 quum
672 3554 878 3598 membra
905 3554 1109 3632 corporis
1135 3553 1224 3598 sint
1247 3553 1471 3612 quaedam
1492 3554 1671 3598 animae
1693 3553 2006 3608 instrumenta,
2024 3554 2169 3611 cujus·

208 3619 317 3663 libet
344 3621 536 3665 membri
563 3621 663 3666 finis
690 3631 758 3666 est
783 3635 890 3666 usus
917 3623 1030 3678 ejus,
1056 3621 1171 3666 sicut
1197 3631 1241 3665 et
1264 3620 1500 3679 cujuslibet
1523 3619 1732 3666 alterius
1721 3609 2025 3666 instrumenti.¹
2019 3619 2168 3674 Quo-

2323 2822 2332 2831 e.
2312 2785 2332 2810 ῑ-»ὲ
2318 2708 2332 2778 ,Λή-ιζ».
2320 2680 2332 2699 >22
2320 2659 2332 2675 Α..
2319 2553 2332 2650 anast..
2326 2527 2332 2543 -,
2318 2445 2332 2520 ’,υ-«κω
2314 2306 2332 2433 „memma-235⁴*
