2332 3854
230 175 334 242 362
916 190 1072 229 Lmen
1111 188 1187 228 111.
1230 190 1349 227 CAP-
1390 189 1497 227 mv.

985 356 1240 431 CAPUT
1281 376 1425 431 LIV.

450 509 720 548 RATIONES
764 508 987 547 CONTRA
1027 509 1381 548 PRAEDICTAM
1423 510 1962 551 DETERMINATIONBM

856 583 926 620 ET
959 582 1145 621 EARUM
1178 583 1542 623 SOLUTIONES.

317 684 518 743 Objiciet
544 693 695 726 autem
724 682 884 741 aliquis
911 693 1070 728 contra
1096 684 1338 743 praedicta.
1373 684 1564 729 Nullum
1598 685 1719 728 enim
1751 684 1907 730 lumen
1938 685 2183 731 adveniens

225 751 341 795 visui
363 759 511 808 potest
536 750 683 792 visum
712 749 891 793 elevare
919 749 974 793 ad
992 749 1240 795 videndum
1263 765 1332 805 ea,
1357 766 1474 810 quae
1492 751 1747 796 naturalem
1771 751 2035 800 facultatem
2059 751 2182 796 visus

228 817 477 876 corporalis
501 816 743 869 excedunt3
770 830 865 859 non
892 816 1015 860 enim
1041 827 1191 876 potest
1214 818 1338 862 visus
1363 818 1516 862 videre
1548 818 1635 862 nisi
1661 817 1880 862 colorata.
1898 819 2080 863 Divina
2110 832 2185 862 au·

225 894 320 927 tem
346 883 596 927 substantia
623 883 798 926 excedit
825 896 1012 926 ornnem
1040 883 1296 928 intellectus
1314 885 1454 928 creati
1480 884 1795 942 capacitatem,
1812 894 1858 929 et
1881 885 2018 929 etiam
2035 885 2183 942 magis

226 965 363 1008 quam
391 949 646 993 intellectus
680 949 868 993 excedat
909 950 1208 1008 capacitatem
1235 965 1407 994 sensus.
1433 950 1575 994 Nullo
1607 951 1744 1008 igitur
1768 950 1947 995 >lumine
1977 964 2184 1008 superve-

224 1017 377 1060 niente
403 1015 660 1060 intellectus
693 1026 869 1059 creatus
905 1015 1072 1060 elevari
1097 1018 1264 1075 poterit
1289 1017 1345 1060 ad
1371 1017 1574 1060 divinam
1606 1017 1901 1061 substantiam
1922 1017 2181 1062 videndam.

312 1083 581 1127 Praeterea:
610 1081 766 1125 lumen
799 1081 910 1125 illud
948 1082 1071 1140 quod
1097 1083 1143 1125 in
1174 1082 1408 1126 intellectu
1436 1092 1589 1127 creato
1617 1082 1845 1141 recipitur,
1871 1092 2076 1127 creatum
2108 1082 2184 1127 ali—

224 1150 330 1207 quid
354 1158 435 1193 est.
462 1149 617 1206 Ipsum
644 1162 754 1206 ergo
777 1148 822 1191 in
849 1147 1074 1191 infinitum
1103 1162 1128 1192 a
1153 1149 1256 1192 Deo
1283 1149 1432 1192 distat.
1457 1149 1564 1192 Non
1590 1158 1740 1207 potest
1763 1149 1899 1206 igitur
1923 1162 2004 1207 per
2033 1149 2183 1207 hujus-

225 1215 352 1259 modi
384 1215 539 1258 lumen
568 1213 826 1258 intellectus
854 1224 1030 1258 creatus
1058 1214 1113 1257 ad
1141 1214 1320 1258 divinae
1347 1215 1622 1259 substantiae
1653 1215 1893 1259 visionem.
1910 1214 2119 1260 elevari..

311 1282 450 1325 Item:
479 1281 516 1325 si
542 1281 634 1324 hoc
661 1280 844 1339 quidem
871 1291 1022 1339 potest
1045 1279 1195 1324 facere
1222 1280 1379 1325 lumen
1405 1281 1703 1356 praedictum,
1730 1292 1914 1339 propter
1944 1281 2036 1326 hoc
2059 1282 2182 1340 quod

224 1358 291 1392 est
336 1348 516 1391 divinae
548 1347 824 1391 substantiae
866 1346 1133 1400 similitudo,
1166 1362 1272 1391 cum
1304 1348 1455 1391 omnis
1486 1346 1804 1391 intellectualis
1833 1347 2115 1402 substantia,
2124 1362 2183 1392 ex

221 1416 311 1458 hoc
338 1415 438 1472 ipso
466 1414 587 1472 quod
625 1413 945 1458 intellectualis
972 1424 1053 1467 est,
1094 1414 1297 1458 divinam
1337 1413 1682 1457 similitudinem
1712 1423 1862 1472 gerat:
1893 1414 1993 1473 ipsa
2020 1423 2183 1487 natura

222 1480 460 1539 cujuslibet
484 1479 805 1524 intellectualis
831 1480 1107 1524 substantiae
1136 1480 1191 1523 ad
1223 1480 1449 1524 visionem
1481 1479 1683 1524 divinam
1709 1478 1915 1525 sufficiet.

310 1547 507 1591 Adhuc:
549 1547 588 1590 si
623 1546 780 1590 lumen
828 1546 940 1590 illud
983 1557 1184 1590 creatum
1229 1556 1309 1601 est,
1350 1546 1466 1591 nihil
1515 1556 1667 1591 autem
1705 1546 1916 1606 prohibet
1951 1546 2078 1606 quod*
2107 1556 2183 1591 est

222 1624 423 1658 creatum
451 1613 588 1658 alicui
628 1614 694 1656 rei
721 1623 899 1657 creatae
922 1613 1217 1657 connaturale
1244 1627 1358 1667 esse,
1376 1613 1541 1672 poterit
1557 1612 1719 1672 aliquis
1735 1612 1991 1658 intellectus
2004 1621 2180 1658 creatus

222 1694 336 1734 esse,
369 1680 448 1739 qui
478 1693 562 1724 suo
596 1679 882 1723 connaturali
921 1679 1094 1724 lumine
1137 1680 1338 1724 divinam
1364 1679 1663 1724 substantiam
1693 1679 1877 1725 videbit.
1910 1679 2053 1738 Cujus
2079 1693 2211 1730 con-p

219 1747 406 1790 trarium
433 1756 666 1790 ostensum
689 1755 757 1790 est
782 1748 844 1803 (c.
876 1745 978 1803 52.).

307 1812 547 1888 Amplius·
588 1811 867 1865 infinitum,
857 1827 902 1855 in
928 1822 1149 1871 quantum
1174 1812 1455 1871 hujusmodi,
1476 1812 1687 1871 ignotum
1721 1822 1800 1857 est.
1835 1812 2086 1858 Ostensum
2113 1822 2182 1857 est

224 1889 377 1923 autem
403 1880 450 1922 in
472 1879 621 1937 primo
649 1879 708 1935 (c.
741 1891 811 1937 43.
815 1879 850 1934 ),
882 1879 1036 1922 Deum
1058 1893 1157 1924 esse
1182 1879 1423 1923 infinitum.
1451 1879 1558 1923 Non
1585 1879 1722 1937 igitur
1742 1888 1893 1937 potest
1915 1879 2068 1924 divina
2082 1879 2181 1923 sub·

223 1945 386 1990 stantia
412 1959 492 2003 per
522 1944 679 1988 lumen
706 1945 988 2003 praedictum
1013 1945 1169 1990 videri.

309 2012 498 2055 Adhuc:
528 2021 707 2070 oportet
733 2025 830 2055 esse
858 2012 1203 2069 proportionem
1228 2011 1522 2070 intelligentis
1549 2012 1606 2056 ad
1630 2026 1728 2056 rem
1754 2010 2046 2056 intellectam.
2072 2011 2180 2056 Non

220 2089 287 2123 est
314 2089 465 2122 autem
491 2078 642 2137 aliqua
667 2079 903 2137 proportio
929 2078 1184 2123 intellectus
1210 2080 1349 2123 creati
1380 2079 1426 2122 in
1442 2078 1616 2122 lumine
1638 2078 1871 2137 praedicto
1898 2075 2099 2136 perfecti,
2124 2077 2181 2122 ad

219 2145 518 2189 substantiam
551 2145 767 2199 divinam,
809 2159 915 2188 cum
958 2145 1105 2189 adhuc
1146 2155 1382 2190 remaneat
1419 2145 1630 2189 distantia
1659 2144 1849 2189 infinita.
1890 2143 1999 2188 Non
2031 2153 2181 2203 potest

218 2212 355 2270 igitur
376 2211 631 2256 intellectus
663 2222 839 2255 creatus
882 2212 937 2255 ad
972 2212 1173 2256 divinam
1200 2211 1498 2256 substantiam
1531 2211 1776 2256 videndam
1806 2225 1886 2270 per
1917 2210 2074 2255 lumen
2100 2209 2175 2254 ali·

218 2279 340 2336 quod
373 2278 554 2323 elevari.

308 2345 373 2388 Ex
398 2345 469 2389 his
497 2354 649 2389 autem
677 2355 722 2389 et
746 2345 969 2390 similibus
992 2345 1243 2388 rationibus
1261 2344 1400 2403 aliqui
1421 2344 1538 2388 moti
1562 2353 1667 2388 sunt
1693 2344 1749 2389 ad
1766 2343 2179 2403 ponendum‚quod

218 2412 368 2455 divina
402 2412 650 2456 substantia
683 2426 916 2470 nunquam
955 2411 1008 2456 ab
1045 2412 1197 2470 aliquo
1230 2411 1463 2455 intellectu
1491 2421 1644 2455 creato
1676 2411 1895 2455 videatur.
1921 2409 2056 2462 Quae
2082 2410 2176 2468 qui-

219 2478 323 2522 dem
370 2478 535 2536 positio
583 2489 628 2522 et
667 2493 823 2522 veram
858 2488 1089 2526 creaturae
1130 2477 1363 2522 rationalis
1399 2477 1727 2521 beatitudinem
1763 2475 1896 2530 tollit,
1937 2489 2054 2535 quae
2084 2490 2179 2520 non

219 2554 368 2602 potest
401 2559 499 2589 esse
531 2545 619 2589 nisi
652 2547 695 2588 in
728 2546 906 2589 visione
940 2545 1119 2589 divinae
1151 2545 1444 2598 substantiae,
1476 2554 1524 2587 ut
1557 2553 1800 2609 ostensum‘
1818 2553 1884 2587 est
1911 2544 1973 2600 (c.
2003 2542 2108 2600 51.)‚
2134 2552 2179 2587 et

220 2612 479 2656 auctoritati
505 2626 659 2656 sacrae
694 2612 953 2671 Scripturae
977 2612 1260 2666 contradicit,
1287 2622 1335 2655 ut
1361 2626 1413 2655 ex
1440 2610 1747 2670 superioribus
1772 2618 1909 2668 patet,
1941 2609 2062 2654 unde
2085 2618 2180 2654 tan·

218 2693 356 2737 quam
382 2678 495 2722 falsa
522 2688 565 2722 et
586 2679 817 2723 haeretica
835 2679 1087 2737 abjicienda
1113 2689 1193 2722 est.

306 2746 523 2790 Rationes
557 2756 710 2790 autem
757 2746 1010 2804 praedictas
1043 2759 1137 2788 non
1171 2743 1352 2789 difficile
1386 2753 1453 2788 est
1486 2742 1676 2788 solvere.
1703 2742 1871 2786 Divina
1907 2742 2031 2786 enim
2075 2741 2178 2787 sub-

218 2813 380 2856 stantia
406 2827 501 2856 non
518 2813 582 2857 sic
610 2823 679 2857 est
704 2823 826 2856 extra
852 2811 1117 2858 facultatem
1151 2812 1291 2855 creati
1315 2810 1587 2863 intellectus,
1624 2810 1754 2868 quasi
1790 2808 1959 2867 aliquid
1985 2808 2177 2853 omnino

219 2890 483 2924 extraneum
525 2881 578 2924 ab
618 2881 732 2939 ipso,
766 2881 883 2924 sicut
927 2891 994 2924 est
1036 2894 1175 2923 sonus
1211 2894 1237 2922 a
1275 2881 1389 2933 visu,
1416 2877 1490 2921 vel
1529 2877 1778 2922 substantia
1814 2875 2127 2920 immaterialis
2152 2889 2179 2920 a

215 2961 362 2991 sensu.
391 2947 512 2990 Nam
540 2948 693 2990 divina
719 2947 967 2991 substantia
985 2957 1052 2990 est
1077 2948 1275 3005 primum
1299 2943 1601 3002 intelligibile,
1629 2953 1672 2987 et
1697 2944 1835 2988 totius
1860 2941 2181 2987 intellectu-alis

217 3015 492 3073 cognitionis
519 3014 804 3073 principium.
835 3014 923 3057 Sed
952 3023 1018 3057 est
1045 3022 1168 3057 extra
1190 3011 1453 3056 facultatem
1483 3010 1739 3054 intellectus
1773 3009 1925 3063 creati,
1962 3009 2077 3053 sicut
2110 3022 2182 3053 ex·

218 3081 384 3125 cedens
410 3081 624 3124 virtutem
645 3081 754 3137 ejus,
782 3080 898 3123 sicut
925 3078 1191 3123 excellentia
1208 3077 1489 3122 sensibilium
1517 3087 1621 3120 sunt
1645 3087 1768 3120 extra
1789 3075 2055 3120 facultatem
2081 3089 2178 3120 sen·
2208 3102 2212 3105 -

215 3162 361 3191 suum.
391 3147 525 3191 Unde
567 3157 609 3190 et
633 3146 943 3203 Philosophus
970 3146 1016 3189 in
1044 3146 1245 3189 secundo
1278 3144 1477 3201 Metaph.
1507 3144 1557 3199 (t.
1588 3158 1624 3187 c.
1658 3143 1714 3200 1.)
1747 3143 1869 3196 dicit,
1900 3142 2023 3201 quod
2054 3140 2181 3186 intel·

216 3214 358 3258 lectus
400 3224 554 3258 noster
594 3227 642 3257 se
682 3213 819 3256 habet
863 3212 918 3255 ad
951 3226 1101 3255 rerum
1135 3209 1505 3254 manifestissima
1536 3210 1652 3253 sicut
1692 3208 1853 3254 oculus
1884 3219 2080 3252 noctuae
2123 3207 2182 3252 ad

214 3280 363 3325 lucem
403 3281 527 3325 solis.
569 3281 746 3339 Indiget
801 3280 938 3338 igitur
965 3277 1215 3323 confortari
1253 3276 1514 3321 intellectus
1547 3286 1724 3321 creatus
1752 3275 1906 3334 aliquo
1931 3274 2088 3319 divino
2111 3272 2180 3319 lu·

216 3348 338 3391 mine
366 3348 422 3391 ad
447 3348 554 3402 hoc,
581 3347 703 3406 quod
730 3347 931 3390 divinam
971 3345 1215 3390 essentiam
1248 3344 1400 3388 videre
1434 3343 1588 3402 possit.
1621 3343 1708 3387 Per
1733 3342 1856 3401 quod
1887 3341 2034 3400 prima
2058 3339 2174 3386 ratio

217 3413 420 3458 solvitur.

306 3481 581 3538 Huiusmodi
607 3490 759 3524 autem
786 3480 942 3524 lumen
968 3478 1251 3523 intellectum
1279 3486 1482 3521 creatum
1523 3476 1577 3520 ad
1610 3475 1699 3520 Dei
1730 3474 1956 3520 visionem
1982 3472 2177 3527 exaltan

216 3562 309 3591 non
343 3557 524 3606 propter
551 3548 645 3605 ejus
673 3546 980 3591 indistantiam
1005 3560 1029 3589 a
1052 3545 1203 3589 divina
1226 3543 1487 3596 substantia,
1511 3542 1587 3587 sed
1607 3551 1790 3601 propter
1801 3542 2013 3586 virtutem
2038 3553 2177 3598 quam

2327 3590 2332 3626 Ξ
