2332 3854
277 196 349 249 94
908 191 1079 232 <LIBER
1117 193 1152 230 1.
1195 192 1315 230 CAP.
1359 192 1581 235 Lxxvm,

365 299 629 342 Praeterea:
658 296 696 341 si
720 296 846 340 Deus
870 310 965 341 non
990 295 1087 340 vult
1111 295 1290 354 singula
1315 295 1438 343 bona
1470 310 1523 341 ex
1554 296 1715 356 quibus
1748 307 1926 342 constat
1958 299 2234 355 universum,

277 365 478 423 sequitur
505 363 626 422 quod
649 363 695 407 in
722 363 934 407 universo
962 363 1018 406 sit
1045 377 1070 405 a
1104 376 1210 406 casu
1238 362 1407 407 ordinis
1431 361 1633 418 bonum3
1656 377 1751 408 non
1779 364 1902 410 enim
1934 374 2000 409 est
2020 364 2246 424 possibile-

278 431 400 490 quod
428 430 579 490 aliqua
602 444 705 489 pars
728 429 924 473 universi
951 430 1104 472 omnia
1124 428 1413 487 particularia
1437 429 1559 475 bona
1582 441 1832 490 componat
1849 433 1895 476 in
1913 431 2133 478 ordinem·
2143 433 2237 478 uni-

276 498 409 552 versi,
436 498 514 542 sed
541 497 640 542 sola
667 495 932 541 universalis
960 510 1097 540 causa
1122 496 1260 540 totius
1288 497 1498 551 universi,
1520 498 1625 556 quia
1645 498 1772 543 Deus
1798 508 1879 552 est,
1904 498 1983 557 qui
2001 513 2087 559 per·
2103 513 2245 545 snam

276 565 561 610 voluntatem
588 565 694 622 agit,
722 573 770 608 ut
801 563 915 607 infra
932 562 1051 620 (Lib.
1070 563 1125 606 ΙΙ.
1154 576 1192 606 c.
1226 563 1319 622 23.)
1351 563 1626 610 ostendetur.
1652 564 1794 617 Quod
1827 575 1980 609 autem
2006 565 2123 612 ordo
2143 566 2240 611 uni·¹

276 632 395 676 versi
428 632 485 676 sit
516 630 726 683 casualis,
761 639 828 674 est
857 629 1155 687 impossibile,
1188 630 1293 688 quia
1323 641 1586 690 sequeretur
1618 632 1740 690 quod
1782 631 1930 677 multo
1968 632 2117 691 magis
2149 631 2240 679 alia

277 699 530 758 posteriora
557 706 708 741 essent
735 711 760 739 a
786 710 907 740 casu.
936 695 1224 755 Relinquitur
1247 696 1385 756 igitur
1410 698 1533 756 quod
1563 698 1692 743 Deus
1723 698 1863 743 etiam
1889 698 2085 758 singula
2093 698 2239 747 bono·

277 779 380 810 rum
407 764 515 808 vult.
2107 785 2108 788 ¹
2132 787 2136 790 ’

366 831 556 876 Adhuc:
579 830 754 873 bonum
770 828 1097 883 intellectum,
1085 844 1133 873 m
1155 840 1377 889 quantum
1392 830 1671 890 hujusmodi,
1687 842 1754 876 est
1770 831 1981 877 volitum.
2005 832 2099 878 Sed
2112 832 2239 878 Deus

276 897 488 955 intelligit
514 897 652 941 etiam
677 895 967 954 particularia
993 895 1129 950 bona,
1146 906 1197 942 ut
1220 911 1355 957 supra
1381 899 1442 956 (c.
1469 897 1563 956 65.)
1588 899 1831 958 probatum
1864 909 1959 955 est;
1983 898 2082 946 vult
2104 899 2240 959 igitur

279 966 416 1010 etiam
450 962 738 1022 particularia
763 963 898 1007 bona.

367 1031 469 1075 Hoc
497 1040 649 1074 autem
677 1029 945 1087 auctoritate
973 1029 1233 1089 Scripturae
1260 1030 1569 1086 confirmatur,
1596 1046 1713 1091 quae
1743 1031 1884 1091 (Gen.
1909 1033 1944 1077 Ι.
1970 1032 2036 1090 4.)
2069 1032 2127 1079 ad
2155 1033 2242 1078 sin-

277 1098 384 1157 gula
412 1112 552 1157 opera
579 1095 966 1156 complacentiam
994 1097 1173 1141 divinae
1198 1097 1445 1143 voluntatis
1473 1099 1672 1143 ostendit
1697 1099 1873 1144 dicens:
1909 1099 2023 1146 Vidit
2041 1100 2157 1146 Deus
2176 1100 2240 1145 lu-

278 1181 364 1211 cem
386 1164 494 1223 quod
519 1170 616 1209 esset
648 1165 783 1208 bona:
810 1173 855 1208 et
881 1163 1088 1208 similiter
1120 1163 1176 1208 de
1203 1163 1302 1208 aliis
1329 1164 1556 1223 operibus,
1583 1175 1628 1210 et
1658 1175 1820 1224 postea
1848 1165 1906 1211 de
1938 1165 2151 1212 omnibus
2183 1168 2240 1211 si-

279 1231 375 1277 mul
400 1233 456 1290 (Ι.
486 1230 600 1290 31.):
637 1230 751 1276 Vidit
774 1231 891 1276 Deus
922 1236 1070 1279 cuncta
1096 1244 1200 1289 quae
1221 1231 1399 1290 fecerat,
1432 1238 1471 1277 et
1501 1238 1620 1276 erant
1643 1232 1764 1279 valde
1796 1233 1919 1278 bona.

980 1409 1236 1468 CAPUT
1278 1411 1536 1468 LXXIX.

562 1545 720 1594 QUOD
754 1546 897 1585 DEUS
930 1546 1095 1584 VELIT
1129 1546 1303 1586 ETIAM
1337 1547 1488 1594 QUAE
1521 1547 1762 1588 NONDUM
1794 1546 1957 1593 SUNT..

718 1637 721 1640 ⁴
770 1649 861 1707 (De
889 1650 1012 1693 verit.
1045 1654 1197 1708 quaest.
1224 1649 1387 1694 XXIII.
1415 1656 1499 1695 art.
1526 1666 1561 1695 ι.
1589 1649 1644 1694 ad
1669 1665 1709 1709 9.
1708 1650 1748 1708 ).

370 1761 420 1804 Si
442 1770 595 1805 autem
617 1759 735 1804 velle
763 1769 830 1804 est
861 1774 941 1819 per
973 1760 1368 1819 comparationem
1401 1760 1596 1805 volentis
1630 1761 1685 1804 ad
1717 1759 1926 1815 volitum,
1957 1759 2075 1805 forte
2108 1759 2244 1805 alicui

279 1837 429 1888 potest
452 1828 596 1871 videri
622 1827 745 1887 quod
770 1828 897 1871 Deus
931 1841 1025 1871 non
1057 1826 1168 1871 velit
1199 1827 1288 1871 nisi
1320 1841 1374 1871 ea
1406 1841 1522 1886 quae
1555 1837 1682 1882 sunt3
1714 1841 1823 1871 nam
1855 1826 2044 1872 relativa
2065 1825 2247 1887 oportet

281 1896 416 1940 simul
445 1909 557 1950 esse,
585 1905 634 1939 ut
651 1909 743 1939 uno
770 1895 1059 1953 interempto,
1084 1895 1368 1939 interimatur
1392 1894 1600 1948 alterum,
1626 1904 1675 1938 ut
1695 1894 2005 1954 Philosophus
2023 1893 2172 1939 docet.
2196 1894 2246 1938 Si
2325 1892 2329 1942 ᾖ

279 1963 416 2021 igitur
442 1961 560 2006 velle
588 1972 655 2006 est
679 1976 760 2021 per
787 1961 1181 2021 comparationem
1212 1961 1408 2006 volentis
1443 1961 1498 2005 ad
1529 1961 1737 2017 volitum,
1768 1960 1918 2006 nullus
1944 1969 2096 2020 potest
2124 1958 2244 2006 velle

280 2030 367 2073 nisi
393 2043 445 2072 ea
479 2043 595 2088 quae
622 2038 741 2074 sunt.

369 2096 634 2140 Praeterea:
662 2095 874 2140 voluntas
908 2095 1071 2139 dicitur
1104 2095 1159 2139 ad
1191 2094 1346 2149 volita,
1380 2095 1496 2139 sicut
1528 2106 1572 2139 et
1604 2104 1810 2139 creatura
1842 2105 1887 2140 et
1918 2104 2118 2150 creator;
2149 2109 2244 2139 non

283 2174 434 2208 autem
461 2172 611 2222 potest
637 2163 728 2207 dici
751 2163 889 2207 etiam
905 2163 1032 2207 Deus
1050 2177 1148 2207 esse
1167 2173 1359 2217 creator,
1376 2162 1450 2206 vel
1465 2163 1710 2216 Dominus,
1726 2161 1800 2207 vel
1814 2171 1957 2222 pater,
1975 2161 2064 2207 nisi
2083 2175 2243 2208 eorum

281 2245 397 2290 quae
423 2240 550 2284 sunt3
578 2244 689 2288 ergo
717 2244 812 2274 non
837 2239 986 2288 potest
1012 2230 1102 2274 dici
1130 2229 1263 2284 velle,
1290 2230 1376 2274 nisi
1403 2244 1457 2274 ea
1483 2244 1599 2288 quae
1631 2239 1747 2275 sunt.

371 2297 437 2341 Ex
463 2298 553 2341 hoc
582 2307 734 2341 autem
760 2306 913 2356 posset
944 2297 1131 2342 ulterius
1159 2296 1386 2350 concludi,
1421 2297 1459 2341 si
1484 2297 1691 2341 divinum
1716 2295 1835 2341 velle
1868 2306 1936 2342 est
1965 2281 2254 2354 invariabile„

282 2365 399 2410 sicut
424 2374 468 2409 et
493 2379 628 2408 suum
651 2378 767 2419 esse,
794 2374 839 2408 et
863 2378 956 2407 non
985 2363 1079 2408 vult
1105 2364 1192 2408 nisi
1219 2378 1271 2407 ea
1299 2378 1414 2423 quae
1441 2373 1545 2408 actu
1572 2373 1689 2418 sunt,
1716 2363 1839 2422 quod
1860 2362 1976 2408 nihil
1999 2362 2110 2409 velit
2124 2362 2247 2423 quod

281 2447 375 2478 non
403 2446 582 2491 semper
608 2432 676 2475 sit.

371 2500 545 2544 Dicunt
571 2510 722 2544 autem
752 2499 807 2543 ad
834 2499 924 2542 hoc
953 2499 1152 2558 quidam,
1180 2499 1303 2558 quod
1331 2513 1383 2543 ea
1410 2513 1525 2558 quae
1557 2513 1650 2543 non
1679 2508 1783 2543 sunt
1807 2498 1854 2542 in
1871 2498 2046 2558 seipsis,
2071 2507 2177 2555 sunt
2199 2497 2247 2554 in

282 2568 400 2621 Deo,
429 2577 472 2611 et
497 2567 544 2610 in
571 2568 666 2625 eius
691 2565 951 2620 intellectu3
985 2566 1104 2610 unde
1131 2565 1244 2610 nihil
1275 2566 1501 2625 prohibet,
1528 2580 1582 2609 ea
1608 2580 1723 2625 quae
1749 2579 1844 2610 non
1875 2573 1979 2610 sunt
2008 2565 2056 2609 in
2089 2563 2250 2624 seipsis

282 2635 435 2678 Deum
467 2633 585 2678 velle
612 2634 863 2678 secundum
891 2634 1013 2692 quod
1040 2635 1085 2677 in
1113 2648 1169 2677 eo
1197 2643 1313 2677 sunt.

372 2702 474 2745 Hoc
503 2711 656 2745 autem
682 2715 777 2744 non
801 2700 979 2744 videtur
1011 2699 1284 2744 sufficienter
1311 2700 1510 2754 dictum3
1537 2714 1645 2743 nam
1678 2699 1931 2744 secundum
1961 2699 2053 2744 hoc
2086 2698 2248 2744 dicitur

284 2767 472 2827 quilibet
496 2767 656 2812 volens
684 2767 853 2826 aliquid
885 2767 1018 2822 velle,
1035 2767 1157 2826 quod
1174 2766 1386 2811 voluntas
1404 2781 1484 2811 sua
1503 2766 1721 2811 referatur
1738 2766 1794 2810 ad
1810 2765 2018 2811 volitum.
2041 2765 2094 2810 Si
2108 2765 2249 2824 igitur

285 2835 436 2879 divina
461 2834 674 2879 voluntas
701 2849 795 2879 non
826 2834 1015 2879 refertur
1049 2834 1103 2878 ad
1130 2834 1339 2888 volitum,
1366 2834 1489 2893 quod
1515 2848 1609 2878 non
1636 2844 1704 2878 est
1729 2833 1816 2878 nisi
1840 2832 2094 2878 secundum
2126 2831 2250 2892 quod

285 2913 352 2947 est
377 2903 422 2946 in
454 2902 569 2961 ipso,
596 2901 670 2947 vel
695 2902 741 2946 in
769 2903 873 2960 ejus.
890 2901 1138 2956 intellecto,
1166 2902 1368 2959 sequitur
1395 2901 1516 2960 quod
1542 2901 1669 2945 Deus
1694 2915 1789 2945 non
1819 2899 2073 2950 velitillud
2105 2899 2263 2954 aliter,

284 2970 370 3014 nisi
397 2970 503 3029 quia
529 2969 628 3014 vult
651 2968 761 3013 illud
791 2983 888 3013 esse
914 2969 960 3012 in
987 2983 1050 3024 se,
1076 2968 1150 3013 vel
1175 2969 1221 3011 in
1255 2969 1350 3026 ejus
1381 2967 1629 3013 intellectu.
1664 2967 1766 3012 Hoc
1800 2977 1952 3012 autem
1983 2981 2079 3011 non
2103 2967 2249 3013 inten-

286 3038 397 3081 dunt
410 3036 677 3114 loquentes,
704 3035 782 3081 sed
801 3035 923 3095 quod
940 3036 1066 3080 Deus
1083 3035 1348 3094 hujusmodi
1365 3049 1482 3094 quae
1503 3034 1708 3079 nondum
1731 3044 1849 3089 sunt,
1864 3033 1976 3080 velit
1990 3047 2088 3079 esse
2111 3034 2248 3079 etiam

286 3103 331 3149 in
358 3105 530 3163 seipsis.

375 3172 570 3216 Rursus.
599 3171 637 3215 si
662 3167 874 3215 voluntas
902 3179 1192 3228 comparetur
1211 3169 1265 3213 ad
1284 3184 1381 3213 rem
1398 3168 1590 3214 volitam
1609 3183 1687 3228 per
1705 3183 1839 3213 suum
1856 3168 2103 3227 objectum,
2125 3166 2249 3227 quod

288 3249 354 3283 est
378 3239 552 3282 bonum
585 3238 892 3292 inlellectum;
919 3236 1176 3282 intellectus
1209 3246 1362 3280 autem
1394 3250 1487 3279 non
1521 3235 1671 3280 solum
1704 3235 1917 3295 intelligit
1945 3235 2121 3279 bonum
2150 3247 2250 3280 esse

287 3306 333 3349 in
360 3320 422 3360 sc,
449 3306 527 3350 sed
555 3306 691 3350 etiam
720 3307 765 3348 in
791 3305 973 3364 propria
1004 3314 1180 3358 natura,
1208 3312 1251 3347 et
1277 3303 1488 3347 voluntas
1507 3302 1843 3379 comparabitur
1866 3301 1924 3347 ad
1938 3301 2133 3362 volitum
2154 3313 2250 3345 non

288 3372 438 3416 solum
465 3373 715 3417 secundum
744 3372 866 3431 quod
895 3382 961 3416 est
987 3373 1031 3416 in
1059 3380 1384 3429 cognoscente,
1411 3371 1488 3415 sed
1517 3370 1654 3414 etiam
1683 3368 1934 3422 secundum
1961 3368 2084 3428 quod
2110 3377 2179 3415 est
2201 3367 2249 3415 in

289 3440 452 3498 seipso

2319 3467 2323 3474 ’
2309 2835 2332 3398 “”ηψωψ,η“ὼῇωέἇψκωψνηωω
2319 2763 2332 2828 zan-m„
2315 2653 2332 2743 ,distrahe
2330 2628 2332 2630 .
2320 2598 2330 2610 u
2323 2397 2332 2552 ,1.2›.va-‹...‚..„

376 3507 597 3551 Dicamus
638 3506 774 3565 igitur
810 3506 947 3565 quod,
979 3519 1122 3565 quum
1152 3505 1326 3549 bonum
1359 3504 1696 3563 apprehensum
1733 3512 1922 3562 moveat
1948 3477 2261 3561 voluntatem,.

291 3583 469 3633 oportet
491 3574 644 3632 quod
634 3588 783 3632 ipsum
801 3572 919 3618 velle
936 3582 1149 3632 sequatur
1168 3571 1478 3616 conditionem
1498 3570 1886 3630 apprehensionis,
1901 3568 2022 3623 sicut
2034 3578 2081 3617 et
2094 3577 2258 3622 motus
2303 3559 2309 3616 f
2331 3596 2332 3600 =

2307 3637 2332 3854 ‘1
