2332 3854
272 218 384 272 404
927 217 1083 256 LIBER
1121 216 1197 254 111.
1239 216 1361 254 cAP.
1402 216 1570 255 Lxxx.

271 318 478 382 pertinet,
504 319 624 363 unde
649 319 841 372 videtur,
877 318 1001 377 quod
1027 317 1083 361 ad
1109 318 1231 361 hunc
1270 317 1479 373 ordinem
1505 319 1728 376 pertineat
1768 328 1920 364 motus
1957 318 2226 382 coelestium

271 400 531 444 corporum,
558 401 612 430 ex
650 387 809 445 quibus
842 386 958 430 sicut
990 399 1015 428 a
1052 384 1322 443 quibusdam
1348 385 1684 431 universalibus
1702 389 1850 431 causis
1883 397 2223 446 consequuntur

271 452 563 511 particulares
577 453 790 498 effectus
780 467 825 495 in
844 461 1019 506 natura,
1030 460 1075 495 et
1090 451 1194 495 ideo
1207 451 1393 496 virtutes
1409 451 1648 497 coelorum
1661 462 1883 497 vocantur
1892 453 2004 497 Luc.
2015 453 2139 503 XXI.
2153 452 2224 498 26.

271 520 348 563 ubi
373 520 556 563 dicitur:
593 520 770 564 Virtutes
786 518 993 562 coelorum
1019 519 1309 562 movebuntur.
1332 518 1406 562 Ad
1433 532 1514 563 eos
1539 519 1678 563 etiam
1704 520 1885 590 spiritus
1912 520 2151 580 pertinere
2164 520 2228 571 fvi-

273 587 399 630 detur
426 585 655 629 exsecutio
693 585 952 628 divinorum
989 597 1180 658 operum
1213 598 1328 642 quae
1370 596 1546 661 praeter
1576 596 1763 630 naturae
1778 585 2015 642 ordinem
2029 585 2162 648 fiunt2
2177 597 2228 650 et

271 653 374 696 ideo
401 653 486 695 ista
512 661 616 694 sunt
641 650 998 713 sublimissima
988 665 1035 693 in
1072 651 1233 694 divinis
1273 651 1559 706 ministeriis;
1599 662 1784 710 propter
1818 652 1950 710 quod
1973 645 2226 713 Gregofiufs

272 720 380 762 dicit
407 717 629 774 (secundo
657 717 796 760 Hom.
819 717 867 760 in
893 717 1065 775 Evang.
1084 717 1212 760 hom.
1230 718 1441 762 XXXIV.
1459 733 1502 762 n.
1537 732 1601 763 10.
1604 720 1640 775 ),
1666 718 1789 777 quod
1806 719 1993 770 virtutes
2016 719 2227 778 dicuntur

270 785 339 828 illi
364 785 558 843 spiritus,
591 797 670 841 per
697 797 811 859 quos
838 785 967 841 signa
992 782 1270 842 frequentius
1294 784 1429 840 fiunt3
1457 795 1501 829 et
1525 786 1563 828 si
1604 785 1710 843 quid
1744 785 1866 828 aliud
1897 774 2151 844 universale
2180 794 2227 830 et

270 852 467 926 primum
486 860 553 894 est
567 850 614 893 in
631 850 892 894 ministeriis
910 850 1071 894 divinis
1091 851 1401 910 exsequendis,
1419 851 1697 899 conveniens
1715 861 1782 896 est
1800 852 1858 896 ad
1876 840 1998 898 hunc
2015 851 2225 911 ordinem

268 918 505 977 pertinere.

358 983 516 1027 Tertio
543 997 652 1027 vero
680 982 947 1027 universalis
973 984 1285 1042 providentiae
1312 984 1425 1028 ordo
1452 986 1544 1043 jam
1571 985 1618 1028 in
1651 983 1885 1029 effectibus
1915 960 2145 1046 institutus
2161 985 2224 1029 in-

268 1049 484 1094 confusus
497 1050 760 1103 custoditur,
774 1050 883 1093 dum
897 1050 1165 1094 cohibentur
1178 1065 1232 1095 ea
1245 1065 1360 1109 quae
1377 1061 1563 1110 possent
1577 1052 1699 1096 hunc
1717 1052 1925 1097 ordinem
1940 1042 2223 1113 perturbare.

268 1118 391 1176 quod
418 1116 602 1175 quidem
628 1118 820 1175 pertinet
845 1117 901 1160 ad
929 1117 1139 1160 ordinem
1164 1127 1454 1176 potestatum.
1482 1118 1616 1162 Unde
1632 1119 1882 1177 Dionysius
1900 1117 2076 1172 ibidem
2096 1118 2222 1180 dicit,

267 1183 390 1242 quod
421 1197 594 1226 nomen
619 1193 897 1259 potestatum
921 1184 1139 1243 importat
1163 1184 1411 1242 quamdam
1436 1185 1551 1228 bene
1578 1185 1835 1242 ordinatam
1865 1194 1911 1230 et
1933 1175 2223 1246 inconfiusam

267 1252 388 1296 circa
405 1251 579 1294 divinas
596 1251 908 1310 susceptiones
929 1251 1280 1296 ordinationem.
1298 1251 1355 1295 Et
1370 1251 1475 1298 ideo
1496 1239 1745 1311 Gregorius
1753 1251 1882 1307 dicit,
1893 1250 2028 1313 quod
2026 1250 2221 1314 adhunc

266 1318 474 1362 ordinem
500 1319 694 1376 pertinet
720 1319 969 1362 contrarias
1001 1327 1247 1376 potestates
1275 1332 1442 1363 arcere.
2174 1344 2177 1347 ·

353 1385 504 1429 Infimi
530 1395 684 1429 autem
701 1386 817 1429 inter
833 1386 1090 1444 superiores
1114 1385 1445 1430 intellectuales
1469 1386 1742 1435 substantias
1769 1395 1888 1440 sunt,
1913 1385 2002 1445 qui-
2012 1385 2221 1431 ordinem

264 1452 444 1496 divinae
472 1452 784 1510 providentiae
825 1452 872 1495 in
898 1439 1242 1511 particularibus
1280 1452 1430 1496 causis
1468 1451 1830 1511 cognoscibilem
1852 1452 2074 1506 divinitus
2095 1453 2224 1514 acci-

265 1520 408 1577 piunt,
435 1529 480 1563 et
504 1519 553 1562 hi
578 1519 842 1564 immediate
862 1519 1000 1564 rebus
1021 1519 1235 1563 humanis
1261 1529 1616 1578 praeponuntur.
1645 1519 1779 1564 Unde
1805 1519 1863 1564 de
1882 1520 1948 1565 eis
1964 1519 2221 1582 Dionysius

265 1586 387 1639 dicit,
401 1586 545 1645 quod
535 1595 619 1629 ista
635 1586 766 1629 tertia
779 1585 1014 1643 dispositio
1027 1586 1266 1644 spirituum
1283 1586 1496 1629 humanis
1513 1586 1780 1631 hierarchiis
1795 1600 1883 1647 per
1895 1586 2221 1649 consequentia

262 1653 494 1711 praecipit.
518 1653 605 1696 Per
630 1666 701 1696 res
721 1662 870 1696 autem
892 1653 1119 1697 humanas
1135 1651 1470 1711 intelligendae·
1473 1662 1578 1696 sunt
1599 1666 1760 1706 omnes
1776 1651 2013 1703 inferiores
2030 1662 2221 1717 naturae

264 1729 308 1763 et
339 1733 504 1762 causae
546 1718 838 1777 particulares
871 1733 986 1778 quae
1029 1719 1086 1762 ad
1111 1719 1351 1763 hominem
1379 1719 1658 1774 ordinantur,
1691 1730 1736 1763 et
1773 1719 1822 1763 in
1858 1733 1992 1779 usum
2016 1719 2226 1779 hominis

263 1786 444 1839 cedunt,
471 1786 587 1830 sicut
613 1796 736 1861 patet
762 1800 817 1829 ex
842 1785 1116 1844 praemissis
2092 1811 2093 1814 =

349 1853 472 1896 Inter
496 1853 579 1896 has
607 1853 745 1896 etiam
772 1852 958 1910 quidam
985 1852 1097 1896 ordo
1126 1852 1309 1896 exsistit.
1336 1852 1490 1896 Nam'
1479 1867 1527 1896 m
1548 1852 1681 1897 rebus
1706 1852 1920 1898 humanis
1943 1862 2013 1897 est
2033 1820 2218 1912 aliquod

261 1919 435 1963 bonum
463 1934 726 1972 commune,
754 1919 876 1977 quod
900 1919 1081 1977 quidem
1110 1929 1178 1963 est
1198 1919 1371 1962 bonum
1396 1919 1588 1962 civitatis
1609 1919 1684 1962 vel
1709 1919 1873 1978 gentis,
1897 1912 2027 1979 quod
2039 1919 2218 1970 videtur

262 1987 317 2029 ad
344 1986 679 2044 principatuum
707 1986 915 2029 ordinem
942 1986 1181 2044 pertinere.
1210 1986 1343 2029 Unde
1366 1996 1411 2029 et
1431 1986 1708 2044 Dionysius
1698 2001 1745 2029 m
1771 1985 1937 2031 eodem
1964 1999 2062 2044 cap.
2094 1985 2217 2040 dicit,

260 2053 382 2111 quod
408 2067 580 2096 nomen
607 2053 944 2111 principatuum
971 2052 1178 2110 designat
1204 2052 1435 2110 quoddam
1462 2053 1718 2096 dominium
1745 2066 1852 2096 cum
1876 2051 2037 2109 ordine
2068 2063 2216 2108 sacto.

258 2120 451 2178 Propter
468 2120 596 2196 quod
608 2130 651 2163 et
666 2119 873 2163 Danielis
891 2119 970 2177 (X.
981 2132 1050 2163 20.
1065 2130 1107 2163 et
1130 2131 1198 2164 21
1202 2119 1221 2175 )
1240 2118 1290 2162 fit
1306 2119 1478 2162 mentio
1498 2119 1553 2162 de
1570 2118 1797 2166 Michaele
1813 2118 2017 2178 principe
2026 2110 2219 2181 Judaeo-

258 2201 360 2230 rum
387 2197 431 2230 et
456 2187 659 2245 principe
685 2186 928 2230 Persarum
962 2197 1006 2230 et
1033 2186 1344 2239 Graecorum3
1373 2196 1416 2229 et
1432 2186 1496 2229 sic
1515 2186 1752 2261 dispositio
1784 2199 2033 2244 regnorum
2057 2195 2102 2231 et
2122 2196 2219 2249 ιιιιι·

256 2256 367 2297 tatio
396 2254 721 2297 dominationis
748 2267 774 2295 a
801 2263 936 2311 gente
953 2252 1000 2295 in
1018 2261 1202 2328 gentem
1231 2253 1286 2296 ad
1314 2252 1616 2296 ministerium
1633 2253 1767 2310 hujus
1791 2252 1977 2306 ordinis
1970 2252 2216 2317 pertinere

258 2330 452 2379 oportet.
485 2321 729 2364 Instructio
750 2321 888 2364 etiam
916 2333 1090 2373 eorum,
1110 2320 1189 2395 qui
1205 2319 1321 2362 inter
1337 2319 1549 2363 homines
1572 2319 1791 2365 exsistunt
1811 2310 2057 2380 principes,
2074 2311 2131 2364 ‘de
2145 2319 2217 2367 his

257 2401 372 2445 quae
396 2387 451 2430 ad
470 2387 910 2431 administrationem
937 2385 1005 2430 sui
1031 2386 1264 2444 regiminis
1291 2386 1529 2444 pertinent,
1557 2386 1612 2430 ad
1634 2386 1756 2430 hunc
1783 2382 2217 2449 ordinemspectare

255 2454 445 2499 videtur.

345 2521 424 2564 Est
450 2520 588 2564 etiarn
621 2520 806 2580 aliquod
831 2521 1086 2564 humanum
1111 2520 1285 2564 bonum
1311 2519 1433 2579 quod
1459 2534 1554 2564 non
1575 2519 1622 2563 in
1645 2519 1973 2565 communitate
1995 2513 2216 2574 consistit,

255 2588 335 2632 sed
363 2588 418 2631 ad
445 2588 645 2647 aliquem
670 2588 866 2646 pertinet
897 2587 1148 2631 secundum
1190 2587 1413 2645 seipsum:
1441 2601 1535 2631 non
1561 2597 1716 2643 tamen
1748 2587 1827 2630 uni
1857 2584 1946 2632 soli
1976 2585 2123 2641 utile,
2131 2586 2214 2639 sed

255 2654 423 2708 multis,
455 2655 569 2699 sicut
591 2669 707 2713 quae
734 2666 837 2698 sunt
855 2654 907 2697 ab
936 2654 1146 2698 omnibus
1166 2664 1210 2697 et
1234 2653 1423 2712 singulis
1455 2638 1680 2698 credenda
1706 2663 1749 2697 et
1776 2651 2075 2715 observanda,¹
2096 2643 2215 2700 sicut

255 2735 308 2765 ea
335 2735 450 2780 quae
467 2731 570 2766 sunt
585 2721 692 2765 fidei
717 2731 762 2765 et
789 2721 934 2765 cultus
961 2721 1153 2774 divinus,
1181 2731 1226 2764 et
1247 2720 1335 2764 alia
1351 2719 1629 2779 hujusmodi.
1647 2719 1703 2764 Et
1719 2719 1809 2765 hoc
1827 2719 1887 2764 ad
1908 2712 2212 2781 archangelos

252 2791 459 2845 pertinet,
487 2789 543 2832 de
571 2788 732 2846 quibus
760 2788 1011 2845 Gregorius
1030 2787 1151 2841 dicit,
1169 2788 1292 2846 quod
1323 2801 1504 2831 summa
1540 2788 1772 2840 nunciant,
1798 2787 1917 2831 sicut
1949 2783 2212 2832 Gabrielem

253 2855 581 2914 archangelum
606 2856 914 2908 nominamus,
939 2854 1015 2913 qui
1041 2854 1260 2912 unigeniti
1298 2853 1438 2898 Verbi
1477 2853 1841 2897 incarnationem
1875 2848 2122 2916 nunciavit,
2155 2853 2210 2899 ab

253 2922 466 2965 omnibus
493 2921 780 2966 credendam.

290 2988 594 3040 Quoddam
619 3003 728 3032 vero
762 2988 1018 3031 humanum
1039 2988 1211 3032 bonum
1238 2997 1305 3032 est
1331 2987 1386 3032 ad
1419 2986 1778 3046 unumquodque
1802 2959 2090 3045 singulariter
2116 3000 2213 3047 per,-

250 3055 412 3108 tinens‚
440 3066 484 3100 et
515 3056 604 3099 hoc
639 3055 694 3099 ad
737 3055 945 3098 ordinem
972 3055 1163 3112 pertinet
1205 3053 1488 3113 angelorum,
1516 3054 1571 3097 de
1598 3054 1760 3112 quibus
1798 3052 2049 3112 Gregorius
2086 3048 2209 3108 dicit,

250 3122 373 3180 quod
400 3122 557 3165 infima
583 3122 813 3166 nunciant.
843 3122 976 3166 Unde
1003 3132 1047 3166 et
1072 3121 1313 3165 hominum
1343 3120 1553 3165 custodes
1581 3134 1679 3164 esse
1706 3120 1947 3174 dicuntur,
1954 3119 2208 3183 secundum
2247 3176 2251 3179 ι
2290 3114 2306 3161 {¹

246 3189 358 3232 illud
382 3188 522 3248 (Psal.
541 3189 641 3234 XC.
666 3203 681 3232 1
696 3203 729 3232 1.
734 3190 776 3245 ):
805 3190 973 3247 Angelt's
987 3191 1070 3232 suis
1086 3190 1200 3232 Deus
1225 3187 1445 3232 mandavit
1461 3187 1506 3231 de
1524 3194 1572 3241 ta,
1591 3193 1636 3231 ut
1651 3185 1885 3233 custodiant
1905 3192 1941 3231 te
1957 3188 2002 3232 in
2020 3187 2209 3249 omnibus

247 3258 328 3300 viis
356 3259 446 3300 tuis.
466 3255 600 3300 Unde
628 3267 671 3300 et
687 3257 937 3315 Dionysms
955 3256 1077 3309 dicit,
1095 3255 1217 3314 quod
1237 3254 1499 3313 archangeli
1529 3254 1668 3299 medii
1682 3264 1787 3299 sunt
1800 3253 1917 3313 Inter
1934 3253 2208 3316 principatus

248 3333 293 3366 et
311 3323 510 3398 angelos,
531 3324 750 3367 habentes
777 3323 961 3381 aliquod
980 3336 1226 3367 commune
1249 3336 1355 3365 cum
1381 3322 1593 3380 utrisque.
1620 3319 1741 3365 Cum
1766 3308 2105 3382 principatibus
2114 3320 2210 3380 qui·

248 3389 389 3433 dem
379 3405 424 3433 in
452 3400 673 3465 quantum
695 3389 981 3434 inferioribus
1003 3389 1176 3447 angelis
1204 3389 1418 3432 ducatum
1445 3396 1694 3446 praestant:
1719 3400 1805 3443 nec
1836 3386 2206 3451 immerito,un

248 3470 363 3514 quae
381 3466 486 3500 sunt
510 3456 693 3515 propria
712 3457 757 3499 in
784 3456 1011 3510 humanis,
1038 3454 1288 3500 secundum
1315 3469 1368 3498 ea
1395 3468 1511 3514 quae
1538 3464 1643 3499 sunt
1669 3454 1932 3516 communia
1951 3452 2207 3513 dispensari
2327 3473 2329 3476 ·

248 3533 441 3580 oportet.
462 3522 585 3567 Cum
611 3522 899 3581 archangelis
916 3536 1041 3577 vero,
1060 3522 1164 3581 quia
1192 3521 1460 3566 annuntiant
1482 3520 1671 3580 angelis,
1690 3530 1735 3565 et
1749 3534 1830 3581 per
1846 3514 2040 3585 angelos
2054 3510 2205 3582 nobis,
2278 3569 2283 3576 ‚

245 3603 441 3649 quorum
468 3600 536 3635 est
560 3589 861 3635 manifestare
875 3589 1137 3635 hominibus
1153 3602 1269 3649 quae
1291 3587 1348 3633 ad
1374 3602 1454 3633 eos
1474 3587 1699 3648 pertinent
1727 3575 1980 3652 secundum
1996 3583 2204 3650 uniuscu-
2238 3636 2241 3638 ,
2290 3598 2292 3602 ·

2313 2021 2332 2090 -Ξ

2300 2182 2332 2362 ἓ

2306 2345 2332 2452 ξ

2315 2509 2332 2537 ἦ

2305 2615 2307 2618 ⁴
2316 2606 2324 2620 *e

2308 2695 2329 2760 ξ

2306 2760 2328 2775 «ἔτι
