2332 3854
313 199 419 250 620
952 209 1108 248 Lmen
1146 209 1218 247 1v.
1260 209 1380 248 CAP.
1419 208 1607 246 xxxvt.

309 312 422 355 tinet
447 312 626 366 mereri,
660 313 764 370 quia
791 310 1005 354 meritum
1033 320 1100 354 est
1126 309 1316 368 alicuius
1346 309 1395 352 in
1421 308 1749 367 perfectionem
1770 309 2009 354 tendentis.
2032 309 2108 366 Sic
2129 308 2267 368 igitur

311 376 521 421 Christus
546 392 694 436 neque
718 378 801 420 sibi
833 389 979 434 neque
1005 376 1136 419 nobis
1172 389 1254 419 sua
1284 377 1496 434 passione
1528 375 1788 430 meruisset3
1825 377 1951 433 cujus
1988 375 2266 420 contrarium

309 443 446 487 docet
468 443 717 502 Apostolus
745 442 962 501 (Philipp.
990 442 1044 486 ΙΙ.
1073 443 1112 486 8
1142 452 1186 486 et
1212 443 1275 499 9.)
1300 442 1479 485 dicenS.
1506 443 1660 487 Factus
1690 448 1745 486 est
1776 441 1958 487 obediens
1990 442 2115 528 Patri
2145 457 2268 500 usque

309 510 362 553 ad
393 517 593 561 mor;tem
620 516 796 569 propter
826 509 935 567 quod
959 514 995 552 et
1020 510 1134 553 Deus
1165 509 1366 552 exaltavit
1391 509 1524 552 illu-m.

396 576 663 620 Praeterea·
693 575 730 618 si
756 575 801 617 in
830 574 1017 619 Christo
1039 574 1250 619 voluntas
1277 575 1479 618 humana
1504 589 1598 619 non
1624 574 1722 629 fuit,
1749 574 1950 634 sequitur
1976 573 2099 634 quod
2109 587 2267 633 neque

307 643 559 686 secundum
586 652 796 685 naturam
824 651 1103 700 assumptam
1130 642 1259 686 liberi
1282 642 1451 685 arbitrii
1466 641 1570 695 fu1t3
1586 656 1695 685 nam
1713 642 1966 685 secundum
1981 640 2267 688 voluntatem

308 719 375 752 est
400 708 545 752 homo
578 707 707 751 liberi
733 707 914 752 arbitrii.
944 708 1019 751 Sic
1052 708 1191 766 igitur
1221 722 1316 752 non
1352 709 1516 767 agebat
1554 708 1761 753 Christus
1799 708 1945 752 homo
1981 707 2038 751 ad
2073 707 2266 752 modum

306 774 523 828 hominis,
556 774 635 818 sed
673 774 727 817 ad
766 775 957 818 modum
989 774 1185 818 aliorum
1222 774 1504 828 animalium,
1542 789 1659 834 quae
1694 773 1840 819 libero
1875 774 2059 818 arbitrio
2096 785 2267 819 carent.

306 840 434 883 Nihil
459 841 594 898 igitur
618 840 665 883 in
692 841 788 898 ejus
815 841 987 885 actibus
1013 841 1268 885 virtuosum
1295 850 1341 886 et
1364 840 1591 885 laudabile
1618 850 1695 885 aut
1715 841 1847 885 nobis
1872 839 2143 884 imitandum
2168 838 2265 884 fuit.

304 906 486 950 Frustra
521 906 658 965 igitur
684 906 791 950 dicit
817 907 1000 963 (Matth.
1026 907 1104 950 XI.
1132 908 1246 967 29.):
1279 909 1440 952 Discite
1470 922 1497 952 a
1528 923 1606 961 me,
1639 909 1741 966 quia
1770 908 1881 952 mitis
1916 921 2007 951 sum
2038 911 2076 952 et
2098 906 2266 951 humilis

305 973 452 1025 corde;
482 983 525 1017 et
551 973 735 1031 (Joann.
762 973 885 1017 XIII.
925 974 1040 1031 15.):
1065 974 1316 1033 Exemplum
1342 974 1434 1019 dedi
1457 976 1590 1029 vobis,
1613 980 1658 1018 ut
1689 972 2034 1033 quemadmodum
2064 986 2147 1032 ego·
2166 973 2264 1030 feci,

304 1040 367 1083 ita
399 1046 435 1084 et
459 1054 533 1083 vos
559 1041 741 1097 faciatis.

393 1106 583 1150 Adhuc:
611 1107 658 1149 in
685 1120 778 1150 uno
804 1106 994 1151 homine
1026 1121 1156 1167 puro,
1193 1107 1401 1166 quamvis
1438 1107 1496 1152 sit
1532 1107 1768 1167 supposito
1804 1121 1936 1161 unus,
1971 1115 2078 1151 sunt
2106 1114 2264 1150 tamen

303 1171 453 1231 plures
481 1183 525 1216 et
551 1174 773 1232 appetitus
791 1183 835 1217 et
856 1175 1147 1233 operationes
1163 1174 1414 1218 secundum
1433 1174 1610 1218 diversa
1626 1173 1852 1218 naturalia
1870 1173 2105 1232 principia.
2125 1172 2264 1226 Nam,

305 1239 559 1284 secundum
581 1239 853 1285 rationalem
882 1251 1059 1299 partem
1092 1242 1211 1285 inest
1236 1241 1278 1285 ei
1303 1241 1546 1295 voluntas3
1579 1241 1831 1285 secundum
1861 1240 2125 1285 sensitivam
2142 1240 2266 1284 ine'st
2329 1244 2332 1245 ’

303 1306 345 1349 ei
370 1306 606 1350 irascibilis
625 1317 668 1350 et
694 1307 1077 1366 concupiscibilis,
1104 1318 1148 1352 et
1174 1322 1326 1352 rursus
1343 1307 1561 1352 naturalis
1589 1308 1813 1366 appetitus
1841 1319 2127 1366 consequens
2144 1305 2265 1350 vires
2330 1358 2332 1364 .

301 1372 544 1416 naturales.
569 1373 789 1418 Similiter
806 1384 958 1418 autem
982 1384 1026 1418 et
1043 1374 1294 1418 secundum
1318 1374 1505 1418 oculum
1521 1374 1658 1428 videt,
1676 1373 1927 1418 secundum
1949 1385 2108 1417 aurem
2124 1371 2264 1426 audit,

302 1439 416 1498 pede
445 1439 661 1495 ambulat,
688 1441 843 1499 lingua
868 1440 1070 1499 loquitur
1095 1451 1139 1485 et
1154 1451 1324 1485 ‘mente
1350 1440 1591 1499 intelligit;
1625 1454 1742 1499 quae
1767 1443 1873 1485 sunt
1890 1440 2181 1499 operationes
2202 1437 2266 1482 di-

301 1520 472 1550 versae.
495 1507 553 1550 Et
576 1507 667 1551 hoc
693 1507 798 1551 ideo
818 1517 900 1565 est,
919 1509 1023 1566 quia
1041 1508 1331 1567 operationes
1348 1522 1444 1551 non
1461 1486 1989 1570 multiplicanturssolum
2010 1504 2263 1550 secundum
2329 1540 2332 1541 γ

303 1573 481 1617 diversa
521 1574 724 1632 subjecta
761 1575 1008 1634 operativa,
1046 1575 1124 1619 sed
1159 1575 1298 1620 etiam
1335 1574 1587 1618 secundum
1620 1573 1797 1618 diversa
1829 1571 2065 1632 principia,
2100 1570 2263 1630 quibus
2328 1626 2332 1630 ι

301 1654 440 1683 unum
471 1650 515 1684 et
539 1641 664 1684 idem
697 1641 949 1699 subiectum
978 1651 1204 1701 operatur,
1232 1656 1258 1685 a
1284 1641 1445 1700 quibus
1473 1641 1611 1685 etiam
1638 1639 1930 1698 operationes
1953 1638 2155 1698 speciem
2174 1647 2263 1692 tra-
2327 1636 2332 1694 j

301 1707 430 1753 hunt.
457 1708 623 1750 Divina
649 1721 758 1751 vero
784 1718 945 1751 natura
971 1707 1116 1752 multo
1143 1707 1242 1767 plus
1270 1708 1404 1752 distat
1432 1708 1486 1750 ab
1507 1708 1712 1751 humana
1737 1719 1876 1765 quam
1901 1703 2124 1750 naturalia
2141 1703 2264 1764 prin·¹

303 1774 421 1832 cipia
446 1774 676 1818 humanae
701 1785 889 1819 naturae
917 1775 969 1818 ab
997 1775 1210 1820 invicem.
1238 1774 1316 1819 Est
1341 1775 1478 1833 igitur
1504 1774 1592 1818 alia
1625 1784 1670 1818 et
1702 1773 1790 1818 alia
1821 1771 2034 1817 voluntas
2067 1780 2112 1816 et
2144 1783 2263 1830 ope-

301 1841 416 1884 ratio
444 1841 622 1884 divinae
648 1851 693 1885 et
717 1841 947 1885 humanae
973 1851 1161 1885 naturae
1183 1842 1229 1892 in
1248 1841 1450 1895 Christo,
1467 1839 1575 1885 licet
1590 1841 1686 1900 ipse
1709 1839 1918 1884 Christus
1936 1838 1994 1883 sit
2007 1837 2056 1882 in
2071 1838 2261 1896 utraque
2327 1836 2332 1893 ξ

299 1917 460 1951 natura
486 1921 615 1951 unus.

390 1975 528 2019 Item:
557 1989 611 2018 ex
638 1974 905 2026 auctoritate
933 1974 1192 2034 Scripturae
1219 1973 1457 2021 manifeste
1484 1974 1738 2019 ostenditur
1761 1973 1810 2018 in
1835 1971 2021 2017 Christo
2047 1970 2159 2015 duas
2184 1983 2262 2014 vo-

297 2039 493 2085 luntates
519 2040 670 2086 fuisse.
697 2041 822 2086 Dicit
853 2041 976 2087 enim
1002 2043 1097 2100 ipse
1139 2041 1327 2100 (Joann.
1369 2041 1447 2086 VI.
1485 2042 1599 2100 38.):
1641 2038 1846 2086 Descendi
1877 2036 2076 2095 digcoan,
2103 2051 2186 2082 non
2212 2042 2258 2082 ui
2319 2007 2332 2069 J?

288 2108 454 2166 faciam
475 2107 730 2152 voluntatem
751 2122 901 2163 meam,
927 2108 993 2153 sed
1016 2108 1272 2154 voluntatem
1293 2112 1380 2168 ejus
1405 2110 1477 2167 qui
1497 2109 1611 2153 misit
1627 2122 1690 2152 me
1699 2122 1716 2161 ;
1737 2116 1781 2151 et
1807 2105 1941 2164 (Luc.
1966 2104 2113 2149 XXII.
2138 2105 2259 2162 42.):

298 2175 396 2219 Non
418 2188 511 2220 mea
531 2174 739 2229 voluntas,
762 2174 829 2219 sed
855 2181 929 2219 tua
942 2176 1040 2233 fiat.
1067 2175 1133 2219 Ex
1159 2176 1320 2234 quibus
1346 2185 1472 2234 patet
1493 2174 1652 2234 quod*
1641 2189 1688 2218 m
1717 2173 1904 2218 Christo
1926 2170 2014 2216 fuit
2033 2170 2260 2231 quaedam

296 2241 508 2286 voluntas
526 2241 707 2300 propria
729 2242 839 2300 ejus,
861 2251 1039 2301 praeter
1063 2242 1348 2287 voluntatem
1370 2241 1530 2286 Patris.
1552 2239 1845 2285 Manifestum
1867 2248 1938 2284 est
1961 2243 2130 2283 autem
2136 2236 2260 2297 quod
2312 2283 2319 2303 Σ

296 2308 343 2351 in
377 2323 433 2353 eo
459 2307 543 2352 fuit
572 2308 784 2353 voluntas
817 2310 1041 2368 quaedam
1077 2310 1336 2354 communis
1368 2310 1452 2354 sibi
1489 2318 1534 2353 et
1565 2308 1713 2362 Patri3
1745 2308 1892 2352 Patris
1929 2306 2057 2351 enim
2082 2315 2135 2350 et
2157 2300 2262 2349 filii

297 2376 413 2420 sicut
445 2384 511 2420 est
537 2390 628 2419 una
649 2385 823 2434 natura,
845 2376 908 2420 ita
933 2377 1072 2421 etiam
1098 2385 1167 2420 est
1191 2390 1281 2420 una
1306 2375 1534 2421 voluntas.
1563 2375 1679 2419 Sunt
1704 2375 1842 2433 igitur
1861 2373 1911 2418 in
1933 2372 2124 2426 Christo
2142 2371 2269 2418 dnae.
2314 2387 2324 2414 3

296 2442 567 2487 voluntates.
615 2470 618 2474 »

385 2509 512 2554 Idem
543 2519 696 2553 autem
728 2518 772 2553 et
803 2509 859 2553 de
892 2509 1232 2567 operationibus
1263 2519 1400 2569 patet.
1428 2509 1530 2554 Fuit
1560 2508 1683 2556 enim
1718 2508 1766 2552 in
1803 2507 1991 2553 Christo
2026 2518 2119 2550 una
2152 2508 2262 2565 opo'v·

296 2576 412 2620 ratio
445 2576 529 2620 sibi
561 2586 606 2620 et
631 2576 753 2620 Patri
780 2576 1055 2630 communis,
1082 2590 1222 2635 quum
1249 2577 1346 2635 ipse
1373 2576 1494 2619 dicat
1520 2573 1708 2634 (Joann.
1730 2573 1786 2618 V.
1820 2573 1934 2633 19.):
1962 2574 2259 2631 Quascumque
2299 2568 2321 2610 f

296 2645 421 2688 Pater
433 2644 599 2701 fecerit,
627 2649 664 2687 et
685 2643 781 2688 haec
805 2644 996 2687 similiter
1020 2644 1158 2688 Filius
1174 2644 1299 2702 facit.
1318 2643 1398 2687 Est
1414 2653 1566 2686 autem
1592 2643 1638 2686 in
1661 2655 1717 2686 eo
1745 2650 1789 2686 et
1806 2640 1897 2685 alia
1917 2640 2123 2700 operatio
2135 2644 2257 2699 {quae

265 2734 267 2736 ·
295 2724 389 2754 non
416 2710 628 2753 convenit
652 2710 789 2763 Patri,
822 2720 871 2753 ut
897 2710 1109 2764 dormire,
1137 2710 1321 2765 esurire,
1355 2710 1613 2763 comedere,
1645 2719 1690 2753 et
1718 2707 1809 2752 alia'
1831 2706 2109 2767 hujusmodi,
2140 2716 2257 2766 quae
2305 2704 2321 2743 ἑ

299 2777 505 2821 Christus
531 2777 795 2820 humanitus
827 2775 934 2820 fecit
959 2776 1032 2820 vel
1055 2790 1212 2834 passus
1239 2786 1320 2831 est,
1352 2786 1399 2820 ut
1425 2774 1744 2834 Evangelistae
1769 2774 1966 2819 tradunt.
1986 2772 2095 2818 Non
2118 2772 2258 2844 igitur

294 2843 412 2888 fuit
402 2859 447 2888 m
475 2844 661 2890 Christo
684 2859 774 2888 una
795 2854 974 2888 tantum
1000 2844 1219 2903 operatio.

383 2911 574 2955 Videtur
601 2921 753 2955 autem
790 2911 906 2955 haec
938 2911 1105 2970 positio
1133 2921 1285 2955 ortum
1311 2910 1523 2954 habuisse
1550 2924 1606 2954 ex
1636 2909 1727 2953 hoc
1760 2907 1884 2968 quod
1914 2908 2012 2966 ejus
2044 2915 2254 2951 auctores
2304 2907 2313 2949 ’ἡ

294 2972 552 3022 nescierunt
577 2978 854 3036 distinguere
887 2981 1003 3022 inter
1035 2979 1079 3022 id
1107 2979 1228 3037 quod
1257 2988 1324 3022 est
1357 2977 1624 3036 simpliciter
1655 2990 1798 3021 unum
1831 2986 1878 3020 et
1906 2975 2066 3020 ordine
2097 2988 2253 3019 unum.
2306 3018 2315 3023 „

294 3044 516 3089 Viderunt
537 3045 661 3089 enim
687 3044 971 3089 voluntatem
1005 3045 1255 3089 humanam
1289 3046 1334 3088 in
1371 3045 1556 3089 Christo
1588 3044 1779 3088 omnino
1812 3042 1895 3087 sub
1925 3041 2163 3086 voluntate
2194 3039 2256 3085 di·
2299 3051 2315 3098 ᾗ,

294 3113 400 3154 vina
427 3112 683 3155 ordinatam
709 3111 862 3166 fuisse,
889 3112 951 3155 ita
977 3111 1100 3170 quod
1121 3111 1236 3155 nihil
1267 3111 1500 3155 voluntate
1527 3111 1730 3154 humana
1756 3109 1968 3154 Christus
1998 3105 2267 3153 voluitnisi'

295 3179 544 3222 secundum
583 3178 704 3237 quod
740 3193 845 3222 eum
882 3178 1001 3222 velle
1031 3178 1243 3222 voluntas
1276 3178 1427 3222 divina
1459 3177 1695 3236 disposuit.
1723 3175 1941 3220 Similiter
1970 3170 2255 3219 etiam-,nihil
2306 3174 2313 3212 ζ·

296 3245 502 3290 Christus
521 3245 771 3289 secundum
799 3246 1051 3288 humanam
1077 3253 1286 3288 naturam
1314 3254 1526 3303 operatus
1545 3254 1625 3297 est,
1647 3242 1721 3288 vel
1739 3242 1920 3302 agendo
1934 3240 2009 3286 vel
2024 3238 2266 3299 patientior

294 3311 380 3355 nisi
407 3312 526 3370 quod
553 3312 765 3356 voluntas
792 3312 942 3356 divina
970 3313 1009 3356 d?
1017 3312 1203 3371 sposuit,
1229 3312 1482 3357 secundum
1506 3310 1616 3354 illud
1642 3310 1828 3368 (Joann.
1853 3307 2112 3369 V111.29.=)
2132 3306 2268 3365 Qun

286 3379 446 3437 placita
470 3385 563 3423 sunt
589 3381 625 3423 ei
629 3380 771 3438 ‚facio
799 3387 966 3438 semper.
996 3378 1209 3422 Humana
1232 3378 1369 3423 etiam
1397 3378 1603 3436 operatio
1639 3373 1810 3421 Christi
1827 3373 2081 3436 quamdam
2105 3370 2268 3419 efflei«
2292 3380 2327 3437 ᾗς

294 3445 413 3488 ciam
445 3446 648 3489 divinam
691 3460 745 3489 ex
784 3447 952 3490 unione
994 3444 1237 3489 divinitatis
1279 3443 1656 3503 consequebatur,
1693 3442 1811 3487 sicut
1840 3441 1960 3486 actio
1995 3437 2252 3486 secundarii

295 3511 469 3569 agentis
496 3512 790 3571 consequitur
821 3511 1073 3557 efficaciam
1106 3513 1353 3571 quamdam
1378 3526 1432 3555 ex
1464 3509 1699 3570 principali
1728 3518 1915 3569 agente;
1941 3519 2009 3554 ex
2022 3504 2120 3567 quo
2146 3508 2267 3551 con

293 3578 426 3635 tingit
458 3578 578 3636 quod
606 3577 832 3637 quaelibet
864 3580 959 3636 ejus
993 3578 1111 3623 actio
1144 3578 1217 3624 vel
1250 3577 1400 3638 passio
1431 3576 1514 3622 fuit
1539 3577 1754 3631 salubris;
1780 3582 1967 3635 propter
1987 3573 2110 3635 quod
2140 3555 2269 3618 Dio-e}

2303 3460 2321 3490 15

2298 3494 2332 3535 i*
