2332 3854
822 204 976 244 LIBER
1016 204 1093 243 111.
1136 204 1259 243 CAP.
1303 203 1453 242 cvm.
2003 204 2107 259 455

245 306 387 351 Item:
420 307 466 350 in
490 304 623 349 nobis
658 303 830 350 falsitas
858 305 1023 350 accidit
1048 319 1103 350 ex
1128 305 1393 365 operatione
1429 303 1685 348 intellectus
1722 305 2044 362 componentis
2074 314 2119 348 et

158 372 417 426 dividentis,
444 386 500 416 ex
529 371 620 415 hoc
648 371 770 430 quod
802 386 897 416 non
931 371 1136 416 absolute
1170 373 1233 415 rei
1266 370 1563 430 quidditatem
1598 370 1908 429 apprehendit,
1941 371 2019 414 sed
2052 371 2119 414 rei

159 439 469 497 apprehensae
502 438 671 497 aliquid
705 439 954 497 componit.
987 439 1037 482 In
1066 439 1330 497 operatione
1361 447 1511 481 autem
1544 436 1816 490 intellectus,
1849 451 1936 495 qua
1965 451 2120 495 appre-

158 505 318 549 hendit
341 505 462 564 quod
488 505 594 564 quid
622 514 702 558 est,
728 519 820 548 non
848 505 1012 549 accidit
1037 504 1203 549 falsum
1228 504 1314 548 nisi
1340 518 1420 563 per
1452 503 1678 556 accidens,
1710 503 1962 547 secundum
1996 502 2118 561 quod

156 571 204 614 in
231 571 317 615 hac
345 572 482 615 etiam
510 571 774 629 operatione
801 571 1097 629 permiscetur
1133 571 1301 630 aliquid
1329 570 1383 614 de
1411 571 1675 629 operatione
1703 568 1959 614 intellectus
1994 583 2118 613 com-

158 638 368 697 ponentis
393 649 437 682 et
463 638 715 683 dividentis.
739 637 879 690 Quod
906 639 1091 697 quidem
1114 638 1337 695 contingit
1361 637 1408 681 in
1434 647 1654 696 quantum
1680 635 1938 680 intellectus
1962 645 2119 680 noster

158 717 251 748 non
278 705 447 758 statim,
473 704 551 748 sed
580 719 684 748 cum
721 705 921 763 quodam
949 703 1284 749 informationis
1317 704 1476 747 ordine
1509 704 1564 747 ad
1593 703 1966 762 cognoscendam
1993 702 2118 761 quid-

157 770 346 814 ditatem
373 769 563 829 alicujus
588 771 654 814 rei
680 771 919 829 pertingit3
945 773 1063 815 sicut
1089 785 1195 814 cum
1222 770 1420 829 primum
1449 770 1831 828 apprehendimus
1853 768 2040 821 animal,
2074 778 2119 812 et

157 836 406 881 dividentes
432 850 511 896 per
536 838 766 896 oppositas
792 836 1081 890 differentias,
1109 836 1251 881 altera
1275 836 1446 889 relicta,
1475 850 1611 879 unam
1641 837 1795 894 generi
1823 835 2116 895 opponimus,

158 916 397 962 quousque
418 904 735 962 perveniamus
762 905 817 947 ad
840 903 1160 948 diffinitionem
1183 903 1375 962 speciei:
1402 903 1447 946 in
1475 917 1566 961 quo
1594 902 1778 961 quidem
1804 915 2022 961 processu
2045 914 2123 960 po-

157 979 246 1014 test
267 968 442 1014 salsitas
467 970 688 1024 accidere,
714 970 752 1014 si
779 971 1025 1030 accipiatur
1045 980 1092 1014 ut
1109 969 1364 1014 differentia
1391 971 1583 1027 generis,
1603 969 1726 1028 quod
1742 982 1837 1013 non
1856 978 1924 1013 est
1942 968 2121 1027 generis

158 1035 423 1081 differentia.
452 1036 527 1081 Sic
562 1047 713 1081 auten:
746 1037 993 1095 procedere
1027 1037 1081 1080 ad
1116 1036 1491 1094 cognoscendum
1526 1035 1580 1078 de
1614 1035 1767 1094 aliquo
1801 1034 1906 1094 quid
1940 1045 2022 1090 est,
2054 1044 2123 1078 est

158 1101 414 1147 intellectus
447 1103 763 1147 ratiocinando
790 1103 1079 1147 discurrentis
1120 1103 1175 1147 de
1211 1117 1304 1146 uno
1343 1102 1396 1145 ad
1436 1101 1581 1146 aliud:
1615 1102 1737 1160 quod
1769 1115 1865 1146 non
1902 1103 2123 1160 competit

156 1170 418 1215 substantiis
457 1170 837 1214 intellectualibus
882 1171 1112 1229 separatis,
1154 1179 1204 1213 ut
1242 1184 1376 1227 supra
1406 1168 1527 1227 (Lib.
1562 1169 1616 1211 11.
1653 1182 1692 1212 c.
1725 1168 1844 1225 101.)
1883 1178 2120 1212 ostensum

158 1247 240 1280 est.
271 1236 380 1280 Non
403 1237 581 1281 videtur
606 1237 741 1295 igitur
767 1237 887 1295 quod
917 1237 1059 1294 possit
1090 1236 1252 1294 aliquis
1287 1249 1412 1279 error
1443 1233 1650 1279 accidere
1672 1236 1717 1278 in
1750 1235 2016 1294 cognitione
2037 1234 2123 1278 hu-

155 1303 354 1360 jusmodi
386 1303 761 1349 substantiarum:
805 1303 925 1347 unde
965 1317 1050 1347 nec
1092 1304 1137 1346 in
1177 1301 1412 1346 voluntate
1453 1316 1610 1345 earum
1642 1311 1884 1361 peccatum
1910 1301 2118 1347 accidere

155 1379 318 1429 potest.

248 1437 515 1481 Praeterea:
544 1450 649 1480 cum
665 1435 833 1480 nullius
849 1436 915 1480 rei
937 1436 1160 1495 appetitus
1172 1435 1326 1479 tendat
1337 1435 1422 1479 nisi
1444 1434 1488 1479 in
1501 1435 1732 1494 proprium
1748 1435 1936 1489 bonum,
1952 1435 2120 1494 impos·

161 1502 291 1547 sibile
319 1503 497 1547 videtur
521 1503 566 1546 id
598 1504 724 1561 cujus
753 1513 820 1547 est
839 1502 1125 1561 singulariter
1142 1516 1285 1545 unum
1308 1502 1456 1546 solum
1485 1502 1675 1555 bonum,
1701 1503 1823 1560 quod
1849 1502 1895 1545 in
1923 1501 2123 1560 appetitu

157 1579 299 1624 erret;
321 1579 368 1614 et
387 1579 571 1628 propter
589 1569 695 1623 hoc,
726 1570 810 1614 etsi
835 1579 1075 1627 peccatum
1103 1568 1279 1612 accidat
1303 1569 1349 1612 in
1375 1567 1811 1612 rebusnaturalibus
1832 1579 2016 1627 propter
2043 1568 2120 1613 de-

154 1638 323 1680 tectum
337 1636 679 1694 contingentem
700 1637 747 1679 in
774 1636 1063 1680 exsecutione
1086 1635 1324 1693 appetitus,
1349 1649 1583 1693 nunquam
1610 1645 1851 1693 peccatum
1878 1635 2042 1679 accidit
2068 1635 2115 1679 in

159 1702 357 1760 appetitu
378 1701 594 1746 naturali:
622 1716 802 1760 semper
828 1703 950 1746 enim
973 1701 1087 1760 lapis
1111 1701 1254 1745 tendit
1280 1701 1512 1754 deorsum,
1534 1701 1629 1745 sive
1648 1702 1894 1760 perveniat,
1918 1702 2013 1746 sive
2039 1702 2123 1745 im-

157 1769 375 1827 pediatur.
401 1763 454 1812 In
479 1768 610 1812 nobis
636 1778 790 1813 autem
816 1778 1055 1827 peccatum
1082 1768 1246 1811 accidit
1271 1767 1318 1811 in
1337 1768 1606 1826 appetendo,
1625 1768 1731 1826 quia
1754 1782 1859 1811 cum
1877 1769 1933 1812 sit
1958 1779 2119 1812 natura

154 1845 310 1879 nostra
330 1835 588 1893 composita
613 1850 667 1880 ex
693 1835 927 1894 spirituali,
946 1845 990 1879 et
1022 1834 1267 1894 corporali,
1293 1844 1398 1878 sunt
1424 1835 1468 1878 in
1500 1835 1632 1878 nobis
1657 1834 1785 1893 plura
1812 1835 1946 1878 bona.
1980 1834 2119 1878 Aliud

159 1902 282 1946 enim
308 1911 378 1946 est
406 1902 580 1946 bonum
605 1912 812 1946 nostrum
838 1902 1089 1947 secundum
1116 1900 1413 1955 intellectum,
1441 1911 1485 1944 et
1503 1901 1623 1945 aliud
1650 1901 1903 1945 secundum
1919 1916 2119 1956 sensum,

158 1967 233 2012 vel
259 1968 397 2013 etiam
422 1969 674 2013 secundum
701 1982 880 2027 corpus.
914 1969 1092 2012 Horum
1126 1977 1274 2012 autem
1313 1968 1596 2011 diversorum
1631 1982 1747 2026 quae
1783 1978 1888 2012 sunt
1918 1968 2118 2012 hominis

154 2034 278 2079 bona
309 2034 425 2079 ordo
441 2035 628 2093 quidam
651 2045 732 2089 est,
750 2035 1001 2079 secundum
1021 2035 1143 2093 quod
1160 2034 1205 2078 id
1232 2035 1354 2093 quod
1373 2044 1439 2078 est
1466 2034 1615 2078 minus
1639 2034 1903 2093 principale,
1926 2035 1981 2078 ad
1998 2035 2118 2093 prin—

161 2100 350 2160 cipalius
369 2101 657 2149 referendum
683 2111 774 2146 est:
801 2101 923 2146 unde
944 2111 1185 2160 peccatum
1210 2101 1458 2160 voluntatis
1484 2101 1531 2144 in
1557 2101 1688 2144 nobis
1715 2101 1881 2145 accidit
1907 2115 2012 2144 cum
2039 2101 2119 2145 tali

158 2168 317 2212 ordine
347 2178 442 2212 non
483 2178 663 2212 servato
696 2168 951 2227 appetimus
987 2168 1032 2211 id
1065 2169 1187 2226 quod
1220 2178 1287 2212 est
1322 2167 1454 2211 nobis
1497 2167 1671 2211 bonum
1711 2167 1966 2212 secundum
1999 2167 2123 2226 quid,

158 2244 319 2279 contra
350 2234 397 2279 id
429 2235 553 2294 quod
580 2245 647 2279 est
670 2235 845 2279 bonurn
871 2234 1148 2293 simpliciter.
1179 2233 1307 2278 Talis
1334 2244 1486 2278 autem
1514 2234 1788 2292 compositio
1816 2244 1860 2278 et
1885 2234 2122 2278 diversitas

156 2301 386 2346 bonorum
417 2315 512 2345 non
544 2311 610 2346 est
642 2303 686 2345 in
714 2301 972 2346 substantiis
1003 2303 1246 2359 separatis;
1271 2301 1380 2360 quin
1405 2301 1552 2344 immo
1586 2315 1724 2345 omne
1751 2315 1913 2345 eorum
1944 2301 2116 2345 bonum

158 2378 228 2413 est
261 2368 513 2413 secundum
537 2368 835 2413 intellectum.
862 2368 969 2412 Non
1003 2378 1072 2413 est
1102 2368 1239 2427 igitur
1264 2368 1310 2411 in
1333 2368 1396 2412 eis
1419 2367 1634 2426 possibile
1657 2367 1779 2427 quod
1805 2368 1863 2412 sit
1882 2378 2120 2427 peccatum

157 2434 422 2489 voluntatis,
453 2445 503 2479 ut
526 2436 716 2480 videtur.
788 2433 793 2437 ”
1217 2471 1219 2473 .

246 2502 437 2546 Adhuc:
464 2502 511 2546 in
537 2503 669 2547 nobis
694 2512 936 2562 peccatum
962 2501 1208 2546 voluntatis
1235 2501 1400 2545 accidit
1426 2516 1480 2545 ex
1505 2501 1934 2560 superabundantia,
1959 2500 2035 2546 vel
2067 2515 2120 2545 ex

157 2567 353 2622 defectu,
378 2570 425 2613 in
452 2582 647 2627 quorum
676 2570 828 2613 medio
854 2569 996 2612 virtus
1020 2569 1238 2613 consistit.
1267 2568 1400 2612 Unde
1422 2568 1469 2612 in
1495 2568 1566 2612 his
1592 2569 1638 2611 in
1666 2569 1826 2627 quibus
1843 2582 1938 2612 non
1966 2577 2033 2612 est
2054 2582 2125 2612 ac-

158 2636 308 2694 cipere
344 2635 806 2692 superabundantiam
848 2645 893 2678 et
924 2634 1169 2688 defectum,
1210 2635 1288 2679 sed
1323 2634 1473 2679 solum
1516 2635 1737 2689 medium,
1768 2649 1863 2679 non
1897 2635 2124 2693 contingit

157 2699 442 2745 voluntatem
469 2714 683 2759 peccare:
706 2700 857 2744 nullus
879 2701 1001 2744 enirn
1029 2715 1220 2760 peccare
1246 2710 1396 2759 potest
1419 2701 1464 2744 in
1489 2701 1744 2760 appetendo
1765 2702 1998 2759 iustitiam,
2015 2715 2123 2744 nam

158 2767 257 2826 ipsa
281 2766 452 2825 iustitia
468 2767 671 2811 medium
690 2766 922 2825 quoddam
940 2777 1022 2811 est.
1042 2767 1329 2810 Substantiae
1349 2777 1502 2811 autem
1529 2767 1860 2812 intellectuales
1886 2778 2122 2826 separatae

158 2845 253 2876 non
293 2843 484 2892 possunt
516 2843 727 2892 appetere
758 2833 845 2877 nisi
876 2833 998 2877 bona
1029 2832 1368 2877 intellectualia.
1405 2833 1666 2877 Ridiculum
1701 2834 1823 2877 enim
1857 2844 1925 2878 est
1956 2835 2122 2888 dicere,

161 2899 284 2958 quod
309 2900 430 2943 bona
457 2899 714 2957 corporalia
731 2909 944 2957 appetant
961 2900 1037 2958 qui
1056 2899 1306 2944 secundum
1333 2913 1463 2943 suam
1489 2910 1697 2944 naturam
1724 2900 1982 2959 incorporei
2002 2910 2120 2954 sunt,

163 2974 239 3009 aut
264 2965 386 3010 bona
411 2965 654 3020 sensibilia,
685 2966 846 3024 quibus
877 2980 969 3009 non
1004 2977 1071 3010 est
1103 2980 1276 3010 sensus.
1308 2966 1360 3009 In
1392 2966 1522 3010 bonis
1553 2977 1706 3011 autem
1739 2966 2120 3012 intellectualibus

159 3045 253 3076 non
276 3043 345 3076 est
362 3032 569 3091 accipere
586 3033 1061 3091 superabundantiam,
1078 3047 1185 3076 nam
1209 3033 1460 3077 secundum
1482 3047 1530 3077 se
1548 3034 1699 3077 media
1721 3043 1824 3080 sunt
1847 3034 2122 3092 superabun-

160 3098 340 3143 dantiae
367 3108 411 3143 et
437 3098 654 3154 defectus,
681 3100 796 3143 sicut
812 3114 970 3143 verum
995 3100 1196 3143 medium
1225 3108 1291 3143 est
1308 3100 1422 3143 inter
1439 3100 1552 3144 duos
1579 3114 1768 3155 errores,
1788 3114 1983 3159 quorum
2001 3115 2118 3145 unus

160 3165 229 3210 e‘st
243 3164 495 3209 secundum
521 3165 635 3224 plus,
663 3165 775 3210 alter
799 3167 1062 3210 secundum*
1079 3166 1252 3210 minus:
1272 3166 1390 3210 unde
1408 3166 1637 3210 sensibilia
1664 3177 1708 3210 et
1726 3167 1982 3226 corporalia
1998 3167 2118 3211 bona

157 3232 205 3275 in
227 3232 381 3276 medio
408 3242 524 3285 sunt,
551 3242 686 3290 prout
710 3232 962 3277 secundum
989 3233 1212 3276 rationem
1240 3243 1358 3276 sunt.
1384 3233 1493 3277 Non
1510 3233 1687 3277 videtur
1712 3234 1848 3291 igitur
1875 3234 1997 3292 quod
2019 3234 2118 3278 sub-

158 3299 349 3343 stantiae
375 3298 704 3343 intellectuales
730 3309 963 3357 separatae
990 3300 1242 3343 secundum
1267 3299 1552 3343 voluntatem
1578 3314 1769 3358 peccare
1795 3301 1983 3359 possint.

245 3364 479 3423 Amplius:
509 3365 654 3424 magis
681 3379 706 3408 a
732 3363 979 3411 defectibus
1005 3375 1182 3410 remota
1209 3366 1384 3410 videtur
1406 3366 1652 3410 substantia
1670 3366 1957 3425 incorporea,
1975 3381 2114 3425 quam

162 3430 425 3489 corporalis.
445 3431 495 3475 In
514 3431 773 3475 substantiis
800 3442 949 3476 autem
969 3432 1215 3491 corporeis,
1242 3446 1358 3490 quae
1376 3443 1479 3476 sunt
1506 3447 1530 3476 a
1548 3433 1866 3477 contrarietate
1894 3443 2114 3487 remotae,

158 3496 310 3542 nullus
336 3496 538 3542 defectus
557 3498 764 3542 accidere
780 3508 942 3557 potest,
959 3497 1135 3543 scilicet
1150 3499 1195 3542 in
1215 3499 1482 3557 corporibus
1501 3498 1774 3544 coelestibus
1789 3515 1800 3553 ;
1818 3499 1964 3544 multo
1979 3499 2118 3558 igitur

159 3565 310 3608 minus
336 3563 381 3608 in
407 3563 669 3609 substantiis
695 3565 927 3623 separatis,
953 3574 999 3610 et
1024 3579 1050 3609 a
1077 3566 1395 3610 contrarietate
1426 3566 1628 3620 remotis,
1656 3576 1699 3610 et
1726 3581 1749 3611 a
1777 3566 1982 3623 materia,
2014 3576 2058 3611 et
2091 3581 2116 3610 a
