<?xml version="1.0" encoding="UTF-8"?>
<!DOCTYPE html PUBLIC "-//W3C//DTD XHTML 1.0 Transitional//EN"
    "http://www.w3.org/TR/xhtml1/DTD/xhtml1-transitional.dtd">
<html xmlns="http://www.w3.org/1999/xhtml" xml:lang="en" lang="en">
 <head>
  <title>
</title>
<meta http-equiv="Content-Type" content="text/html;charset=utf-8" />
  <meta name='ocr-system' content='tesseract 3.04.00' />
  <meta name='ocr-capabilities' content='ocr_page ocr_carea ocr_par ocr_line ocrx_word'/>
</head>
<body>
  <div class='ocr_page' id='page_1' title='image "./divithomaeaquina00thom_0694.png"; bbox 0 0 2294 3854; ppageno 0'>
   <div class='ocr_carea' id='block_1_1' title="bbox 285 208 1580 260">
    <p class='ocr_par' dir='ltr' id='par_1_1' title="bbox 285 208 1580 260">
     <span class='ocr_line' id='line_1_1' title="bbox 285 208 1580 260; baseline -0.002 0"><span class='ocrx_word' id='word_1_1' title='bbox 285 208 387 260; x_wconf 85' lang='lat'>682</span> <span class='ocrx_word' id='word_1_2' title='bbox 929 220 1082 258; x_wconf 71' lang='lat' dir='ltr'>Lim-:R</span> <span class='ocrx_word' id='word_1_3' title='bbox 1122 220 1194 257; x_wconf 90' lang='lat' dir='ltr'>1-v.</span> <span class='ocrx_word' id='word_1_4' title='bbox 1236 219 1356 257; x_wconf 81' lang='lat' dir='ltr'>CAP.</span> <span class='ocrx_word' id='word_1_5' title='bbox 1399 219 1580 259; x_wconf 78' lang='lat' dir='ltr'>Lxxvr.</span> 
     </span>
    </p>
   </div>
   <div class='ocr_carea' id='block_1_2' title="bbox 254 318 2294 3572">
    <p class='ocr_par' dir='ltr' id='par_1_2' title="bbox 265 309 2294 3572">
     <span class='ocr_line' id='line_1_2' title="bbox 282 318 2232 381; baseline 0 -16"><span class='ocrx_word' id='word_1_6' title='bbox 282 323 510 366; x_wconf 88' lang='lat' dir='ltr'>ministros</span> <span class='ocrx_word' id='word_1_7' title='bbox 536 321 768 366; x_wconf 87' lang='lat' dir='ltr'>Ecclesiae</span> <span class='ocrx_word' id='word_1_8' title='bbox 795 320 1115 378; x_wconf 87' lang='lat' dir='ltr'>dispensanda:</span> <span class='ocrx_word' id='word_1_9' title='bbox 1142 319 1245 364; x_wconf 93' lang='lat' dir='ltr'>ideo</span> <span class='ocrx_word' id='word_1_10' title='bbox 1270 333 1458 364; x_wconf 90' lang='lat' dir='ltr'>necesse</span> <span class='ocrx_word' id='word_1_11' title='bbox 1485 329 1551 364; x_wconf 89' lang='lat' dir='ltr'>est</span> <span class='ocrx_word' id='word_1_12' title='bbox 1578 318 1779 379; x_wconf 85' lang='lat' dir='ltr'><strong>aliquam</strong></span> <span class='ocrx_word' id='word_1_13' title='bbox 1805 321 2088 379; x_wconf 87' lang='lat' dir='ltr'>superiorem</span> <span class='ocrx_word' id='word_1_14' title='bbox 2108 329 2232 381; x_wconf 89' lang='lat' dir='ltr'>pote·</span> 
     </span>
     <span class='ocr_line' id='line_1_3' title="bbox 281 386 2233 446; baseline -0 -14"><span class='ocrx_word' id='word_1_15' title='bbox 281 398 445 432; x_wconf 88' lang='lat' dir='ltr'>statem</span> <span class='ocrx_word' id='word_1_16' title='bbox 472 402 570 432; x_wconf 90' lang='lat' dir='ltr'>esse</span> <span class='ocrx_word' id='word_1_17' title='bbox 596 389 641 431; x_wconf 92' lang='lat' dir='ltr'>in</span> <span class='ocrx_word' id='word_1_18' title='bbox 657 386 1071 444; x_wconf 29' lang='lat' dir='ltr'>Ecclesia-&#39;alicuius</span> <span class='ocrx_word' id='word_1_19' title='bbox 1095 386 1264 430; x_wconf 90' lang='lat' dir='ltr'>altioris</span> <span class='ocrx_word' id='word_1_20' title='bbox 1291 387 1541 441; x_wconf 86' lang='lat' dir='ltr'>ministerii,</span> <span class='ocrx_word' id='word_1_21' title='bbox 1560 401 1675 446; x_wconf 90' lang='lat' dir='ltr'>quae</span> <span class='ocrx_word' id='word_1_22' title='bbox 1701 387 1870 431; x_wconf 89' lang='lat' dir='ltr'>ordinis</span> <span class='ocrx_word' id='word_1_23' title='bbox 1896 397 2233 433; x_wconf 84' lang='lat' dir='ltr'>sacramentum</span> 
     </span>
     <span class='ocr_line' id='line_1_4' title="bbox 282 452 2294 514; baseline 0 -16"><span class='ocrx_word' id='word_1_24' title='bbox 282 456 531 513; x_wconf 85' lang='lat' dir='ltr'>dispenset:</span> <span class='ocrx_word' id='word_1_25' title='bbox 571 464 614 498; x_wconf 91' lang='lat' dir='ltr'>et</span> <span class='ocrx_word' id='word_1_26' title='bbox 638 454 752 497; x_wconf 90' lang='lat' dir='ltr'>haec</span> <span class='ocrx_word' id='word_1_27' title='bbox 781 464 847 496; x_wconf 89' lang='lat' dir='ltr'>est</span> <span class='ocrx_word' id='word_1_28' title='bbox 874 452 1144 511; x_wconf 88' lang='lat' dir='ltr'>episcopalis</span> <span class='ocrx_word' id='word_1_29' title='bbox 1173 462 1389 510; x_wconf 89' lang='lat' dir='ltr'>potestas,</span> <span class='ocrx_word' id='word_1_30' title='bbox 1422 467 1555 512; x_wconf 89' lang='lat' dir='ltr'>quae,</span> <span class='ocrx_word' id='word_1_31' title='bbox 1597 453 1682 497; x_wconf 89' lang='lat' dir='ltr'>etsi</span> <span class='ocrx_word' id='word_1_32' title='bbox 1707 463 1927 512; x_wconf 88' lang='lat' dir='ltr'>quantum</span> <span class='ocrx_word' id='word_1_33' title='bbox 1960 454 2146 514; x_wconf 87' lang='lat' dir='ltr'>quidem</span> <span class='ocrx_word' id='word_1_34' title='bbox 2177 453 2234 498; x_wconf 87' lang='lat' dir='ltr'>ad</span> <span class='ocrx_word' id='word_1_35' title='bbox 2278 452 2294 499; x_wconf 58' lang='grc' dir='ltr'><em>ἑ</em></span> 
     </span>
     <span class='ocr_line' id='line_1_5' title="bbox 283 518 2294 579; baseline -0 -15"><span class='ocrx_word' id='word_1_36' title='bbox 283 521 675 564; x_wconf 88' lang='lat' dir='ltr'>consecrationem</span> <span class='ocrx_word' id='word_1_37' title='bbox 704 519 907 577; x_wconf 90' lang='lat' dir='ltr'>corporis</span> <span class='ocrx_word' id='word_1_38' title='bbox 936 518 1106 562; x_wconf 84' lang='lat' dir='ltr'>Christi</span> <span class='ocrx_word' id='word_1_39' title='bbox 1132 532 1227 561; x_wconf 89' lang='lat' dir='ltr'>non</span> <span class='ocrx_word' id='word_1_40' title='bbox 1253 518 1443 563; x_wconf 82' lang='lat' dir='ltr'>excedat</span> <span class='ocrx_word' id='word_1_41' title='bbox 1468 519 1716 564; x_wconf 88' lang='lat' dir='ltr'>sacerdotis</span> <span class='ocrx_word' id='word_1_42' title='bbox 1741 525 2032 579; x_wconf 85' lang='lat' dir='ltr'>potestatem,</span> <span class='ocrx_word' id='word_1_43' title='bbox 2058 519 2236 565; x_wconf 82' lang='lat' dir='ltr'>excedit</span> <span class='ocrx_word' id='word_1_44' title='bbox 2275 544 2294 576; x_wconf 74' lang='lat'>¹.</span> 
     </span>
     <span class='ocr_line' id='line_1_6' title="bbox 280 583 2294 646; baseline 0.001 -16"><span class='ocrx_word' id='word_1_45' title='bbox 280 597 434 630; x_wconf 90' lang='lat' dir='ltr'>tamen</span> <span class='ocrx_word' id='word_1_46' title='bbox 463 600 565 629; x_wconf 89' lang='lat' dir='ltr'>eam</span> <span class='ocrx_word' id='word_1_47' title='bbox 592 586 637 627; x_wconf 93' lang='lat' dir='ltr'>in</span> <span class='ocrx_word' id='word_1_48' title='bbox 665 586 734 628; x_wconf 89' lang='lat' dir='ltr'>his</span> <span class='ocrx_word' id='word_1_49' title='bbox 763 598 878 642; x_wconf 92' lang='lat' dir='ltr'>quae</span> <span class='ocrx_word' id='word_1_50' title='bbox 905 584 1130 642; x_wconf 89' lang='lat' dir='ltr'>pertinent</span> <span class='ocrx_word' id='word_1_51' title='bbox 1157 585 1212 629; x_wconf 86' lang='lat' dir='ltr'>ad</span> <span class='ocrx_word' id='word_1_52' title='bbox 1238 583 1418 629; x_wconf 83' lang='lat' dir='ltr'>fideles:</span> <span class='ocrx_word' id='word_1_53' title='bbox 1445 599 1552 631; x_wconf 85' lang='lat' dir='ltr'>nam</span> <span class='ocrx_word' id='word_1_54' title='bbox 1587 596 1631 630; x_wconf 92' lang='lat' dir='ltr'>et</span> <span class='ocrx_word' id='word_1_55' title='bbox 1655 587 1750 645; x_wconf 90' lang='lat' dir='ltr'>ipsa</span> <span class='ocrx_word' id='word_1_56' title='bbox 1784 586 2079 632; x_wconf 83' lang='lat' dir='ltr'>sacerdotalis</span> <span class='ocrx_word' id='word_1_57' title='bbox 2106 596 2234 646; x_wconf 86' lang='lat' dir='ltr'>pote·</span> <span class='ocrx_word' id='word_1_58' title='bbox 2279 617 2294 642; x_wconf 46' lang='lat'>»3</span> 
     </span>
     <span class='ocr_line' id='line_1_7' title="bbox 281 648 2294 711; baseline 0.001 -15"><span class='ocrx_word' id='word_1_59' title='bbox 281 663 371 696; x_wconf 91' lang='lat' dir='ltr'>stas</span> <span class='ocrx_word' id='word_1_60' title='bbox 399 667 453 695; x_wconf 82' lang='lat' dir='ltr'>ex</span> <span class='ocrx_word' id='word_1_61' title='bbox 478 650 724 709; x_wconf 88' lang='lat' dir='ltr'>episcopali</span> <span class='ocrx_word' id='word_1_62' title='bbox 761 651 1000 705; x_wconf 84' lang='lat' dir='ltr'>derivatur,</span> <span class='ocrx_word' id='word_1_63' title='bbox 1028 659 1072 694; x_wconf 90' lang='lat' dir='ltr'>et</span> <span class='ocrx_word' id='word_1_64' title='bbox 1097 650 1314 709; x_wconf 91' lang='lat' dir='ltr'>quidquid</span> <span class='ocrx_word' id='word_1_65' title='bbox 1341 651 1530 695; x_wconf 89' lang='lat' dir='ltr'>arduum</span> <span class='ocrx_word' id='word_1_66' title='bbox 1559 651 1678 697; x_wconf 88' lang='lat' dir='ltr'>circa</span> <span class='ocrx_word' id='word_1_67' title='bbox 1703 651 1926 711; x_wconf 89' lang='lat' dir='ltr'>populum</span> <span class='ocrx_word' id='word_1_68' title='bbox 1951 651 2135 697; x_wconf 84' lang='lat' dir='ltr'>fidelem</span> <span class='ocrx_word' id='word_1_69' title='bbox 2167 661 2235 698; x_wconf 88' lang='lat' dir='ltr'>est</span> <span class='ocrx_word' id='word_1_70' title='bbox 2288 648 2294 698; x_wconf 60' lang='grc' dir='ltr'><strong>ἐ</strong></span> 
     </span>
     <span class='ocr_line' id='line_1_8' title="bbox 282 716 2294 779; baseline 0.001 -17"><span class='ocrx_word' id='word_1_71' title='bbox 282 719 525 777; x_wconf 88' lang='lat' dir='ltr'>agendum,</span> <span class='ocrx_word' id='word_1_72' title='bbox 549 719 775 776; x_wconf 89' lang='lat' dir='ltr'>episcopis</span> <span class='ocrx_word' id='word_1_73' title='bbox 802 727 1070 771; x_wconf 85' lang='lat' dir='ltr'>reservatur,</span> <span class='ocrx_word' id='word_1_74' title='bbox 1097 730 1294 776; x_wconf 87' lang='lat' dir='ltr'>quorum</span> <span class='ocrx_word' id='word_1_75' title='bbox 1314 718 1583 764; x_wconf 85' lang='lat' dir='ltr'>auctoritate</span> <span class='ocrx_word' id='word_1_76' title='bbox 1608 720 1748 764; x_wconf 90' lang='lat' dir='ltr'>etiam</span> <span class='ocrx_word' id='word_1_77' title='bbox 1766 719 2024 765; x_wconf 72' lang='lat' dir='ltr'>sacerdotes</span> <span class='ocrx_word' id='word_1_78' title='bbox 2045 716 2236 779; x_wconf 70' lang='lat' dir='ltr'>possunt</span> <span class='ocrx_word' id='word_1_79' title='bbox 2279 721 2294 765; x_wconf 46' lang='grc' dir='ltr'>’ἑ</span> 
     </span>
     <span class='ocr_line' id='line_1_9' title="bbox 281 783 2294 845; baseline 0.002 -19"><span class='ocrx_word' id='word_1_80' title='bbox 281 784 401 842; x_wconf 93' lang='lat' dir='ltr'>quod</span> <span class='ocrx_word' id='word_1_81' title='bbox 422 785 484 827; x_wconf 89' lang='lat' dir='ltr'>eis</span> <span class='ocrx_word' id='word_1_82' title='bbox 513 784 740 841; x_wconf 85' lang='lat' dir='ltr'>agendum</span> <span class='ocrx_word' id='word_1_83' title='bbox 768 783 1092 827; x_wconf 87' lang='lat' dir='ltr'>committitur:</span> <span class='ocrx_word' id='word_1_84' title='bbox 1120 783 1239 827; x_wconf 89' lang='lat' dir='ltr'>unde</span> <span class='ocrx_word' id='word_1_85' title='bbox 1262 796 1307 828; x_wconf 92' lang='lat' dir='ltr'>et</span> <span class='ocrx_word' id='word_1_86' title='bbox 1332 785 1377 828; x_wconf 89' lang='lat' dir='ltr'>in</span> <span class='ocrx_word' id='word_1_87' title='bbox 1403 784 1474 828; x_wconf 89' lang='lat' dir='ltr'>his</span> <span class='ocrx_word' id='word_1_88' title='bbox 1501 798 1616 844; x_wconf 88' lang='lat' dir='ltr'>quae</span> <span class='ocrx_word' id='word_1_89' title='bbox 1642 786 1910 830; x_wconf 71' lang='lat' dir='ltr'>sacerdotes-</span> <span class='ocrx_word' id='word_1_90' title='bbox 1928 794 2090 845; x_wconf 57' lang='lat' dir='ltr'>agunt,</span> <span class='ocrx_word' id='word_1_91' title='bbox 2107 794 2237 832; x_wconf 73' lang='lat' dir='ltr'>utun·</span> <span class='ocrx_word' id='word_1_92' title='bbox 2290 791 2294 831; x_wconf 80' lang='grc' dir='ltr'>’ζ</span> 
     </span>
     <span class='ocr_line' id='line_1_10' title="bbox 280 846 2294 908; baseline 0.002 -16"><span class='ocrx_word' id='word_1_93' title='bbox 280 859 351 893; x_wconf 91' lang='lat' dir='ltr'>tur</span> <span class='ocrx_word' id='word_1_94' title='bbox 377 850 509 893; x_wconf 88' lang='lat' dir='ltr'>rebus</span> <span class='ocrx_word' id='word_1_95' title='bbox 535 864 615 908; x_wconf 92' lang='lat' dir='ltr'>per</span> <span class='ocrx_word' id='word_1_96' title='bbox 642 851 909 908; x_wconf 92' lang='lat' dir='ltr'>episcopum</span> <span class='ocrx_word' id='word_1_97' title='bbox 934 849 1227 905; x_wconf 83' lang='lat' dir='ltr'>consecratis,</span> <span class='ocrx_word' id='word_1_98' title='bbox 1252 860 1301 896; x_wconf 91' lang='lat' dir='ltr'>ut</span> <span class='ocrx_word' id='word_1_99' title='bbox 1326 850 1374 894; x_wconf 88' lang='lat' dir='ltr'>in</span> <span class='ocrx_word' id='word_1_100' title='bbox 1400 849 1712 895; x_wconf 83' lang='lat' dir='ltr'>Eucharistiae</span> <span class='ocrx_word' id='word_1_101' title='bbox 1739 851 2084 898; x_wconf 67' lang='lat' dir='ltr'>consecratione</span> <span class='ocrx_word' id='word_1_102' title='bbox 2105 858 2234 896; x_wconf 78' lang='grc'>1111111-</span> <span class='ocrx_word' id='word_1_103' title='bbox 2290 846 2294 886; x_wconf 78' lang='grc' dir='ltr'>ἶ</span> 
     </span>
     <span class='ocr_line' id='line_1_11' title="bbox 279 915 2233 977; baseline 0.002 -19"><span class='ocrx_word' id='word_1_104' title='bbox 279 927 350 959; x_wconf 88' lang='lat' dir='ltr'>tur</span> <span class='ocrx_word' id='word_1_105' title='bbox 377 916 651 959; x_wconf 88' lang='lat' dir='ltr'>consecratis</span> <span class='ocrx_word' id='word_1_106' title='bbox 673 929 752 974; x_wconf 92' lang='lat' dir='ltr'>per</span> <span class='ocrx_word' id='word_1_107' title='bbox 785 916 1053 976; x_wconf 88' lang='lat' dir='ltr'>episcopum</span> <span class='ocrx_word' id='word_1_108' title='bbox 1087 915 1244 971; x_wconf 91' lang='lat' dir='ltr'>calice,</span> <span class='ocrx_word' id='word_1_109' title='bbox 1271 916 1401 960; x_wconf 90' lang='lat' dir='ltr'>altari</span> <span class='ocrx_word' id='word_1_110' title='bbox 1431 926 1477 960; x_wconf 91' lang='lat' dir='ltr'>et</span> <span class='ocrx_word' id='word_1_111' title='bbox 1502 916 1646 976; x_wconf 87' lang='lat' dir='ltr'>pallis.</span> <span class='ocrx_word' id='word_1_112' title='bbox 1680 917 1756 961; x_wconf 90' lang='lat' dir='ltr'>Sic</span> <span class='ocrx_word' id='word_1_113' title='bbox 1783 918 1920 977; x_wconf 83' lang='lat' dir='ltr'>igitur</span> <span class='ocrx_word' id='word_1_114' title='bbox 1943 917 2233 964; x_wconf 73' lang='lat' dir='ltr'>manifestum</span> 
     </span>
     <span class='ocr_line' id='line_1_12' title="bbox 281 981 2236 1044; baseline 0.002 -19"><span class='ocrx_word' id='word_1_115' title='bbox 281 992 347 1025; x_wconf 91' lang='lat' dir='ltr'>est</span> <span class='ocrx_word' id='word_1_116' title='bbox 373 982 494 1040; x_wconf 90' lang='lat' dir='ltr'>quod</span> <span class='ocrx_word' id='word_1_117' title='bbox 521 996 701 1025; x_wconf 87' lang='lat' dir='ltr'>summa</span> <span class='ocrx_word' id='word_1_118' title='bbox 735 991 935 1039; x_wconf 88' lang='lat' dir='ltr'>potestas</span> <span class='ocrx_word' id='word_1_119' title='bbox 981 982 1217 1040; x_wconf 87' lang='lat' dir='ltr'>regiminis</span> <span class='ocrx_word' id='word_1_120' title='bbox 1242 981 1386 1028; x_wconf 89' lang='lat' dir='ltr'>fidelis</span> <span class='ocrx_word' id='word_1_121' title='bbox 1418 983 1576 1042; x_wconf 91' lang='lat' dir='ltr'>populi</span> <span class='ocrx_word' id='word_1_122' title='bbox 1615 983 1671 1027; x_wconf 91' lang='lat' dir='ltr'>ad</span> <span class='ocrx_word' id='word_1_123' title='bbox 1703 983 2013 1044; x_wconf 77' lang='lat' dir='ltr'>episcopalem</span> <span class='ocrx_word' id='word_1_124' title='bbox 2043 984 2236 1044; x_wconf 75' lang='lat' dir='ltr'>pertinet</span> 
     </span>
     <span class='ocr_line' id='line_1_13' title="bbox 279 1048 2294 1109; baseline 0.002 -19"><span class='ocrx_word' id='word_1_125' title='bbox 279 1048 560 1105; x_wconf 86' lang='lat' dir='ltr'>dignitatem.</span> <span class='ocrx_word' id='word_1_126' title='bbox 2293 1106 2294 1109; x_wconf 10' lang='grc'>3</span> 
     </span>
     <span class='ocr_line' id='line_1_14' title="bbox 369 1081 2294 1177; baseline 0.002 -20"><span class='ocrx_word' id='word_1_127' title='bbox 369 1113 660 1158; x_wconf 85' lang='lat' dir='ltr'>Manifestum</span> <span class='ocrx_word' id='word_1_128' title='bbox 689 1124 758 1158; x_wconf 91' lang='lat' dir='ltr'>est</span> <span class='ocrx_word' id='word_1_129' title='bbox 784 1124 936 1158; x_wconf 90' lang='lat' dir='ltr'>autem</span> <span class='ocrx_word' id='word_1_130' title='bbox 962 1115 1100 1173; x_wconf 90' lang='lat' dir='ltr'>quod,</span> <span class='ocrx_word' id='word_1_131' title='bbox 1129 1115 1339 1174; x_wconf 86' lang='lat' dir='ltr'>quamvis</span> <span class='ocrx_word' id='word_1_132' title='bbox 1370 1115 1526 1175; x_wconf 91' lang='lat' dir='ltr'>populi</span> <span class='ocrx_word' id='word_1_133' title='bbox 1557 1081 1915 1175; x_wconf 67' lang='lat' dir='ltr'>distinguantur</span> <span class='ocrx_word' id='word_1_134' title='bbox 1910 1126 2004 1176; x_wconf 76' lang='lat' dir='ltr'>per</span> <span class='ocrx_word' id='word_1_135' title='bbox 2034 1115 2235 1162; x_wconf 75' lang='lat' dir='ltr'>diversas</span> <span class='ocrx_word' id='word_1_136' title='bbox 2292 1174 2294 1177; x_wconf 22' lang='grc' dir='ltr'>Ι</span> 
     </span>
     <span class='ocr_line' id='line_1_15' title="bbox 280 1181 2234 1242; baseline 0.002 -19"><span class='ocrx_word' id='word_1_137' title='bbox 280 1181 512 1224; x_wconf 90' lang='lat' dir='ltr'>dioeceses</span> <span class='ocrx_word' id='word_1_138' title='bbox 547 1190 590 1223; x_wconf 89' lang='lat' dir='ltr'>et</span> <span class='ocrx_word' id='word_1_139' title='bbox 623 1181 840 1234; x_wconf 89' lang='lat' dir='ltr'>civitates,</span> <span class='ocrx_word' id='word_1_140' title='bbox 870 1190 1027 1225; x_wconf 90' lang='lat' dir='ltr'>tamen</span> <span class='ocrx_word' id='word_1_141' title='bbox 1055 1181 1171 1225; x_wconf 89' lang='lat' dir='ltr'>sicut</span> <span class='ocrx_word' id='word_1_142' title='bbox 1203 1190 1270 1226; x_wconf 90' lang='lat' dir='ltr'>est</span> <span class='ocrx_word' id='word_1_143' title='bbox 1294 1195 1384 1226; x_wconf 90' lang='lat' dir='ltr'>una</span> <span class='ocrx_word' id='word_1_144' title='bbox 1416 1181 1636 1236; x_wconf 87' lang='lat' dir='ltr'>Ecclesia,</span> <span class='ocrx_word' id='word_1_145' title='bbox 1662 1185 1723 1227; x_wconf 89' lang='lat' dir='ltr'>ita</span> <span class='ocrx_word' id='word_1_146' title='bbox 1749 1191 1931 1242; x_wconf 64' lang='lat' dir='ltr'>oportet</span> <span class='ocrx_word' id='word_1_147' title='bbox 1956 1192 2074 1232; x_wconf 72' lang='lat' dir='ltr'>esse</span> <span class='ocrx_word' id='word_1_148' title='bbox 2089 1195 2234 1227; x_wconf 80' lang='lat' dir='ltr'>unum</span> 
     </span>
     <span class='ocr_line' id='line_1_16' title="bbox 278 1246 2294 1326; baseline 0.002 -37"><span class='ocrx_word' id='word_1_149' title='bbox 278 1246 498 1322; x_wconf 89' lang='lat' dir='ltr'>populum</span> <span class='ocrx_word' id='word_1_150' title='bbox 539 1247 864 1291; x_wconf 85' lang='lat' dir='ltr'>Christianum.</span> <span class='ocrx_word' id='word_1_151' title='bbox 895 1247 1022 1291; x_wconf 89' lang='lat' dir='ltr'>Sicut</span> <span class='ocrx_word' id='word_1_152' title='bbox 1046 1248 1184 1306; x_wconf 87' lang='lat' dir='ltr'>igitur</span> <span class='ocrx_word' id='word_1_153' title='bbox 1210 1248 1256 1291; x_wconf 88' lang='lat' dir='ltr'>in</span> <span class='ocrx_word' id='word_1_154' title='bbox 1293 1247 1512 1307; x_wconf 87' lang='lat' dir='ltr'>spirituali</span> <span class='ocrx_word' id='word_1_155' title='bbox 1539 1247 1722 1326; x_wconf 31' lang='lat' dir='ltr'>pop-‘ulo</span> <span class='ocrx_word' id='word_1_156' title='bbox 1743 1251 1876 1295; x_wconf 73' lang='lat' dir='ltr'>unius</span> <span class='ocrx_word' id='word_1_157' title='bbox 1901 1246 2138 1294; x_wconf 72' lang='lat' dir='ltr'>Ecclesiae</span> <span class='ocrx_word' id='word_1_158' title='bbox 2163 1261 2234 1294; x_wconf 83' lang='lat' dir='ltr'>re·-</span> <span class='ocrx_word' id='word_1_159' title='bbox 2287 1263 2294 1309; x_wconf 53' lang='grc' dir='ltr'>ᾗ</span> 
     </span>
     <span class='ocr_line' id='line_1_17' title="bbox 277 1313 2294 1381; baseline 0.002 -26"><span class='ocrx_word' id='word_1_160' title='bbox 277 1313 465 1370; x_wconf 88' lang='lat' dir='ltr'>quiritur</span> <span class='ocrx_word' id='word_1_161' title='bbox 491 1326 606 1356; x_wconf 89' lang='lat' dir='ltr'>unus</span> <span class='ocrx_word' id='word_1_162' title='bbox 632 1314 888 1372; x_wconf 87' lang='lat' dir='ltr'>episcopus,</span> <span class='ocrx_word' id='word_1_163' title='bbox 916 1314 994 1372; x_wconf 90' lang='lat' dir='ltr'>qui</span> <span class='ocrx_word' id='word_1_164' title='bbox 1015 1313 1064 1357; x_wconf 92' lang='lat' dir='ltr'>fit</span> <span class='ocrx_word' id='word_1_165' title='bbox 1089 1314 1230 1358; x_wconf 87' lang='lat' dir='ltr'>totius</span> <span class='ocrx_word' id='word_1_166' title='bbox 1255 1314 1409 1375; x_wconf 90' lang='lat' dir='ltr'>populi</span> <span class='ocrx_word' id='word_1_167' title='bbox 1437 1325 1597 1374; x_wconf 80' lang='lat' dir='ltr'>caput3</span> <span class='ocrx_word' id='word_1_168' title='bbox 1624 1316 1685 1359; x_wconf 89' lang='lat' dir='ltr'>ita</span> <span class='ocrx_word' id='word_1_169' title='bbox 1711 1316 1757 1359; x_wconf 90' lang='lat' dir='ltr'>in</span> <span class='ocrx_word' id='word_1_170' title='bbox 1782 1325 1882 1360; x_wconf 84' lang='lat' dir='ltr'>toto</span> <span class='ocrx_word' id='word_1_171' title='bbox 1903 1313 2078 1375; x_wconf 70' lang='lat' dir='ltr'>populo</span> <span class='ocrx_word' id='word_1_172' title='bbox 2097 1314 2254 1362; x_wconf 69' lang='lat' dir='ltr'>Cluti-</span> <span class='ocrx_word' id='word_1_173' title='bbox 2280 1347 2294 1381; x_wconf 36' lang='grc' dir='ltr'><strong>ἑ</strong></span> 
     </span>
     <span class='ocr_line' id='line_1_18' title="bbox 277 1379 2294 1441; baseline 0.001 -19"><span class='ocrx_word' id='word_1_174' title='bbox 277 1380 425 1422; x_wconf 88' lang='lat' dir='ltr'>stiano</span> <span class='ocrx_word' id='word_1_175' title='bbox 450 1380 689 1437; x_wconf 89' lang='lat' dir='ltr'>requiritur</span> <span class='ocrx_word' id='word_1_176' title='bbox 713 1380 836 1438; x_wconf 92' lang='lat' dir='ltr'>quod</span> <span class='ocrx_word' id='word_1_177' title='bbox 862 1393 978 1424; x_wconf 92' lang='lat' dir='ltr'>unus</span> <span class='ocrx_word' id='word_1_178' title='bbox 1005 1381 1063 1424; x_wconf 90' lang='lat' dir='ltr'>sit</span> <span class='ocrx_word' id='word_1_179' title='bbox 1085 1381 1224 1424; x_wconf 88' lang='lat' dir='ltr'>totius</span> <span class='ocrx_word' id='word_1_180' title='bbox 1247 1379 1479 1424; x_wconf 85' lang='lat' dir='ltr'>Ecclesiae</span> <span class='ocrx_word' id='word_1_181' title='bbox 1505 1391 1652 1441; x_wconf 89' lang='lat' dir='ltr'>caput.</span> <span class='ocrx_word' id='word_1_182' title='bbox 2277 1381 2294 1432; x_wconf 94' lang='lat'>3</span> 
     </span>
     <span class='ocr_line' id='line_1_19' title="bbox 366 1444 2235 1506; baseline 0.002 -18"><span class='ocrx_word' id='word_1_183' title='bbox 366 1446 505 1489; x_wconf 84' lang='lat' dir='ltr'>Item:</span> <span class='ocrx_word' id='word_1_184' title='bbox 536 1446 589 1488; x_wconf 90' lang='lat' dir='ltr'>ad</span> <span class='ocrx_word' id='word_1_185' title='bbox 618 1447 837 1491; x_wconf 87' lang='lat' dir='ltr'>unitatem</span> <span class='ocrx_word' id='word_1_186' title='bbox 871 1445 1106 1491; x_wconf 88' lang='lat' dir='ltr'>Ecclesiae</span> <span class='ocrx_word' id='word_1_187' title='bbox 1137 1447 1377 1506; x_wconf 85' lang='lat' dir='ltr'>requiritur</span> <span class='ocrx_word' id='word_1_188' title='bbox 1411 1448 1533 1506; x_wconf 86' lang='lat' dir='ltr'>quod</span> <span class='ocrx_word' id='word_1_189' title='bbox 1566 1460 1730 1492; x_wconf 86' lang='lat' dir='ltr'>omnes</span> <span class='ocrx_word' id='word_1_190' title='bbox 1754 1445 1917 1498; x_wconf 77' lang='lat' dir='ltr'>fideles</span> <span class='ocrx_word' id='word_1_191' title='bbox 1930 1444 1988 1493; x_wconf 73' lang='lat' dir='ltr'>in</span> <span class='ocrx_word' id='word_1_192' title='bbox 2010 1447 2099 1493; x_wconf 76' lang='lat' dir='ltr'>fide</span> <span class='ocrx_word' id='word_1_193' title='bbox 2119 1460 2235 1501; x_wconf 66' lang='lat' dir='ltr'>cou-</span> 
     </span>
     <span class='ocr_line' id='line_1_20' title="bbox 280 1512 2237 1574; baseline 0.002 -19"><span class='ocrx_word' id='word_1_194' title='bbox 280 1513 477 1556; x_wconf 89' lang='lat' dir='ltr'>veniant.</span> <span class='ocrx_word' id='word_1_195' title='bbox 514 1512 649 1556; x_wconf 88' lang='lat' dir='ltr'>Circa</span> <span class='ocrx_word' id='word_1_196' title='bbox 681 1526 791 1556; x_wconf 91' lang='lat' dir='ltr'>vero</span> <span class='ocrx_word' id='word_1_197' title='bbox 824 1525 878 1556; x_wconf 91' lang='lat' dir='ltr'>ea</span> <span class='ocrx_word' id='word_1_198' title='bbox 911 1525 1027 1571; x_wconf 90' lang='lat' dir='ltr'>quae</span> <span class='ocrx_word' id='word_1_199' title='bbox 1058 1512 1165 1557; x_wconf 93' lang='lat' dir='ltr'>fidei</span> <span class='ocrx_word' id='word_1_200' title='bbox 1196 1522 1314 1567; x_wconf 77' lang='lat' dir='ltr'>suut,</span> <span class='ocrx_word' id='word_1_201' title='bbox 1347 1513 1573 1573; x_wconf 87' lang='lat' dir='ltr'>contingit</span> <span class='ocrx_word' id='word_1_202' title='bbox 1603 1514 1895 1574; x_wconf 61' lang='lat' dir='ltr'>quaestiones</span> <span class='ocrx_word' id='word_1_203' title='bbox 1922 1515 2135 1570; x_wconf 70' lang='lat' dir='ltr'>moveri3</span> <span class='ocrx_word' id='word_1_204' title='bbox 2154 1523 2237 1573; x_wconf 74' lang='lat' dir='ltr'>per</span> 
     </span>
     <span class='ocr_line' id='line_1_21' title="bbox 285 1549 2294 1640; baseline 0.001 -18"><span class='ocrx_word' id='word_1_205' title='bbox 285 1579 591 1623; x_wconf 88' lang='lat' dir='ltr'>diversitatem</span> <span class='ocrx_word' id='word_1_206' title='bbox 625 1589 777 1622; x_wconf 90' lang='lat' dir='ltr'>autem</span> <span class='ocrx_word' id='word_1_207' title='bbox 812 1580 1138 1623; x_wconf 89' lang='lat' dir='ltr'>sententiarum</span> <span class='ocrx_word' id='word_1_208' title='bbox 1172 1579 1446 1623; x_wconf 89' lang='lat' dir='ltr'>divideretur</span> <span class='ocrx_word' id='word_1_209' title='bbox 1476 1579 1696 1635; x_wconf 87' lang='lat' dir='ltr'>Ecclesia,</span> <span class='ocrx_word' id='word_1_210' title='bbox 1736 1581 1823 1625; x_wconf 86' lang='lat' dir='ltr'>nisi</span> <span class='ocrx_word' id='word_1_211' title='bbox 1857 1581 1905 1626; x_wconf 65' lang='grc'>111</span> <span class='ocrx_word' id='word_1_212' title='bbox 1941 1549 2139 1626; x_wconf 57' lang='lat' dir='ltr'>unitate,</span> <span class='ocrx_word' id='word_1_213' title='bbox 2135 1590 2236 1640; x_wconf 66' lang='lat' dir='ltr'>per</span> <span class='ocrx_word' id='word_1_214' title='bbox 2287 1578 2294 1609; x_wconf 63' lang='lat'>5⁴</span> 
     </span>
     <span class='ocr_line' id='line_1_22' title="bbox 281 1646 2235 1707; baseline 0.001 -19"><span class='ocrx_word' id='word_1_215' title='bbox 281 1646 413 1689; x_wconf 90' lang='lat' dir='ltr'>unius</span> <span class='ocrx_word' id='word_1_216' title='bbox 439 1648 712 1689; x_wconf 89' lang='lat' dir='ltr'>sententiam</span> <span class='ocrx_word' id='word_1_217' title='bbox 739 1655 1099 1707; x_wconf 85' lang='lat' dir='ltr'>conservaretur.</span> <span class='ocrx_word' id='word_1_218' title='bbox 1121 1646 1324 1704; x_wconf 83' lang='lat' dir='ltr'>Exigitur</span> <span class='ocrx_word' id='word_1_219' title='bbox 1341 1659 1452 1704; x_wconf 90' lang='lat' dir='ltr'>ergo</span> <span class='ocrx_word' id='word_1_220' title='bbox 1472 1647 1527 1689; x_wconf 85' lang='lat' dir='ltr'>ad</span> <span class='ocrx_word' id='word_1_221' title='bbox 1553 1647 1774 1692; x_wconf 88' lang='lat' dir='ltr'>unitatem</span> <span class='ocrx_word' id='word_1_222' title='bbox 1800 1646 2034 1696; x_wconf 70' lang='lat' dir='ltr'>Ecclesiae</span> <span class='ocrx_word' id='word_1_223' title='bbox 2056 1646 2235 1692; x_wconf 73' lang='lat' dir='ltr'>conset·-</span> 
     </span>
     <span class='ocr_line' id='line_1_23' title="bbox 277 1707 2294 1773; baseline 0.002 -19"><span class='ocrx_word' id='word_1_224' title='bbox 277 1712 491 1765; x_wconf 88' lang='lat' dir='ltr'>vandam,</span> <span class='ocrx_word' id='word_1_225' title='bbox 518 1712 641 1770; x_wconf 92' lang='lat' dir='ltr'>quod</span> <span class='ocrx_word' id='word_1_226' title='bbox 659 1713 714 1756; x_wconf 90' lang='lat' dir='ltr'>sit</span> <span class='ocrx_word' id='word_1_227' title='bbox 729 1726 844 1755; x_wconf 90' lang='lat' dir='ltr'>unus</span> <span class='ocrx_word' id='word_1_228' title='bbox 866 1712 944 1771; x_wconf 87' lang='lat' dir='ltr'>qui</span> <span class='ocrx_word' id='word_1_229' title='bbox 964 1712 1049 1756; x_wconf 92' lang='lat' dir='ltr'>toti</span> <span class='ocrx_word' id='word_1_230' title='bbox 1074 1711 1307 1756; x_wconf 87' lang='lat' dir='ltr'>Ecclesiae</span> <span class='ocrx_word' id='word_1_231' title='bbox 1329 1712 1508 1771; x_wconf 86' lang='lat' dir='ltr'>praesit.</span> <span class='ocrx_word' id='word_1_232' title='bbox 1530 1712 1824 1757; x_wconf 85' lang='lat' dir='ltr'>Manifestum</span> <span class='ocrx_word' id='word_1_233' title='bbox 1847 1722 1915 1758; x_wconf 86' lang='lat' dir='ltr'>est</span> <span class='ocrx_word' id='word_1_234' title='bbox 1939 1707 2094 1758; x_wconf 62' lang='lat' dir='ltr'>auoein</span> <span class='ocrx_word' id='word_1_235' title='bbox 2108 1713 2233 1773; x_wconf 68' lang='lat' dir='ltr'>qnod</span> <span class='ocrx_word' id='word_1_236' title='bbox 2286 1750 2294 1768; x_wconf 38' lang='grc' dir='ltr'>ς</span> 
     </span>
     <span class='ocr_line' id='line_1_24' title="bbox 284 1777 2235 1839; baseline 0.001 -17"><span class='ocrx_word' id='word_1_237' title='bbox 284 1778 494 1822; x_wconf 88' lang='lat' dir='ltr'>Christus</span> <span class='ocrx_word' id='word_1_238' title='bbox 520 1777 753 1822; x_wconf 90' lang='lat' dir='ltr'>Ecclesiae</span> <span class='ocrx_word' id='word_1_239' title='bbox 775 1778 821 1821; x_wconf 89' lang='lat' dir='ltr'>in</span> <span class='ocrx_word' id='word_1_240' title='bbox 842 1778 1109 1822; x_wconf 88' lang='lat' dir='ltr'>necessariis</span> <span class='ocrx_word' id='word_1_241' title='bbox 1134 1792 1228 1823; x_wconf 91' lang='lat' dir='ltr'>non</span> <span class='ocrx_word' id='word_1_242' title='bbox 1257 1778 1421 1832; x_wconf 91' lang='lat' dir='ltr'>deficit,</span> <span class='ocrx_word' id='word_1_243' title='bbox 1449 1790 1587 1837; x_wconf 87' lang='lat' dir='ltr'>quam</span> <span class='ocrx_word' id='word_1_244' title='bbox 1610 1778 1778 1833; x_wconf 80' lang='lat' dir='ltr'>dilexit,</span> <span class='ocrx_word' id='word_1_245' title='bbox 1803 1778 1859 1824; x_wconf 75' lang='lat' dir='ltr'>e‘tt</span> <span class='ocrx_word' id='word_1_246' title='bbox 1874 1792 1957 1839; x_wconf 81' lang='lat' dir='ltr'>pro</span> <span class='ocrx_word' id='word_1_247' title='bbox 1979 1793 2033 1824; x_wconf 87' lang='lat' dir='ltr'>ea</span> <span class='ocrx_word' id='word_1_248' title='bbox 2057 1779 2235 1838; x_wconf 77' lang='lat' dir='ltr'>sangui-</span> 
     </span>
     <span class='ocr_line' id='line_1_25' title="bbox 278 1842 2232 1905; baseline 0.002 -18"><span class='ocrx_word' id='word_1_249' title='bbox 278 1858 385 1888; x_wconf 89' lang='lat' dir='ltr'>nem</span> <span class='ocrx_word' id='word_1_250' title='bbox 419 1855 553 1888; x_wconf 90' lang='lat' dir='ltr'>suum</span> <span class='ocrx_word' id='word_1_251' title='bbox 578 1844 706 1898; x_wconf 83' lang='lat' dir='ltr'>fudit,</span> <span class='ocrx_word' id='word_1_252' title='bbox 739 1859 845 1888; x_wconf 91' lang='lat' dir='ltr'>cum</span> <span class='ocrx_word' id='word_1_253' title='bbox 874 1855 917 1888; x_wconf 92' lang='lat' dir='ltr'>et</span> <span class='ocrx_word' id='word_1_254' title='bbox 943 1845 996 1888; x_wconf 92' lang='lat' dir='ltr'>de</span> <span class='ocrx_word' id='word_1_255' title='bbox 1024 1859 1259 1904; x_wconf 88' lang='lat' dir='ltr'>synagoga</span> <span class='ocrx_word' id='word_1_256' title='bbox 1294 1846 1470 1889; x_wconf 88' lang='lat' dir='ltr'>dicatur</span> <span class='ocrx_word' id='word_1_257' title='bbox 1499 1859 1580 1904; x_wconf 88' lang='lat' dir='ltr'>per</span> <span class='ocrx_word' id='word_1_258' title='bbox 1600 1842 1864 1895; x_wconf 82' lang='lat' dir='ltr'>Dominum</span> <span class='ocrx_word' id='word_1_259' title='bbox 1902 1844 2013 1905; x_wconf 78' lang='lat' dir='ltr'>(Isa.</span> <span class='ocrx_word' id='word_1_260' title='bbox 2047 1845 2117 1891; x_wconf 73' lang='lat' dir='ltr'>-V</span> <span class='ocrx_word' id='word_1_261' title='bbox 2143 1846 2232 1902; x_wconf 83' lang='lat'><strong>4.):</strong></span> 
     </span>
     <span class='ocr_line' id='line_1_26' title="bbox 278 1911 2233 1981; baseline 0.001 -27"><span class='ocrx_word' id='word_1_262' title='bbox 278 1911 397 1967; x_wconf 77' lang='lat' dir='ltr'>Quid</span> <span class='ocrx_word' id='word_1_263' title='bbox 434 1911 548 1956; x_wconf 86' lang='lat' dir='ltr'>ultra</span> <span class='ocrx_word' id='word_1_264' title='bbox 575 1911 693 1955; x_wconf 80' lang='lat' dir='ltr'>debui</span> <span class='ocrx_word' id='word_1_265' title='bbox 715 1912 859 1969; x_wconf 79' lang='lat' dir='ltr'>facere</span> <span class='ocrx_word' id='word_1_266' title='bbox 890 1913 1037 1956; x_wconf 76' lang='lat' dir='ltr'>vineae</span> <span class='ocrx_word' id='word_1_267' title='bbox 1063 1926 1189 1966; x_wconf 78' lang='lat' dir='ltr'>meae,</span> <span class='ocrx_word' id='word_1_268' title='bbox 1223 1918 1261 1957; x_wconf 83' lang='lat' dir='ltr'>et</span> <span class='ocrx_word' id='word_1_269' title='bbox 1289 1927 1374 1955; x_wconf 83' lang='lat' dir='ltr'>non</span> <span class='ocrx_word' id='word_1_270' title='bbox 1390 1913 1512 1971; x_wconf 74' lang='lat' dir='ltr'>feci?</span> <span class='ocrx_word' id='word_1_271' title='bbox 1541 1912 1648 1956; x_wconf 87' lang='lat' dir='ltr'>Non</span> <span class='ocrx_word' id='word_1_272' title='bbox 1682 1922 1751 1957; x_wconf 88' lang='lat' dir='ltr'>est</span> <span class='ocrx_word' id='word_1_273' title='bbox 1775 1911 1909 1973; x_wconf 64' lang='lat' dir='ltr'>igitur</span> <span class='ocrx_word' id='word_1_274' title='bbox 1936 1912 2233 1981; x_wconf 62' lang='lat' dir='ltr'>dubitandum</span> 
     </span>
     <span class='ocr_line' id='line_1_27' title="bbox 279 1977 1698 2038; baseline 0.001 -18"><span class='ocrx_word' id='word_1_275' title='bbox 279 1977 386 2036; x_wconf 91' lang='lat' dir='ltr'>quin</span> <span class='ocrx_word' id='word_1_276' title='bbox 415 1992 468 2021; x_wconf 87' lang='lat' dir='ltr'>ex</span> <span class='ocrx_word' id='word_1_277' title='bbox 495 1977 779 2021; x_wconf 87' lang='lat' dir='ltr'>ordinatione</span> <span class='ocrx_word' id='word_1_278' title='bbox 810 1977 977 2022; x_wconf 89' lang='lat' dir='ltr'>Christi</span> <span class='ocrx_word' id='word_1_279' title='bbox 1011 1993 1127 2022; x_wconf 91' lang='lat' dir='ltr'>unus</span> <span class='ocrx_word' id='word_1_280' title='bbox 1153 1979 1238 2022; x_wconf 89' lang='lat' dir='ltr'>toti</span> <span class='ocrx_word' id='word_1_281' title='bbox 1262 1978 1498 2022; x_wconf 87' lang='lat' dir='ltr'>Ecclesiae</span> <span class='ocrx_word' id='word_1_282' title='bbox 1520 1979 2294 2041; x_wconf 88' lang='lat' dir='ltr'>praesit.</span> 
     </span>
     <span class='ocr_line' id='line_1_28' title="bbox 367 2040 2294 2115; baseline 0.002 -29"><span class='ocrx_word' id='word_1_283' title='bbox 367 2043 555 2087; x_wconf 89' lang='lat' dir='ltr'>Adhuc:</span> <span class='ocrx_word' id='word_1_284' title='bbox 581 2043 695 2087; x_wconf 90' lang='lat' dir='ltr'>nulli</span> <span class='ocrx_word' id='word_1_285' title='bbox 723 2044 911 2088; x_wconf 90' lang='lat' dir='ltr'>dubium</span> <span class='ocrx_word' id='word_1_286' title='bbox 941 2058 1038 2088; x_wconf 87' lang='lat' dir='ltr'>esse</span> <span class='ocrx_word' id='word_1_287' title='bbox 1061 2045 1194 2089; x_wconf 87' lang='lat' dir='ltr'>debet</span> <span class='ocrx_word' id='word_1_288' title='bbox 1220 2047 1327 2104; x_wconf 89' lang='lat' dir='ltr'>quin</span> <span class='ocrx_word' id='word_1_289' title='bbox 1354 2044 1587 2090; x_wconf 87' lang='lat' dir='ltr'>Ecclesiae</span> <span class='ocrx_word' id='word_1_290' title='bbox 1613 2046 1819 2105; x_wconf 83' lang='lat' dir='ltr'>regimen</span> <span class='ocrx_word' id='word_1_291' title='bbox 1843 2045 1903 2091; x_wconf 74' lang='lat' dir='ltr'>sit</span> <span class='ocrx_word' id='word_1_292' title='bbox 1925 2045 2110 2106; x_wconf 70' lang='lat' dir='ltr'>optime</span> <span class='ocrx_word' id='word_1_293' title='bbox 2119 2045 2235 2090; x_wconf 71' lang='grc'>01111·-</span> <span class='ocrx_word' id='word_1_294' title='bbox 2286 2040 2294 2115; x_wconf 65' lang='lat'>3}</span> 
     </span>
     <span class='ocr_line' id='line_1_29' title="bbox 278 2111 2294 2172; baseline 0.003 -20"><span class='ocrx_word' id='word_1_295' title='bbox 278 2119 451 2163; x_wconf 82' lang='lat' dir='ltr'>natum,</span> <span class='ocrx_word' id='word_1_296' title='bbox 474 2119 630 2169; x_wconf 90' lang='lat' dir='ltr'>utpote</span> <span class='ocrx_word' id='word_1_297' title='bbox 653 2124 732 2169; x_wconf 84' lang='lat' dir='ltr'>per</span> <span class='ocrx_word' id='word_1_298' title='bbox 749 2125 853 2154; x_wconf 88' lang='lat' dir='ltr'>eum</span> <span class='ocrx_word' id='word_1_299' title='bbox 877 2112 1148 2170; x_wconf 89' lang='lat' dir='ltr'>dispositum</span> <span class='ocrx_word' id='word_1_300' title='bbox 1166 2125 1246 2170; x_wconf 88' lang='lat' dir='ltr'>per</span> <span class='ocrx_word' id='word_1_301' title='bbox 1273 2125 1409 2170; x_wconf 89' lang='lat' dir='ltr'>quem</span> <span class='ocrx_word' id='word_1_302' title='bbox 1435 2127 1545 2170; x_wconf 79' lang='lat' dir='ltr'>reges</span> <span class='ocrx_word' id='word_1_303' title='bbox 1570 2118 1762 2171; x_wconf 76' lang='lat' dir='ltr'>regnant,</span> <span class='ocrx_word' id='word_1_304' title='bbox 1790 2118 1826 2158; x_wconf 74' lang='lat' dir='ltr'>et</span> <span class='ocrx_word' id='word_1_305' title='bbox 1846 2113 1981 2172; x_wconf 75' lang='lat' dir='ltr'>legum</span> <span class='ocrx_word' id='word_1_306' title='bbox 2005 2111 2235 2158; x_wconf 71' lang='lat' dir='ltr'>conditores</span> <span class='ocrx_word' id='word_1_307' title='bbox 2283 2127 2294 2159; x_wconf 98' lang='lat'>3</span> 
     </span>
     <span class='ocr_line' id='line_1_30' title="bbox 274 2159 2294 2275; baseline 0.001 -55"><span class='ocrx_word' id='word_1_308' title='bbox 274 2179 387 2233; x_wconf 84' lang='lat' dir='ltr'>justa</span> <span class='ocrx_word' id='word_1_309' title='bbox 413 2177 639 2222; x_wconf 82' lang='lat' dir='ltr'>decernunt</span> <span class='ocrx_word' id='word_1_310' title='bbox 665 2177 822 2234; x_wconf 90' lang='lat' dir='ltr'>(Prov.</span> <span class='ocrx_word' id='word_1_311' title='bbox 850 2178 972 2222; x_wconf 89' lang='lat' dir='ltr'><strong>VIII.</strong></span> <span class='ocrx_word' id='word_1_312' title='bbox 1006 2178 1109 2235; x_wconf 83' lang='lat'>15.)</span> <span class='ocrx_word' id='word_1_313' title='bbox 1134 2179 1379 2237; x_wconf 89' lang='lat' dir='ltr'>Optimum</span> <span class='ocrx_word' id='word_1_314' title='bbox 1407 2189 1561 2222; x_wconf 90' lang='lat' dir='ltr'>autem</span> <span class='ocrx_word' id='word_1_315' title='bbox 1593 2179 1799 2238; x_wconf 88' lang='lat' dir='ltr'>regimen</span> <span class='ocrx_word' id='word_1_316' title='bbox 1832 2179 2152 2224; x_wconf 74' lang='lat' dir='ltr'>multitudinis</span> <span class='ocrx_word' id='word_1_317' title='bbox 2164 2187 2234 2222; x_wconf 79' lang='lat' dir='ltr'>est</span> <span class='ocrx_word' id='word_1_318' title='bbox 2271 2159 2294 2275; x_wconf 51' lang='lat'>4</span> 
     </span>
     <span class='ocr_line' id='line_1_31' title="bbox 254 2245 2287 2306; baseline 0.002 -20.048"><span class='ocrx_word' id='word_1_319' title='bbox 254 2253 325 2286; x_wconf 85' lang='grc'>111</span> <span class='ocrx_word' id='word_1_320' title='bbox 351 2253 533 2301; x_wconf 85' lang='lat' dir='ltr'>regatur</span> <span class='ocrx_word' id='word_1_321' title='bbox 554 2257 633 2302; x_wconf 92' lang='lat' dir='ltr'>per</span> <span class='ocrx_word' id='word_1_322' title='bbox 659 2258 823 2290; x_wconf 89' lang='lat' dir='ltr'>unum:</span> <span class='ocrx_word' id='word_1_323' title='bbox 851 2245 972 2303; x_wconf 92' lang='lat' dir='ltr'>quod</span> <span class='ocrx_word' id='word_1_324' title='bbox 999 2254 1123 2303; x_wconf 91' lang='lat' dir='ltr'>patet</span> <span class='ocrx_word' id='word_1_325' title='bbox 1148 2259 1202 2288; x_wconf 88' lang='lat' dir='ltr'>ex</span> <span class='ocrx_word' id='word_1_326' title='bbox 1233 2245 1323 2289; x_wconf 90' lang='lat' dir='ltr'>fine</span> <span class='ocrx_word' id='word_1_327' title='bbox 1357 2245 1606 2303; x_wconf 87' lang='lat' dir='ltr'>regiminis,</span> <span class='ocrx_word' id='word_1_328' title='bbox 1638 2247 1716 2305; x_wconf 90' lang='lat' dir='ltr'>qui</span> <span class='ocrx_word' id='word_1_329' title='bbox 1741 2255 1826 2291; x_wconf 84' lang='lat' dir='ltr'>est</span> <span class='ocrx_word' id='word_1_330' title='bbox 1839 2259 1948 2306; x_wconf 81' lang='lat' dir='ltr'>pax:</span> <span class='ocrx_word' id='word_1_331' title='bbox 1980 2258 2067 2304; x_wconf 72' lang='lat' dir='ltr'>pax</span> <span class='ocrx_word' id='word_1_332' title='bbox 2092 2246 2231 2299; x_wconf 74' lang='lat' dir='ltr'>enim,</span> <span class='ocrx_word' id='word_1_333' title='bbox 2282 2271 2287 2277; x_wconf 60' lang='lat'><em>2</em></span> 
     </span>
     <span class='ocr_line' id='line_1_32' title="bbox 279 2283 2294 2393; baseline 0.001 -41"><span class='ocrx_word' id='word_1_334' title='bbox 279 2319 322 2353; x_wconf 88' lang='lat' dir='ltr'>et</span> <span class='ocrx_word' id='word_1_335' title='bbox 348 2310 496 2353; x_wconf 87' lang='lat' dir='ltr'>unitas</span> <span class='ocrx_word' id='word_1_336' title='bbox 529 2310 814 2354; x_wconf 85' lang='lat' dir='ltr'>subditorum</span> <span class='ocrx_word' id='word_1_337' title='bbox 848 2321 916 2354; x_wconf 90' lang='lat' dir='ltr'>est</span> <span class='ocrx_word' id='word_1_338' title='bbox 945 2311 1048 2355; x_wconf 87' lang='lat' dir='ltr'>finis</span> <span class='ocrx_word' id='word_1_339' title='bbox 1080 2312 1293 2370; x_wconf 87' lang='lat' dir='ltr'>regentis.</span> <span class='ocrx_word' id='word_1_340' title='bbox 1327 2311 1526 2356; x_wconf 88' lang='lat' dir='ltr'>Unitatis</span> <span class='ocrx_word' id='word_1_341' title='bbox 1559 2322 1709 2356; x_wconf 88' lang='lat' dir='ltr'>autem</span> <span class='ocrx_word' id='word_1_342' title='bbox 1739 2311 2083 2371; x_wconf 78' lang='lat' dir='ltr'>congruentior</span> <span class='ocrx_word' id='word_1_343' title='bbox 2094 2312 2233 2356; x_wconf 69' lang='lat' dir='ltr'>causa</span> <span class='ocrx_word' id='word_1_344' title='bbox 2278 2283 2294 2393; x_wconf 55' lang='lat' dir='ltr'>j</span> 
     </span>
     <span class='ocr_line' id='line_1_33' title="bbox 277 2377 2291 2467; baseline 0.003 -49"><span class='ocrx_word' id='word_1_345' title='bbox 277 2385 344 2419; x_wconf 86' lang='lat' dir='ltr'>est</span> <span class='ocrx_word' id='word_1_346' title='bbox 368 2390 485 2420; x_wconf 89' lang='lat' dir='ltr'>unus</span> <span class='ocrx_word' id='word_1_347' title='bbox 507 2390 643 2434; x_wconf 90' lang='lat' dir='ltr'>quam</span> <span class='ocrx_word' id='word_1_348' title='bbox 677 2377 822 2421; x_wconf 90' lang='lat' dir='ltr'>multi.</span> <span class='ocrx_word' id='word_1_349' title='bbox 855 2377 1159 2422; x_wconf 88' lang='lat' dir='ltr'>Manifestum</span> <span class='ocrx_word' id='word_1_350' title='bbox 1186 2388 1253 2422; x_wconf 88' lang='lat' dir='ltr'>est</span> <span class='ocrx_word' id='word_1_351' title='bbox 1279 2378 1414 2440; x_wconf 88' lang='lat' dir='ltr'>igitur</span> <span class='ocrx_word' id='word_1_352' title='bbox 1445 2378 1650 2437; x_wconf 88' lang='lat' dir='ltr'>regimen</span> <span class='ocrx_word' id='word_1_353' title='bbox 1694 2379 1927 2424; x_wconf 80' lang='lat' dir='ltr'>Ecclesiae</span> <span class='ocrx_word' id='word_1_354' title='bbox 1951 2378 2019 2424; x_wconf 75' lang='lat' dir='ltr'>sic</span> <span class='ocrx_word' id='word_1_355' title='bbox 2049 2389 2149 2433; x_wconf 70' lang='lat' dir='ltr'>esse</span> <span class='ocrx_word' id='word_1_356' title='bbox 2173 2378 2235 2423; x_wconf 63' lang='lat' dir='ltr'>di·</span> <span class='ocrx_word' id='word_1_357' title='bbox 2275 2428 2291 2467; x_wconf 68' lang='lat'>31</span> 
     </span>
     <span class='ocr_line' id='line_1_34' title="bbox 271 2443 2271 2503; baseline 0.002 -17"><span class='ocrx_word' id='word_1_358' title='bbox 271 2443 493 2501; x_wconf 88' lang='lat' dir='ltr'>spositum</span> <span class='ocrx_word' id='word_1_359' title='bbox 520 2453 569 2487; x_wconf 91' lang='lat' dir='ltr'>ut</span> <span class='ocrx_word' id='word_1_360' title='bbox 594 2457 711 2488; x_wconf 90' lang='lat' dir='ltr'>unus</span> <span class='ocrx_word' id='word_1_361' title='bbox 736 2445 818 2487; x_wconf 91' lang='lat' dir='ltr'>toti</span> <span class='ocrx_word' id='word_1_362' title='bbox 847 2443 1080 2488; x_wconf 87' lang='lat' dir='ltr'>Ecclesiae</span> <span class='ocrx_word' id='word_1_363' title='bbox 1108 2446 1285 2503; x_wconf 89' lang='lat' dir='ltr'>praesit.</span> <span class='ocrx_word' id='word_1_364' title='bbox 2199 2457 2221 2480; x_wconf 84' lang='lat'>.·</span> <span class='ocrx_word' id='word_1_365' title='bbox 2270 2486 2271 2490; x_wconf 75' lang='grc'>,</span> 
     </span>
     <span class='ocr_line' id='line_1_35' title="bbox 365 2503 2292 2571; baseline 0.002 -19"><span class='ocrx_word' id='word_1_366' title='bbox 365 2509 597 2568; x_wconf 87' lang='lat' dir='ltr'>Amplius:</span> <span class='ocrx_word' id='word_1_367' title='bbox 643 2510 849 2554; x_wconf 90' lang='lat' dir='ltr'>Ecclesia</span> <span class='ocrx_word' id='word_1_368' title='bbox 890 2510 1090 2555; x_wconf 88' lang='lat' dir='ltr'>militans</span> <span class='ocrx_word' id='word_1_369' title='bbox 1123 2525 1177 2555; x_wconf 84' lang='lat' dir='ltr'>ex</span> <span class='ocrx_word' id='word_1_370' title='bbox 1210 2512 1508 2571; x_wconf 85' lang='lat' dir='ltr'>triumphanti</span> <span class='ocrx_word' id='word_1_371' title='bbox 1540 2512 1744 2557; x_wconf 90' lang='lat' dir='ltr'>Ecclesia</span> <span class='ocrx_word' id='word_1_372' title='bbox 1776 2524 1862 2570; x_wconf 85' lang='lat' dir='ltr'>per-</span> <span class='ocrx_word' id='word_1_373' title='bbox 1885 2511 2231 2557; x_wconf 78' lang='lat' dir='ltr'>similitudinem</span> <span class='ocrx_word' id='word_1_374' title='bbox 2272 2503 2292 2569; x_wconf 58' lang='lat'>7]</span> 
     </span>
     <span class='ocr_line' id='line_1_36' title="bbox 275 2576 2281 2637; baseline 0.002 -19"><span class='ocrx_word' id='word_1_375' title='bbox 275 2576 525 2621; x_wconf 88' lang='lat' dir='ltr'>derivatur:</span> <span class='ocrx_word' id='word_1_376' title='bbox 553 2577 671 2620; x_wconf 92' lang='lat' dir='ltr'>unde</span> <span class='ocrx_word' id='word_1_377' title='bbox 703 2587 748 2620; x_wconf 90' lang='lat' dir='ltr'>et</span> <span class='ocrx_word' id='word_1_378' title='bbox 772 2577 971 2634; x_wconf 90' lang='lat' dir='ltr'>Joannes</span> <span class='ocrx_word' id='word_1_379' title='bbox 997 2578 1043 2621; x_wconf 88' lang='lat' dir='ltr'>in</span> <span class='ocrx_word' id='word_1_380' title='bbox 1071 2578 1353 2637; x_wconf 88' lang='lat' dir='ltr'>Apocalypsi</span> <span class='ocrx_word' id='word_1_381' title='bbox 1376 2579 1488 2622; x_wconf 85' lang='lat' dir='ltr'>vidit</span> <span class='ocrx_word' id='word_1_382' title='bbox 1507 2578 1760 2636; x_wconf 88' lang='lat' dir='ltr'>Jerusalem</span> <span class='ocrx_word' id='word_1_383' title='bbox 1799 2579 2154 2625; x_wconf 78' lang='lat' dir='ltr'>descendentem</span> <span class='ocrx_word' id='word_1_384' title='bbox 2171 2578 2281 2623; x_wconf 80' lang='lat' dir='ltr'>de</span> 
     </span>
     <span class='ocr_line' id='line_1_37' title="bbox 274 2641 2231 2706; baseline 0.004 -21"><span class='ocrx_word' id='word_1_385' title='bbox 274 2641 433 2687; x_wconf 92' lang='lat' dir='ltr'>coelo:</span> <span class='ocrx_word' id='word_1_386' title='bbox 461 2652 506 2686; x_wconf 87' lang='lat' dir='ltr'>et</span> <span class='ocrx_word' id='word_1_387' title='bbox 530 2642 681 2701; x_wconf 85' lang='lat' dir='ltr'>Moysi</span> <span class='ocrx_word' id='word_1_388' title='bbox 715 2644 886 2687; x_wconf 91' lang='lat' dir='ltr'>dictum</span> <span class='ocrx_word' id='word_1_389' title='bbox 914 2654 995 2699; x_wconf 92' lang='lat' dir='ltr'>est,</span> <span class='ocrx_word' id='word_1_390' title='bbox 1028 2645 1150 2703; x_wconf 91' lang='lat' dir='ltr'>quod</span> <span class='ocrx_word' id='word_1_391' title='bbox 1182 2644 1351 2689; x_wconf 90' lang='lat' dir='ltr'>faceret</span> <span class='ocrx_word' id='word_1_392' title='bbox 1377 2646 1534 2689; x_wconf 88' lang='lat' dir='ltr'>omnia</span> <span class='ocrx_word' id='word_1_393' title='bbox 1567 2647 1816 2690; x_wconf 86' lang='lat' dir='ltr'>secundum</span> <span class='ocrx_word' id='word_1_394' title='bbox 1850 2644 2155 2706; x_wconf 61' lang='lat' dir='ltr'>exemplarei</span> <span class='ocrx_word' id='word_1_395' title='bbox 2183 2645 2231 2691; x_wconf 83' lang='lat' dir='ltr'>in</span> 
     </span>
     <span class='ocr_line' id='line_1_38' title="bbox 272 2710 2238 2772; baseline 0.001 -20"><span class='ocrx_word' id='word_1_396' title='bbox 272 2719 430 2752; x_wconf 90' lang='lat' dir='ltr'>monte</span> <span class='ocrx_word' id='word_1_397' title='bbox 458 2719 776 2754; x_wconf 87' lang='lat' dir='ltr'>monstratum.</span> <span class='ocrx_word' id='word_1_398' title='bbox 804 2710 855 2753; x_wconf 89' lang='lat' dir='ltr'>In</span> <span class='ocrx_word' id='word_1_399' title='bbox 883 2711 1178 2769; x_wconf 87' lang='lat' dir='ltr'>triumphanti</span> <span class='ocrx_word' id='word_1_400' title='bbox 1203 2722 1357 2756; x_wconf 90' lang='lat' dir='ltr'>autem</span> <span class='ocrx_word' id='word_1_401' title='bbox 1375 2711 1580 2756; x_wconf 89' lang='lat' dir='ltr'>Ecclesia</span> <span class='ocrx_word' id='word_1_402' title='bbox 1607 2726 1722 2756; x_wconf 88' lang='lat' dir='ltr'>unus</span> <span class='ocrx_word' id='word_1_403' title='bbox 1740 2712 1978 2771; x_wconf 83' lang='lat' dir='ltr'>praesidet,</span> <span class='ocrx_word' id='word_1_404' title='bbox 2000 2713 2078 2772; x_wconf 79' lang='lat' dir='ltr'>qui</span> <span class='ocrx_word' id='word_1_405' title='bbox 2090 2711 2238 2765; x_wconf 57' lang='lat' dir='ltr'>etiam&gt;</span> 
     </span>
     <span class='ocr_line' id='line_1_39' title="bbox 273 2775 2274 2840; baseline 0.003 -22"><span class='ocrx_word' id='word_1_406' title='bbox 273 2775 499 2833; x_wconf 86' lang='lat' dir='ltr'>praesidet</span> <span class='ocrx_word' id='word_1_407' title='bbox 525 2776 571 2819; x_wconf 89' lang='lat' dir='ltr'>in</span> <span class='ocrx_word' id='word_1_408' title='bbox 597 2777 948 2833; x_wconf 23' lang='lat' dir='ltr'>totoxuniverso‚</span> <span class='ocrx_word' id='word_1_409' title='bbox 966 2777 1140 2822; x_wconf 87' lang='lat' dir='ltr'>scilicet</span> <span class='ocrx_word' id='word_1_410' title='bbox 1161 2778 1309 2823; x_wconf 87' lang='lat' dir='ltr'>Deus:</span> <span class='ocrx_word' id='word_1_411' title='bbox 1334 2779 1497 2823; x_wconf 90' lang='lat' dir='ltr'>dicitur</span> <span class='ocrx_word' id='word_1_412' title='bbox 1514 2780 1634 2823; x_wconf 90' lang='lat' dir='ltr'>enim</span> <span class='ocrx_word' id='word_1_413' title='bbox 1654 2778 1870 2839; x_wconf 85' lang='lat' dir='ltr'>(Apocal.</span> <span class='ocrx_word' id='word_1_414' title='bbox 1896 2776 2020 2824; x_wconf 58' lang='lat' dir='ltr'><strong>XXI.</strong></span> <span class='ocrx_word' id='word_1_415' title='bbox 2041 2778 2127 2839; x_wconf 83' lang='lat'>3.):</span> <span class='ocrx_word' id='word_1_416' title='bbox 2144 2778 2233 2840; x_wconf 58' lang='lat' dir='ltr'>Ipsi*</span> <span class='ocrx_word' id='word_1_417' title='bbox 2263 2814 2274 2834; x_wconf 57' lang='grc'>»;</span> 
     </span>
     <span class='ocr_line' id='line_1_40' title="bbox 265 2841 2231 2905; baseline 0.002 -20"><span class='ocrx_word' id='word_1_418' title='bbox 265 2843 443 2901; x_wconf 82' lang='lat' dir='ltr'>populus</span> <span class='ocrx_word' id='word_1_419' title='bbox 469 2845 554 2900; x_wconf 81' lang='lat' dir='ltr'>ejus</span> <span class='ocrx_word' id='word_1_420' title='bbox 580 2850 715 2899; x_wconf 84' lang='lat' dir='ltr'>erunt,</span> <span class='ocrx_word' id='word_1_421' title='bbox 746 2850 782 2888; x_wconf 80' lang='lat' dir='ltr'>et</span> <span class='ocrx_word' id='word_1_422' title='bbox 808 2846 889 2903; x_wconf 77' lang='lat' dir='ltr'>ipse</span> <span class='ocrx_word' id='word_1_423' title='bbox 921 2859 1016 2889; x_wconf 80' lang='lat' dir='ltr'>cum</span> <span class='ocrx_word' id='word_1_424' title='bbox 1048 2846 1105 2889; x_wconf 81' lang='lat' dir='ltr'>eis</span> <span class='ocrx_word' id='word_1_425' title='bbox 1131 2847 1210 2890; x_wconf 83' lang='lat' dir='ltr'>erit</span> <span class='ocrx_word' id='word_1_426' title='bbox 1235 2860 1378 2890; x_wconf 83' lang='lat' dir='ltr'>eorum</span> <span class='ocrx_word' id='word_1_427' title='bbox 1410 2847 1539 2891; x_wconf 77' lang='lat' dir='ltr'>Deus.</span> <span class='ocrx_word' id='word_1_428' title='bbox 1572 2846 1695 2905; x_wconf 87' lang='lat' dir='ltr'>Ergo</span> <span class='ocrx_word' id='word_1_429' title='bbox 1727 2856 1772 2891; x_wconf 88' lang='lat' dir='ltr'>et</span> <span class='ocrx_word' id='word_1_430' title='bbox 1802 2846 1848 2890; x_wconf 84' lang='lat' dir='ltr'>in</span> <span class='ocrx_word' id='word_1_431' title='bbox 1881 2841 2086 2891; x_wconf 77' lang='lat' dir='ltr'>Ecclesia</span> <span class='ocrx_word' id='word_1_432' title='bbox 2118 2844 2231 2890; x_wconf 78' lang='grc'>111111-</span> 
     </span>
     <span class='ocr_line' id='line_1_41' title="bbox 271 2910 2283 2971; baseline 0.002 -19"><span class='ocrx_word' id='word_1_433' title='bbox 271 2918 394 2953; x_wconf 87' lang='lat' dir='ltr'>tante</span> <span class='ocrx_word' id='word_1_434' title='bbox 422 2924 537 2962; x_wconf 82' lang='lat' dir='ltr'>unus</span> <span class='ocrx_word' id='word_1_435' title='bbox 565 2920 631 2954; x_wconf 91' lang='lat' dir='ltr'>est</span> <span class='ocrx_word' id='word_1_436' title='bbox 656 2911 732 2969; x_wconf 92' lang='lat' dir='ltr'>qui</span> <span class='ocrx_word' id='word_1_437' title='bbox 758 2911 983 2970; x_wconf 89' lang='lat' dir='ltr'>praesidet</span> <span class='ocrx_word' id='word_1_438' title='bbox 1009 2912 1242 2956; x_wconf 90' lang='lat' dir='ltr'>universis.</span> <span class='ocrx_word' id='word_1_439' title='bbox 1272 2912 1390 2956; x_wconf 90' lang='lat' dir='ltr'>Hinc</span> <span class='ocrx_word' id='word_1_440' title='bbox 1419 2922 1487 2957; x_wconf 90' lang='lat' dir='ltr'>est</span> <span class='ocrx_word' id='word_1_441' title='bbox 1512 2913 1634 2971; x_wconf 92' lang='lat' dir='ltr'>quod</span> <span class='ocrx_word' id='word_1_442' title='bbox 1658 2912 1842 2970; x_wconf 79' lang='lat' dir='ltr'>(Oscae</span> <span class='ocrx_word' id='word_1_443' title='bbox 1862 2910 1898 2958; x_wconf 77' lang='lat' dir='ltr'>I.</span> <span class='ocrx_word' id='word_1_444' title='bbox 1927 2911 2020 2969; x_wconf 79' lang='grc'>11.)</span> <span class='ocrx_word' id='word_1_445' title='bbox 2042 2912 2231 2966; x_wconf 59' lang='lat' dir='ltr'>diuitum</span> <span class='ocrx_word' id='word_1_446' title='bbox 2251 2911 2283 2969; x_wconf 59' lang='lat'>[41</span> 
     </span>
     <span class='ocr_line' id='line_1_42' title="bbox 276 2975 2267 3040; baseline 0.002 -20"><span class='ocrx_word' id='word_1_447' title='bbox 276 2975 650 3034; x_wconf 81' lang='lat' dir='ltr'>Congregabuntu&#39;r</span> <span class='ocrx_word' id='word_1_448' title='bbox 664 2978 753 3035; x_wconf 86' lang='lat' dir='ltr'>filii</span> <span class='ocrx_word' id='word_1_449' title='bbox 779 2977 907 3034; x_wconf 81' lang='lat' dir='ltr'>suda,</span> <span class='ocrx_word' id='word_1_450' title='bbox 942 2977 980 3022; x_wconf 69' lang='grc' dir='ltr'>εἰ</span> <span class='ocrx_word' id='word_1_451' title='bbox 1001 2979 1089 3036; x_wconf 85' lang='lat' dir='ltr'>filii</span> <span class='ocrx_word' id='word_1_452' title='bbox 1121 2979 1252 3022; x_wconf 57' lang='lat' dir='ltr'>Israel</span> <span class='ocrx_word' id='word_1_453' title='bbox 1271 2981 1448 3038; x_wconf 77' lang='lat' dir='ltr'>pariter,</span> <span class='ocrx_word' id='word_1_454' title='bbox 1481 2986 1517 3023; x_wconf 84' lang='lat' dir='ltr'>et</span> <span class='ocrx_word' id='word_1_455' title='bbox 1542 2986 1698 3038; x_wconf 80' lang='lat' dir='ltr'>ponent</span> <span class='ocrx_word' id='word_1_456' title='bbox 1727 2981 1808 3024; x_wconf 77' lang='lat' dir='ltr'>sibi</span> <span class='ocrx_word' id='word_1_457' title='bbox 1836 2985 1963 3040; x_wconf 71' lang='lat' dir='ltr'>caput</span> <span class='ocrx_word' id='word_1_458' title='bbox 1990 2992 2153 3032; x_wconf 70' lang='lat' dir='ltr'>unum</span> <span class='ocrx_word' id='word_1_459' title='bbox 2174 2985 2232 3023; x_wconf 69' lang='grc'>’81</span> <span class='ocrx_word' id='word_1_460' title='bbox 2258 2981 2267 3010; x_wconf 65' lang='lat'>³³</span> 
     </span>
     <span class='ocr_line' id='line_1_43' title="bbox 271 3041 2274 3108; baseline 0.003 -24"><span class='ocrx_word' id='word_1_461' title='bbox 271 3041 499 3086; x_wconf 89' lang='lat' dir='ltr'>Dominus</span> <span class='ocrx_word' id='word_1_462' title='bbox 525 3043 634 3087; x_wconf 90' lang='lat' dir='ltr'>dicit</span> <span class='ocrx_word' id='word_1_463' title='bbox 659 3043 841 3100; x_wconf 89' lang='lat' dir='ltr'>(Joann.</span> <span class='ocrx_word' id='word_1_464' title='bbox 870 3044 925 3087; x_wconf 90' lang='lat' dir='ltr'>X.</span> <span class='ocrx_word' id='word_1_465' title='bbox 959 3043 1070 3101; x_wconf 88' lang='lat'>16.:)</span> <span class='ocrx_word' id='word_1_466' title='bbox 1099 3046 1191 3089; x_wconf 83' lang='lat' dir='ltr'>Fiet</span> <span class='ocrx_word' id='word_1_467' title='bbox 1211 3060 1342 3089; x_wconf 84' lang='lat' dir='ltr'>unum</span> <span class='ocrx_word' id='word_1_468' title='bbox 1376 3046 1498 3099; x_wconf 78' lang='lat' dir='ltr'>ovile,</span> <span class='ocrx_word' id='word_1_469' title='bbox 1525 3052 1563 3090; x_wconf 82' lang='lat' dir='ltr'>et</span> <span class='ocrx_word' id='word_1_470' title='bbox 1584 3060 1688 3090; x_wconf 86' lang='lat' dir='ltr'>unus</span> <span class='ocrx_word' id='word_1_471' title='bbox 1706 3053 1867 3105; x_wconf 74' lang='lat' dir='ltr'>pastor.</span> <span class='ocrx_word' id='word_1_472' title='bbox 2002 3063 2008 3067; x_wconf 94' lang='lat'><em>·</em></span> <span class='ocrx_word' id='word_1_473' title='bbox 2079 3070 2083 3076; x_wconf 94' lang='lat'><em>·</em></span> <span class='ocrx_word' id='word_1_474' title='bbox 2184 3060 2219 3082; x_wconf 80' lang='lat'>·¹</span> <span class='ocrx_word' id='word_1_475' title='bbox 2252 3050 2274 3108; x_wconf 9' lang='grc' dir='ltr'>γ’</span> 
     </span>
     <span class='ocr_line' id='line_1_44' title="bbox 362 3109 2278 3174; baseline 0.005 -23"><span class='ocrx_word' id='word_1_476' title='bbox 362 3109 411 3151; x_wconf 90' lang='lat' dir='ltr'>Si</span> <span class='ocrx_word' id='word_1_477' title='bbox 436 3109 535 3167; x_wconf 90' lang='lat' dir='ltr'>quis</span> <span class='ocrx_word' id='word_1_478' title='bbox 563 3120 714 3153; x_wconf 90' lang='lat' dir='ltr'>autem</span> <span class='ocrx_word' id='word_1_479' title='bbox 743 3110 877 3164; x_wconf 88' lang='lat' dir='ltr'>dicat,</span> <span class='ocrx_word' id='word_1_480' title='bbox 905 3110 1026 3169; x_wconf 91' lang='lat' dir='ltr'>quod</span> <span class='ocrx_word' id='word_1_481' title='bbox 1050 3125 1192 3155; x_wconf 88' lang='lat' dir='ltr'>unum</span> <span class='ocrx_word' id='word_1_482' title='bbox 1219 3122 1368 3170; x_wconf 91' lang='lat' dir='ltr'>caput,</span> <span class='ocrx_word' id='word_1_483' title='bbox 1402 3122 1446 3156; x_wconf 91' lang='lat' dir='ltr'>et</span> <span class='ocrx_word' id='word_1_484' title='bbox 1470 3126 1587 3156; x_wconf 88' lang='lat' dir='ltr'>unus</span> <span class='ocrx_word' id='word_1_485' title='bbox 1613 3123 1768 3171; x_wconf 78' lang='lat' dir='ltr'>pastor</span> <span class='ocrx_word' id='word_1_486' title='bbox 1797 3121 1885 3158; x_wconf 72' lang='lat' dir='ltr'>est</span> <span class='ocrx_word' id='word_1_487' title='bbox 1894 3111 2131 3167; x_wconf 60' lang='lat' dir='ltr'>(limisano,</span> <span class='ocrx_word' id='word_1_488' title='bbox 2151 3109 2229 3173; x_wconf 95' lang='grc' dir='ltr'>Φῆ</span> <span class='ocrx_word' id='word_1_489' title='bbox 2252 3109 2278 3174; x_wconf 53' lang='lat' dir='ltr'>3ss</span> 
     </span>
     <span class='ocr_line' id='line_1_45' title="bbox 273 3174 2270 3238; baseline 0.002 -21"><span class='ocrx_word' id='word_1_490' title='bbox 273 3184 339 3218; x_wconf 91' lang='lat' dir='ltr'>est</span> <span class='ocrx_word' id='word_1_491' title='bbox 367 3189 481 3219; x_wconf 89' lang='lat' dir='ltr'>unus</span> <span class='ocrx_word' id='word_1_492' title='bbox 508 3176 638 3219; x_wconf 90' lang='lat' dir='ltr'>unius</span> <span class='ocrx_word' id='word_1_493' title='bbox 657 3176 889 3221; x_wconf 89' lang='lat' dir='ltr'>Ecclesiae</span> <span class='ocrx_word' id='word_1_494' title='bbox 915 3191 1123 3235; x_wconf 90' lang='lat' dir='ltr'>sponsus,</span> <span class='ocrx_word' id='word_1_495' title='bbox 1150 3192 1244 3222; x_wconf 89' lang='lat' dir='ltr'>non</span> <span class='ocrx_word' id='word_1_496' title='bbox 1262 3177 1536 3222; x_wconf 87' lang='lat' dir='ltr'>sufficienter</span> <span class='ocrx_word' id='word_1_497' title='bbox 1560 3178 1815 3238; x_wconf 89' lang='lat' dir='ltr'>respondet.</span> <span class='ocrx_word' id='word_1_498' title='bbox 1842 3174 2269 3225; x_wconf 51' lang='lat' dir='ltr'>Manifestumnm&lt;</span> 
     </span>
     <span class='ocr_line' id='line_1_46' title="bbox 273 3242 2136 3304; baseline 0.004 -21"><span class='ocrx_word' id='word_1_499' title='bbox 273 3242 392 3284; x_wconf 85' lang='lat' dir='ltr'>enim</span> <span class='ocrx_word' id='word_1_500' title='bbox 416 3242 536 3300; x_wconf 92' lang='lat' dir='ltr'>quod</span> <span class='ocrx_word' id='word_1_501' title='bbox 562 3243 869 3287; x_wconf 87' lang='lat' dir='ltr'>ecclesiastica</span> <span class='ocrx_word' id='word_1_502' title='bbox 896 3254 1180 3288; x_wconf 89' lang='lat' dir='ltr'>sacramenta</span> <span class='ocrx_word' id='word_1_503' title='bbox 1207 3245 1302 3304; x_wconf 91' lang='lat' dir='ltr'>ipse</span> <span class='ocrx_word' id='word_1_504' title='bbox 1337 3245 1546 3289; x_wconf 91' lang='lat' dir='ltr'>Christus</span> <span class='ocrx_word' id='word_1_505' title='bbox 1573 3244 1771 3304; x_wconf 85' lang='lat' dir='ltr'>perficit:</span> <span class='ocrx_word' id='word_1_506' title='bbox 1797 3245 1892 3304; x_wconf 81' lang='lat' dir='ltr'>ipse</span> <span class='ocrx_word' id='word_1_507' title='bbox 1919 3245 2042 3289; x_wconf 86' lang='lat' dir='ltr'>enirn</span> <span class='ocrx_word' id='word_1_508' title='bbox 2068 3254 2136 3291; x_wconf 81' lang='lat' dir='ltr'>est</span> 
     </span>
     <span class='ocr_line' id='line_1_47' title="bbox 271 3257 2278 3387; baseline 0.004 -38"><span class='ocrx_word' id='word_1_509' title='bbox 271 3308 479 3365; x_wconf 87' lang='lat' dir='ltr'>baptizat,</span> <span class='ocrx_word' id='word_1_510' title='bbox 506 3309 601 3366; x_wconf 89' lang='lat' dir='ltr'>ipse</span> <span class='ocrx_word' id='word_1_511' title='bbox 630 3319 696 3353; x_wconf 91' lang='lat' dir='ltr'>est</span> <span class='ocrx_word' id='word_1_512' title='bbox 722 3311 795 3385; x_wconf 74' lang='lat' dir='ltr'>qui</span> <span class='ocrx_word' id='word_1_513' title='bbox 825 3321 1011 3367; x_wconf 86' lang='lat' dir='ltr'>peccata</span> <span class='ocrx_word' id='word_1_514' title='bbox 1039 3311 1239 3364; x_wconf 88' lang='lat' dir='ltr'>remittit,</span> <span class='ocrx_word' id='word_1_515' title='bbox 1267 3311 1362 3387; x_wconf 86' lang='lat' dir='ltr'>ipse</span> <span class='ocrx_word' id='word_1_516' title='bbox 1380 3321 1445 3355; x_wconf 89' lang='lat' dir='ltr'>est</span> <span class='ocrx_word' id='word_1_517' title='bbox 1471 3325 1604 3355; x_wconf 88' lang='lat' dir='ltr'>verus</span> <span class='ocrx_word' id='word_1_518' title='bbox 1631 3311 1860 3365; x_wconf 87' lang='lat' dir='ltr'>sacerdos,</span> <span class='ocrx_word' id='word_1_519' title='bbox 1887 3312 1964 3371; x_wconf 90' lang='lat' dir='ltr'>qui</span> <span class='ocrx_word' id='word_1_520' title='bbox 1990 3325 2039 3356; x_wconf 89' lang='lat' dir='ltr'>se</span> <span class='ocrx_word' id='word_1_521' title='bbox 2061 3311 2118 3356; x_wconf 92' lang='lat' dir='ltr'>ob</span> <span class='ocrx_word' id='word_1_522' title='bbox 2120 3257 2278 3358; x_wconf 49' lang='grc' dir='ltr'>ἐῢ</span> 
     </span>
     <span class='ocr_line' id='line_1_48' title="bbox 271 3373 2229 3499; baseline 0.003 -83"><span class='ocrx_word' id='word_1_523' title='bbox 271 3373 315 3416; x_wconf 90' lang='lat' dir='ltr'>in</span> <span class='ocrx_word' id='word_1_524' title='bbox 352 3389 426 3419; x_wconf 86' lang='lat' dir='ltr'>ara</span> <span class='ocrx_word' id='word_1_525' title='bbox 456 3376 618 3430; x_wconf 88' lang='lat' dir='ltr'>crucis,</span> <span class='ocrx_word' id='word_1_526' title='bbox 646 3386 689 3420; x_wconf 94' lang='lat' dir='ltr'>et</span> <span class='ocrx_word' id='word_1_527' title='bbox 717 3377 842 3433; x_wconf 89' lang='lat' dir='ltr'>cujus</span> <span class='ocrx_word' id='word_1_528' title='bbox 869 3378 1031 3423; x_wconf 89' lang='lat' dir='ltr'>virtute</span> <span class='ocrx_word' id='word_1_529' title='bbox 1059 3391 1223 3436; x_wconf 91' lang='lat' dir='ltr'>corpus</span> <span class='ocrx_word' id='word_1_530' title='bbox 1251 3379 1346 3436; x_wconf 87' lang='lat' dir='ltr'>ejus</span> <span class='ocrx_word' id='word_1_531' title='bbox 1374 3379 1419 3421; x_wconf 90' lang='lat' dir='ltr'>in</span> <span class='ocrx_word' id='word_1_532' title='bbox 1453 3377 1583 3429; x_wconf 84' lang='lat' dir='ltr'>altari</span> <span class='ocrx_word' id='word_1_533' title='bbox 1609 3378 1811 3437; x_wconf 85' lang='lat' dir='ltr'>quotidie</span> <span class='ocrx_word' id='word_1_534' title='bbox 1837 3374 2229 3499; x_wconf 51' lang='lat' dir='ltr'>consecraturt</span> 
     </span>
     <span class='ocr_line' id='line_1_49' title="bbox 270 3434 2117 3518; baseline 0.004 -36"><span class='ocrx_word' id='word_1_535' title='bbox 270 3450 437 3494; x_wconf 88' lang='lat' dir='ltr'>tamen,</span> <span class='ocrx_word' id='word_1_536' title='bbox 463 3442 567 3499; x_wconf 89' lang='lat' dir='ltr'>quia</span> <span class='ocrx_word' id='word_1_537' title='bbox 595 3442 892 3518; x_wconf 83' lang='lat' dir='ltr'>corporaliter</span> <span class='ocrx_word' id='word_1_538' title='bbox 918 3457 1010 3487; x_wconf 90' lang='lat' dir='ltr'>non</span> <span class='ocrx_word' id='word_1_539' title='bbox 1039 3458 1143 3488; x_wconf 87' lang='lat' dir='ltr'>cum</span> <span class='ocrx_word' id='word_1_540' title='bbox 1172 3444 1382 3488; x_wconf 90' lang='lat' dir='ltr'>omnibus</span> <span class='ocrx_word' id='word_1_541' title='bbox 1414 3443 1621 3489; x_wconf 90' lang='lat' dir='ltr'>fidelibus</span> <span class='ocrx_word' id='word_1_542' title='bbox 1654 3434 2011 3504; x_wconf 84' lang='lat' dir='ltr'>praesentialiter</span> <span class='ocrx_word' id='word_1_543' title='bbox 2041 3458 2117 3490; x_wconf 79' lang='lat' dir='ltr'>ea</span> 
     </span>
     <span class='ocr_line' id='line_1_50' title="bbox 270 3501 2293 3572; baseline 0.003 -23"><span class='ocrx_word' id='word_1_544' title='bbox 270 3515 408 3559; x_wconf 89' lang='lat' dir='ltr'>turus,</span> <span class='ocrx_word' id='word_1_545' title='bbox 428 3507 564 3565; x_wconf 89' lang='lat' dir='ltr'>elegit</span> <span class='ocrx_word' id='word_1_546' title='bbox 582 3509 829 3563; x_wconf 88' lang='lat' dir='ltr'>ministros,</span> <span class='ocrx_word' id='word_1_547' title='bbox 844 3523 922 3568; x_wconf 90' lang='lat' dir='ltr'>per</span> <span class='ocrx_word' id='word_1_548' title='bbox 934 3523 1048 3568; x_wconf 90' lang='lat' dir='ltr'>quos</span> <span class='ocrx_word' id='word_1_549' title='bbox 1061 3510 1289 3567; x_wconf 89' lang='lat' dir='ltr'>praedicta</span> <span class='ocrx_word' id='word_1_550' title='bbox 1308 3509 1513 3555; x_wconf 89' lang='lat' dir='ltr'>fidelibus</span> <span class='ocrx_word' id='word_1_551' title='bbox 1530 3510 1825 3569; x_wconf 81' lang='lat' dir='ltr'>dispensaret,</span> <span class='ocrx_word' id='word_1_552' title='bbox 1841 3521 1891 3557; x_wconf 83' lang='lat' dir='ltr'>ut</span> <span class='ocrx_word' id='word_1_553' title='bbox 1905 3501 2293 3572; x_wconf 56' lang='grc' dir='ltr'>ωρτιζςηῴ)</span> 
     </span>
    </p>
   </div>
   <div class='ocr_carea' id='block_1_3' title="bbox 2258 3563 2290 3572">
    <p class='ocr_par' dir='ltr' id='par_1_3' title="bbox 2258 3563 2290 3572">
     <span class='ocr_line' id='line_1_51' title="bbox 2258 3563 2290 3572; baseline 0.063 -2"><span class='ocrx_word' id='word_1_554' title='bbox 2258 3563 2290 3572; x_wconf 42' lang='lat'>,,,,,</span> 
     </span>
    </p>
   </div>
   <div class='ocr_carea' id='block_1_4' title="bbox 271 3572 2294 3648">
    <p class='ocr_par' dir='ltr' id='par_1_4' title="bbox 271 3572 2294 3648">
     <span class='ocr_line' id='line_1_52' title="bbox 271 3572 2294 3648; baseline 0.004 -34"><span class='ocrx_word' id='word_1_555' title='bbox 271 3572 439 3616; x_wconf 86' lang='lat' dir='ltr'>dictum</span> <span class='ocrx_word' id='word_1_556' title='bbox 470 3585 549 3618; x_wconf 90' lang='lat' dir='ltr'>est.</span> <span class='ocrx_word' id='word_1_557' title='bbox 576 3574 749 3619; x_wconf 90' lang='lat' dir='ltr'>Eadem</span> <span class='ocrx_word' id='word_1_558' title='bbox 778 3575 914 3634; x_wconf 88' lang='lat' dir='ltr'>igitur</span> <span class='ocrx_word' id='word_1_559' title='bbox 945 3577 1134 3631; x_wconf 88' lang='lat' dir='ltr'>ratione,</span> <span class='ocrx_word' id='word_1_560' title='bbox 1168 3577 1273 3636; x_wconf 89' lang='lat' dir='ltr'>quia</span> <span class='ocrx_word' id='word_1_561' title='bbox 1299 3578 1601 3636; x_wconf 87' lang='lat' dir='ltr'>praesentiam</span> <span class='ocrx_word' id='word_1_562' title='bbox 1630 3577 1917 3637; x_wconf 75' lang='lat' dir='ltr'>corporalem</span> <span class='ocrx_word' id='word_1_563' title='bbox 1946 3587 2058 3627; x_wconf 75' lang='lat' dir='ltr'>em</span> <span class='ocrx_word' id='word_1_564' title='bbox 2069 3575 2294 3648; x_wconf 91' lang='grc'>88693</span> 
     </span>
    </p>
   </div>
   <div class='ocr_carea' id='block_1_5' title="bbox 2230 2397 2294 3445">
    <p class='ocr_par' dir='ltr' id='par_1_5' title="bbox 2230 2397 2294 3445">
     <span class='ocr_line' id='line_1_53' title="bbox 2230 2397 2294 2602; baseline 0 -124"><span class='ocrx_word' id='word_1_565' title='bbox 2230 2397 2294 2602; x_wconf 95' lang='lat' dir='ltr'>    </span> 
     </span>
     <span class='ocr_line' id='line_1_54' title="bbox 2231 2602 2294 2679; baseline 0 0"><span class='ocrx_word' id='word_1_566' title='bbox 2231 2602 2294 2679; x_wconf 95' lang='lat' dir='ltr'>   </span> 
     </span>
     <span class='ocr_line' id='line_1_55' title="bbox 2230 2679 2294 3072; baseline 0 -129"><span class='ocrx_word' id='word_1_567' title='bbox 2230 2679 2294 3072; x_wconf 95' lang='lat' dir='ltr'>      </span> 
     </span>
     <span class='ocr_line' id='line_1_56' title="bbox 2230 3072 2294 3445; baseline 0 0"><span class='ocrx_word' id='word_1_568' title='bbox 2230 3072 2294 3445; x_wconf 95' lang='lat' dir='ltr'>   </span> 
     </span>
    </p>
   </div>
  </div>
 </body>
</html>
