2294 3854
209 206 319 273 706
873 247 877 251 Α
898 218 1053 255 mmm
1092 218 1179 255 m,
1206 217 1345 255 cap„
1369 217 1460 256 xc.
1498 238 1502 250 ,.

207 320 302 363 niat
327 319 448 377 quod
473 328 623 376 potest
646 318 938 362 afflictionem
961 316 1140 360 inferre.
1167 316 1296 362 Nihil
1321 327 1478 361 autem
1508 317 1810 364 afflictionem
1829 319 2090 374 infernznisi
2109 323 2157 368 in

208 396 426 443 quantum
454 395 521 429 est
546 385 823 428 contrarium
848 382 1101 428 voluntati.
1116 383 1224 426 Non
1256 393 1325 428 est
1361 392 1514 429 autem
1554 385 1836 430 contrarium
1863 386 2078 434 naturali
2072 398 2162 436 sto-s

207 451 367 495 luntati
383 451 614 495 rationalis
630 458 816 494 naturae
842 449 976 507 quod
981 448 1210 526 spirituali
1234 449 1510 495 substantiae
1535 452 1867 511 coniungatur,
1877 453 1991 512 quin
2008 453 2162 517 ἰωῇ

206 519 296 562 hoc
324 528 391 563 est
422 517 687 562 delectabile
719 517 774 571 ei,
801 526 846 559 et
870 516 926 559 ad
953 517 1047 574 ejus
1059 514 1402 574 perfectionem
1428 517 1683 575 pertinens·
1716 527 1785 562 est
1806 519 1942 566 eninr
1972 522 2159 580 conjure

207 587 297 629 ctio
324 585 483 630 similis
511 585 565 628 ad
597 583 759 635 simile,
782 593 827 626 et
851 582 1143 641 intelligibilis
1176 583 1232 626 ad
1255 581 1565 638 intellectum;
1594 593 1703 629 nam
1729 585 1892 634 omnis
1906 586 2156 637 substantii

117 652 127 657 ‘
205 651 445 710 spiritualis
472 651 722 694 secundum
748 663 795 693 se
819 648 1115 707 intelligibilis
1146 658 1228 692 est.
1262 648 1343 693 Est
1366 659 1522 697 autem
1552 652 1832 698 contrarium
1859 653 2068 708 naturali
2058 661 2158 707 κο-

204 718 364 761 luntati
390 717 628 776 spiritualis
655 716 929 760 substantiae
961 725 1009 759 ut
1036 715 1216 774 corpori
1250 714 1478 770 subdatur,
1506 731 1531 760 a
1556 731 1647 776 quo
1671 718 1942 766 secundum
1939 720 2163 769 ordinem

204 799 310 828 suae
333 794 516 828 naturae
543 783 682 826 libera
709 797 805 826 esse
833 782 976 826 debet.
1004 782 1298 827 Conveniens
1320 783 1457 841 igitur
1478 793 1546 828 est
1565 794 1616 828 ut
1637 785 1885 829 substantia
1910 787 2154 850 spiritualis

202 865 281 910 per
312 849 567 908 corporalia
599 851 822 908 puniatur.

290 917 407 960 Hinc
434 917 570 959 etiam
600 924 782 974 apparet
803 915 940 973 quod,
963 915 1069 959 licet
1092 915 1374 974 corporalia,
1391 930 1508 975 quae
1526 917 1582 962 de
1604 918 1814 976 praemiis
1840 918 2115 965 beatorum‘
2103 935 2151 965 m

203 984 443 1042 Scripturis
483 982 707 1040 leguntur,
747 981 1037 1040 spiritualiter
1074 982 1412 1041 intelliguntur,
1436 983 1553 1027 sicut
1583 984 1756 1035 dictum
1781 995 1850 1029 est
1873 985 1930 1030 de
1965 988 2156 1046 promis-

200 1051 328 1094 sione
356 1050 563 1093 ciborum
590 1059 632 1092 et
659 1058 875 1107 potuum;
918 1048 1145 1107 quaeda-m
1170 1059 1326 1108 tamen
1357 1049 1616 1109 corporalia
1638 1065 1757 1110 quae
1791 1051 2021 1112 Scriptura
2052 1067 2153 1114 pec·

201 1118 404 1160 cantibus
442 1116 747 1160 comminatur
783 1116 829 1158 in
861 1129 1074 1173 poenam,
1116 1116 1412 1174 corporaliter
1453 1127 1556 1160 sunt
1586 1117 1896 1176 intelligenda,
1937 1128 1982 1164 et
2021 1121 2151 1180 quasi

199 1184 379 1242 proprie
406 1184 539 1226 dicta.
564 1183 671 1226 Non
697 1182 820 1226 enim
852 1192 921 1226 est
945 1182 1224 1226 conveniens
1245 1183 1367 1241 quod
1390 1194 1551 1227 natura
1577 1185 1784 1242 superior
1812 1197 1897 1244 per
1932 1193 2072 1241 usum
2089 1187 2156 1231 in·

199 1250 373 1294 ferioris
398 1249 685 1308 praemietur,
711 1249 790 1292 sed
817 1249 963 1307 magis
990 1262 1069 1307 per
1090 1249 1197 1293 hoc
1207 1249 1331 1308 quod
1358 1251 1580 1308 superiori
1621 1253 1955 1310 conjungitur-3
1973 1253 2157 1312 punitur

199 1326 363 1360 autem
377 1316 701 1360 convenienter
724 1325 886 1359 natura
911 1316 1118 1374 superior
1141 1330 1221 1375 per
1241 1316 1331 1361 hoc
1351 1317 1505 1375 quod
1514 1331 1620 1361 cum
1650 1317 1950 1363 inferioribus
1969 1319 2161 1380 deputa-2⁴

198 1394 283 1427 tur.
310 1383 438 1427 Nihil
462 1383 616 1427 t'amen
642 1383 853 1442 prohibet
879 1383 1105 1441 quaedam
1137 1384 1276 1427 etiarn
1308 1398 1425 1442 quae
1457 1384 1512 1427 de
1547 1384 1883 1432 damnatorum·
1902 1385 2066 1444 poenis
2086 1387 2158 1432 :Aia

201 1450 443 1509 Scripturis
471 1450 588 1493 dicta
624 1449 919 1508 corporaliter
949 1449 1174 1508 leguntur,
1207 1450 1497 1508 spiritualiter
1531 1451 1688 1510 accipi,
1715 1461 1760 1496 et
1783 1451 1908 1496 velut
1930 1465 2012 1511 per
2034 1453 2160 1499 simi«

196 1517 433 1561 litudinem
465 1516 607 1561 dicta:
635 1517 751 1561 sicut
774 1517 939 1563 dicitur
964 1517 1070 1574 (Isa.
1094 1516 1260 1569 '2LXVI
1298 1516 1415 1572 24.:)
1450 1518 1611 1562 Vermis
1641 1532 1785 1563 eorum
1810 1530 1909 1569 non
1914 1521 2150 1570 *Μηκέτινε

196 1594 345 1642 potest
370 1584 493 1628 enim
518 1597 597 1642 per
620 1597 826 1628 vermem
857 1583 1050 1642 intelligi
1092 1584 1397 1628 conscientiae
1439 1597 1682 1638 remorsus,
1724 1598 1827 1649 quo
1843 1582 2010 1637 etiam
2008 1586 2159 1645 mpii

195 1651 535 1709 torquebuntur.
568 1651 676 1695 Non
713 1650 836 1695 enim
856 1659 944 1697 est
984 1650 1196 1708 possibile
1228 1651 1361 1709 quod
1387 1663 1643 1708 corporeus
1671 1652 1840 1701 vermis
1865 1643 2160 1711 spiritualem

197 1717 411 1762 corrodat
435 1717 747 1770 substantiam,
777 1731 927 1775 neque
961 1718 1099 1761 etiam
1136 1731 1331 1775 corpora
1367 1717 1721 1771 damnatorum,
1736 1730 1874 1777 quae
1880 1718 2156 1785 ὶρεσιειιμιὶη
2198 1723 2204 1725 “

193 1784 300 1828 bilia
325 1794 468 1828 erunt
501 1783 668 1829 Fletus
680 1784 817 1830 etiarn
844 1793 889 1827 et
914 1784 1078 1828 stridor
1104 1784 1308 1831 dentium
1339 1784 1387 1828 in
1412 1784 1716 1842 spiritualibus
1751 1785 2040 1835 substantiis
2054 1799 2152 1851 non

196 1851 284 1895 nisi
308 1851 620 1908 metaphorice
645 1849 838 1908 intelligi
862 1859 1072 1908 possunt3
1098 1851 1308 1908 quamvis
1333 1851 1380 1894 in
1407 1851 1675 1909 corporibus
1697 1851 2034 1902 damnatorum
2030 1854 2153 1911 post

197 1918 576 1962 resurrectionem
601 1916 714 1963 nihil
742 1917 985 1975 prohibeat
1017 1916 1312 1974 corporaliter
1338 1931 1392 1962 ea
1417 1917 1635 1975 intelligi,
1659 1917 1721 1960 ita
1746 1926 1915 1968 tamen·
1924 1918 2160 1982 quodsaeper

192 1983 350 2029 fletum
382 1998 476 2028 non
501 1983 777 2042 intelligatur
806 1982 1102 2028 lacrimarum
1134 1983 1369 2036 deductio,
1389 1997 1494 2042 quia
1526 1984 1579 2029 ab
1607 1982 1696 2027 illis
1727 1983 2159 2043 corporibuffinullQ

191 2050 409 2095 resolutio
435 2050 533 2094 fieri
557 2059 725 2110 potest;
757 2050 835 2094 sed
853 2050 1014 2094 solum
1047 2049 1179 2095 dolor
1211 2050 1375 2103 cordis,
1414 2045 2153 2114 conturbatiooculoruina'etsa-

192 2117 309 2175 pitis,
336 2127 471 2177 prout
494 2117 541 2161 in
567 2117 744 2162 fletibus
770 2130 869 2162 esse
895 2116 1027 2161 solet.
1698 2141 1700 2143 >
1726 2143 1729 2146 >
1809 2143 1813 2146 -
1961 2143 1976 2150 .,
2125 2148 2127 2150 -

950 2271 1203 2327 CAPUT
1245 2271 1395 2328 Xc1
1676 2290 1708 2346 3
1937 2296 1939 2298 ,
2179 2303 2184 2306 ¹

329 2400 488 2445 QUOD
531 2398 737 2438 ANIMAE
777 2399 985 2437 STATIM
1022 2398 1162 2436 POST
1204 2397 1623 2437 SEPARATIONEM
1661 2398 1698 2435 A
1737 2394 2038 2438 CORPORE

571 2473 797 2512 POENAM
834 2473 940 2510 VEL
979 2473 1260 2511 PRAEMIUM
1292 2473 1758 2518 CONSEQUUNTUR·
2040 2476 2063 2489 ⁴⁴
2093 2475 2111 2483 '¹
2152 2478 2158 2484 ”

278 2584 342 2627 Ex
368 2583 439 2627 his
466 2593 618 2627 autem
661 2583 865 2640 achpere
897 2597 1140 2641 possumus
1166 2583 1289 2641 quod
1315 2583 1464 2627 statim
1493 2592 1596 2659 post
1621 2592 1819 2631 mortem
1849 2564 2146 2649 anamaejhof

190 2652 366 2694 minum
390 2650 613 2709 recipiunt
637 2664 719 2708 pro
747 2649 918 2694 meritis
943 2649 1017 2693 vel
1043 2663 1257 2707 poenam,
1282 2649 1357 2694 vel
1382 2651 1652 2708 praemium.
1679 2649 1796 2695 Sunt
1809 2649 1948 2699 euim·
1962 2646 2143 2702 animae

188 2727 393 2776 separate
418 2716 729 2774 susceptibiles
753 2730 1006 2775 poenarum
1030 2730 1122 2762 non
1148 2717 1300 2761 solum
1325 2716 1641 2775 spiritualium,
1666 2715 1758 2765 sed
1766 2716 1914 2767 etiam
1930 2729 2145 2776 conpocta-
2149 2734 2157 2760 ·.

187 2784 314 2836 lium,
340 2795 389 2827 ut
410 2794 644 2828 ostensum
670 2792 737 2828 est
757 2784 820 2840 (c.
846 2783 1032 2859 praec..)
1062 2784 1202 2836 Quod
1222 2793 1375 2828 autem
1397 2783 1486 2829 sint
1505 2782 1817 2877 susceptibiles
1830 2782 2040 2883 gloriae,-
2050 2797 2145 2834 mn·
2154 2810 2158 2817 ,

187 2849 400 2894 nifestum
432 2860 499 2894 est
530 2864 586 2894 ex
609 2850 681 2894 his
708 2863 824 2908 quae
853 2850 902 2894 in
934 2850 1068 2894 tertio
1095 2860 1200 2895 sunt
1229 2860 1434 2896 tractata.
1702 2881 1705 2884 ,
2013 2875 2043 2898 ‚.
2134 2864 2155 2896 ιε

275 2916 341 2960 Ex
366 2916 456 2960 hoc
483 2917 606 2960 enim
631 2916 753 2975 quod
774 2916 934 2960 anima
959 2926 1197 2976 separatur
1215 2928 1242 2960 a
1269 2931 1475 2975 corpore,
1500 2916 1551 2961 fit
1576 2931 1717 2976 capax
1731 2915 2156 2972 vismmsdrvmae‚f

189 2984 242 3026 ad
269 2997 406 3042 quam
432 2983 540 3027 dum
567 2993 684 3027 esset
710 2985 953 3041 conjuncta
981 2983 1260 3043 corruptibili
1287 2984 1470 3045 corpori
1494 2984 1729 3043 pervenire
1754 2996 1849 3031 non
1853 2993 2067 3047 poterat.
2082 2984 2157 3034 1&

186 3050 359 3094 visione
381 3061 533 3095 autem
556 3051 658 3104 Dei,
685 3049 845 3094 ultima
870 3050 1072 3095 hominis
1099 3051 1331 3096 beatitudo
1354 3051 1575 3106 consistit,
1597 3065 1712 3110 quae
1734 3061 1803 3097 est
1815 3051 2141 3110 &mutiaptae-

186 3119 344 3161 mium.
367 3117 504 3161 Nulla
531 3127 681 3162 autem
703 3118 818 3162 ratio
845 3127 964 3162 esset
984 3132 1122 3176 quare
1149 3117 1399 3163 differretur
1421 3132 1585 3176 poena,
1610 3127 1656 3162 et
1678 3110 1950 3177 praemium,
1970 3130 2139 3177 exzquo

187 3183 415 3242 utriusque
442 3185 594 3227 anima
625 3184 848 3242 particeps
882 3198 979 3228 esse
1015 3194 1177 3243 potest.
1213 3185 1378 3230 Statim
1416 3186 1553 3244 igitur
1585 3198 1693 3230 cum
1724 3177 2154 3246 animametiamura

186 3264 211 3292 a
236 3263 441 3307 corpore,
468 3251 722 3309 praemium
747 3250 821 3294 vel
847 3264 1044 3309 poenam
1069 3252 1231 3310 recipit
1255 3266 1337 3311 pro
1364 3251 1437 3297 his
1462 3265 1579 3310 quae
1609 3251 1657 3298 in
1677 3261 1878 3311 ,οοτροτβ
1894 3250 2055 3311 gesat.
2116 3273 2135 3293 s*

273 3317 459 3360 Adhuc:
486 3317 532 3361 in
558 3318 650 3362 vita
675 3319 760 3362 ista
787 3327 855 3362 est
880 3327 1022 3362 status
1049 3318 1268 3373 merendi,
1294 3318 1368 3363 vel
1391 3317 1679 3368 demerendit
1701 3318 2153 3376 undemompatamr

187 3382 387 3435 militiae,
409 3393 453 3428 et
474 3384 628 3428 diebus
655 3385 939 3438 mercenarii,
966 3394 1015 3428 ut
1036 3395 1159 3443 patet
1198 3385 1310 3444 (Job
1343 3384 1442 3430 V11.
1467 3386 1561 3442 v1.·)-:¹
1585 3386 1827 3439 Militiam
1845 3385 2152 3433 Μὸοιηώεὶεε

184 3457 306 3507 super
332 3455 513 3494 terram:
539 3457 575 3495 et
599 3452 706 3495 sicut
730 3453 981 3495 mercenarii
1006 3451 1087 3495 dies
1113 3455 1214 3510 ejus.
1243 3451 1333 3497 Sed
1365 3461 1469 3510 post
1503 3461 1671 3497 statum
1709 3450 1990 3506 mffitissesfft
2010 3450 2152 3509 hebo-⁷3

184 3528 278 3558 rem
311 3516 592 3570 mercenarii,
618 3517 769 3561 statim
797 3517 983 3563 debetur
1009 3519 1263 3576 praemium
1289 3518 1363 3563 vel
1389 3530 1552 3577 poena,
1574 3518 1689 3563 bene
1714 3518 1790 3568 vel
1807 3513 2134 3567 'maleventan-

184 3582 321 3627 tibus:
348 3583 466 3627 unde
492 3593 536 3627 et
567 3584 732 3642 (Levit.
764 3580 887 3628 XIX.
918 3585 1008 3643 13.)
1036 3584 1219 3629 dicitur:
1247 3585 1611 3635 Nonmorabitur
1643 3592 1755 3644 opus1
1781 3585 2040 3634 mummii
2064 3585 2149 3635 ,tui⁴v

1877 3716 1896 3720 ..
1918 3692 1955 3724 Χῖ
