2332 3854
805 229 961 269 LIBER
998 228 1053 268 11.
1096 227 1215 268 CAP.
1257 227 1402 267 XLVI.
1974 228 2075 283 179

66 325 94 398 s„
120 334 449 396 cognitionem,
474 334 591 379 sicut
614 331 865 379 similitudo
889 331 1008 392 ignis
1039 341 1107 378 est
1129 330 1179 379 in
1203 330 1302 377 visu
1323 330 1397 376 vel
1422 339 1560 376 tactu.
1586 330 1661 375 Ad
1683 331 1773 375 hoc
1799 330 1935 389 igitur
1953 331 2078 389 quod

69 401 99 428 ³
120 400 370 453 similitudo
394 399 485 445 Dei
509 398 705 460 perfecte
732 409 849 445 esset
879 399 926 444 in
952 400 1084 445 rebus
1116 399 1266 445 modis
1297 396 1601 458 possibilibus,
1627 397 1830 457 oportuit
1861 398 1982 456 quod
2017 398 2079 442 di-

76 463 97 523 f?
119 467 228 519 vina
248 467 428 513 bonitas
445 467 576 511 rebus
592 480 673 525 per
697 465 1042 511 similitudinem
1065 466 1498 520 communicaretur,
1518 478 1614 510 non
1630 464 1784 509 solum
1800 465 1848 508 in
1865 464 2073 518 essendo,

119 533 206 587 aad
219 533 359 581 etiam
373 533 422 578 in
444 531 783 592 cognoscendo.
807 531 1104 590 Cognoscere
1126 542 1280 578 autem
1302 532 1505 577 divinam
1524 531 1780 576 bonitatem
1800 529 1927 576 solus
1948 530 2077 575 intel-

118 599 263 651 lectus
287 610 449 660 potest.
478 598 697 659 Oportuit
719 598 857 656 igitur
882 613 981 643 esse
1007 609 1236 644 creaturas
1256 597 1600 644 intellectuales.

2 689 4 692 >
129 666 404 729 :ngdhuct
429 668 476 711 in
501 666 714 712 omnibus
739 664 952 711 decenter
978 665 1211 720 ordinatis,
1242 665 1463 710 habitudo
1489 664 1799 710 secundorum
1825 663 1882 708 ad
1915 662 2079 709 ultima

118 728 322 790 matur
344 733 658 779 habitudinem
684 732 817 792 primi
854 732 910 776 ad
947 732 1103 776 omnia
1138 732 1339 777 secunda
1375 742 1419 776 et
1459 731 1634 787 ultima,
1669 730 1777 777 licet
1802 730 2078 791 quandoque

67 799 93 851 ζῙῘ
114 800 395 851 deficienter.
428 800 678 845 Ostensum
716 807 782 843 est
809 807 962 843 autem
989 799 1108 856 (Lib.
1134 799 1168 842 1.
1197 813 1233 845 c.
1264 811 1333 856 25.
1366 812 1431 856 51.
1449 808 1494 843 et
1526 802 1615 856 54.)
1641 798 1764 858 quod
1789 798 1916 843 Deus
1948 797 1995 842 in
2028 811 2078 842 se

121 878 284 926 amnes
315 876 543 912 creaturas
575 865 936 924 comprehendit,
969 875 1014 910 et
1044 865 1133 909 hoc
1166 875 1528 924 repraesentatur
1552 866 1599 909 in
1626 861 1939 924 corporalibus
1961 877 2080 909 crea-

116 934 246 990 uris,
266 933 374 980 licet
397 948 478 993 per
510 932 649 977 alium
682 931 898 986 modum3
924 945 1105 990 semper
1131 932 1256 977 enim
1279 932 1505 977 invenitur
1530 932 1734 991 superius
1762 946 1928 990 corpus
1956 945 2081 975 com·

58 1013 85 1062 2„
115 1000 404 1067 ‘prehendens
430 1010 476 1045 et
501 999 738 1044 continens
764 997 966 1052 inferius,
988 1008 1143 1043 tamen
1165 998 1418 1044 secundum
1444 999 1757 1044 extensionem
1789 997 2078 1058 quantitatis3

120 1081 263 1137 guum
287 1067 415 1114 Deus
447 1081 608 1112 omnes
647 1076 874 1112 creaturas
900 1065 1096 1124 simplici
1137 1066 1293 1120 modo,
1321 1076 1365 1110 et
1389 1079 1483 1110 non
1510 1066 1770 1125 quantitatis
1802 1064 2082 1119 extensione,

122 1135 367 1187 contineat.
404 1134 470 1180 Ut
507 1133 658 1193 igitur,
692 1147 777 1178 nec
809 1133 856 1177 in
882 1133 972 1178 hoc
1006 1133 1148 1177 modo
1191 1133 1468 1187 continendi,
1504 1133 1594 1177 Dei
1634 1132 1829 1180 imitatio
1866 1131 2082 1178 creaturis

75 1216 99 1234 ῑ«
120 1200 317 1264 (flesset,
335 1201 484 1247 factae
509 1211 613 1246 sunt
636 1210 871 1249 ,creaturae
896 1199 1226 1246 intellectuales
1253 1214 1368 1259 quae
1395 1210 1621 1245 creaturas
1647 1199 1909 1260 corporales
1943 1197 2084 1244 conti·

77 1264 295 1330 Ῐῗᾞξῐωῐ,
324 1282 421 1314 non
442 1268 706 1314 extensione
728 1267 1004 1326 quantitatis,
1022 1266 1101 1312 sed
1118 1266 1383 1325 simpliciter
1408 1281 1488 1327 per
1505 1267 1695 1312 modurn
1716 1266 2051 1326 intelligibilem
2068 1281 2082 1320 ;

62 1331 236 1401 ᾦα
255 1335 378 1396 quod
403 1334 670 1394 intelligitur
695 1344 763 1380 est
784 1334 830 1379 in
851 1333 1146 1393 intelligente,
1170 1344 1215 1379 et
1235 1335 1331 1392 ejus
1353 1332 1650 1380 intellectuali
1676 1334 1942 1394 operatione
1959 1347 2084 1380 com·

130 1492 179 1522 ,ὁ
227 1512 230 1517 <
247 1495 251 1501 '

15 1582 22 1637 z
74 1610 78 1620 a
126 1558 150 1653 ζ
837 1577 1094 1635 CAPUT
1134 1578 1363 1635 XLVII.

293 1713 453 1763 Quon
494 1714 867 1755 sUBsTAN‘mAE
907 1714 1395 1755 INTELLECTUALES
1438 1714 1561 1755 smT
1600 1714 1908 1754 VOLENTES.

716 1818 778 1876 (Ι.
798 1824 915 1878 part.
946 1825 1100 1877 quaest.
1132 1818 1247 1863 LIX.
1280 1824 1362 1863 art.
1395 1818 1468 1876 L).

6 1960 16 1966 η-
69 1974 106 1997 ἓ
126 1972 139 1978 η
212 1930 308 1978 Has
335 1939 488 1976 autem
512 1929 784 1975 substantias
800 1928 1129 1975 intellectuales
1150 1943 1338 1974 necesse
1360 1939 1428 1975 est
1454 1943 1552 1974 esse
1574 1928 1796 1974 volentes.
1814 1929 1939 1974 Inest
1956 1929 2080 1974 enim

99 2034 101 2051 2
124 1998 336 2058 §mnibus
362 1997 585 2057 appetitus
609 1997 734 2051 boni,
761 2011 868 2040 curn
892 1997 1067 2040 bonum
1085 1998 1142 2041 sit
1166 1996 1289 2056 quod
1307 1997 1464 2041 omnia
1491 2006 1720 2056 appetunt,
1741 2006 1791 2040 ut
1815 1995 2081 2055 philosophi

76 2062 295 2133 {gprimo
321 2063 467 2110 Ethic.
495 2078 534 2108 c.
561 2065 619 2122 1.)
645 2064 849 2109 tradunt:
867 2063 1132 2122 hujusmodi
1159 2073 1311 2108 autem
1340 2064 1562 2123 appetitus
1588 2063 1635 2107 in
1656 2063 1728 2108 his
1756 2063 1938 2122 quidem
1967 2077 2084 2123 quae

82 2125 386 2199 Ϊῄῥςιιὶῖὶοηε
406 2140 576 2186 carent,
602 2131 764 2176 dicitur
788 2131 1005 2176 naturalis
1034 2131 1274 2190 appetitus,
1291 2131 1408 2175 sicut
1434 2131 1610 2184 dicitur,
1629 2131 1751 2190 quod
1779 2130 1892 2189 lapis
1916 2130 2087 2190 appetit

82 2196 224 2257 *esse
253 2199 496 2254 deorsum;
527 2198 575 2242 in
611 2198 681 2243 his
719 2208 869 2243 autem
905 2213 1022 2257 quae
1059 2198 1375 2256 cognitionem
1407 2198 1671 2243 sensitivam
1713 2197 1896 2251 habent,
1923 2196 2086 2241 dicitur

124 2265 346 2339 ngpetttus
372 2265 596 2320 animalis,
632 2266 710 2324 qui
748 2265 960 2310 dividitur
990 2265 1037 2309 in
1065 2264 1487 2324 concupiscibilem,
1521 2275 1565 2310 et
1595 2264 1899 2320 irascibilem3
1932 2264 1979 2308 in
2010 2263 2082 2308 his

165 2361 183 2370 -
202 2343 233 2379 ο
265 2346 381 2393 quae
405 2331 679 2392 intelligunt,
705 2333 868 2377 dicitur
895 2332 1116 2392 appetitus
1149 2331 1485 2386 intellectualis,
1512 2346 1593 2377 seu
1625 2330 1875 2386 rationalis,
1908 2331 1984 2391 qui
2017 2341 2086 2376 est

264 2407 347 2445 tas.
375 2398 661 2444 Substantiae
687 2399 822 2457 igitur
847 2397 1176 2443 intellectuales
1205 2408 1382 2443 creatae
1408 2398 1580 2443 habent
1603 2397 1903 2443 voluntatem.

212 2465 402 2511 Adhuc:
428 2464 474 2510 id
500 2465 623 2526 quod
650 2474 718 2510 est
742 2479 822 2524 per
849 2464 986 2520 aliud,
1018 2465 1247 2510 reducitur
1267 2465 1314 2509 in
1347 2465 1391 2509 id
1420 2465 1543 2525 quod
1576 2475 1644 2510 est
1674 2480 1755 2525 per
1780 2480 1827 2510 se
1865 2475 2083 2524 tanquam

225 2532 342 2579 rius:
366 2533 485 2578 unde
511 2542 557 2578 et
581 2533 832 2577 secundum
858 2532 1195 2594 Philosophum
1222 2534 1269 2577 in
1288 2542 1452 2577 octavo
1479 2533 1618 2592 Phys.
1639 2534 1690 2590 (t.
1715 2547 1752 2577 c.
1781 2547 1847 2592 33.
1869 2542 1913 2577 et
1933 2533 2086 2587 infra),

286 2600 340 2650 ab
383 2599 473 2645 alio
515 2599 792 2659 reducuntur
833 2599 879 2644 in
919 2599 1069 2660 prima
1095 2599 1329 2644 moventia
1364 2601 1533 2659 seipsa:
1562 2601 1607 2643 in
1635 2599 1914 2659 syllogismis
1948 2600 2085 2643 etiam

243 2666 458 2723 lusiones,
484 2681 601 2727 quae
627 2676 731 2712 sunt
760 2676 898 2711 notae
924 2681 980 2711 ex
1007 2666 1121 2720 aliis,
1147 2666 1424 2710 reducuntur
1449 2666 1496 2710 in
1522 2666 1669 2725 prima
1696 2666 1931 2725 principia,
1965 2680 2083 2725 quae

254 2744 364 2779 nota
389 2748 469 2793 per
494 2734 656 2793 seipsa.
679 2732 974 2778 Inveniuntur
992 2743 1145 2778 autern
1170 2733 1216 2776 in
1234 2732 1494 2777 substantiis
1521 2733 1682 2776 creatis
1709 2733 1933 2791 quaedam
1968 2746 2084 2791 quae

247 2810 387 2861 agunt
417 2800 565 2860 seipsa
597 2800 652 2844 ad
690 2800 988 2860 operandum,
1015 2799 1093 2844 sed
1125 2809 1319 2859 aguntur
1354 2799 1400 2842 vi
1432 2810 1638 2853 naturae,
1671 2799 1786 2844 sicut
1821 2799 2087 2854 inanimata,

165 2924 168 2927 Ι
234 2876 323 2923 tae,
349 2876 395 2912 et
415 2866 629 2912 animalia
660 2867 803 2911 bruta.
831 2866 938 2911 Non
965 2866 1088 2911 enim
1117 2876 1183 2911 est
1208 2866 1255 2910 in
1287 2866 1350 2910 eis
1380 2880 1529 2925 agere,
1549 2876 1593 2911 et
1609 2880 1701 2910 non
1722 2880 1870 2924 agere.
1890 2866 2087 2924 Oportet

179 2928 188 2994 J
242 2946 265 2980 r
297 2933 419 2994 quod
451 2933 531 2979 fiat
557 2933 762 2979 reductio
801 2933 854 2977 ad
893 2933 981 2978 alia
1006 2933 1168 2992 prima,
1202 2947 1317 2992 quae
1344 2933 1493 2992 seipsa
1525 2943 1662 2992 agant
1698 2934 1753 2977 ad
1788 2933 2085 2992 operandum.

129 2989 283 3050 Prima
308 3010 461 3047 autem
492 3001 539 3045 in
565 3000 697 3046 rebus
725 3000 885 3045 creatis
904 3010 1007 3045 sunt
1025 3000 1302 3045 substantiae
1323 2998 1668 3054 intellectuales,
1686 3009 1734 3044 ut
1756 3014 1889 3059 supra
1913 3001 1973 3058 (c.
1990 2997 2086 3058 46.)

131 3064 365 3126 nemum
390 3077 470 3113 est.
498 3066 596 3112 Hae
623 3067 760 3126 igitur
785 3067 1061 3112 substantiae
1087 3080 1135 3111 se
1163 3076 1303 3125 agunt
1321 3066 1375 3110 ad
1394 3067 1690 3125 operandum.
1720 3067 1822 3111 Hoc
1845 3076 1999 3111 autem
2017 3078 2087 3112 est

128 3135 363 3247 gom-*ium
379 3134 640 3190 voluntatiS,
665 3149 746 3195 per
771 3150 908 3195 quam
935 3135 1183 3180 substantia
1213 3133 1363 3193 aliqua
1387 3143 1455 3178 est
1476 3134 1663 3178 domina
1682 3135 1750 3178 sui
1769 3143 1911 3188 actus,
1928 3143 2087 3193 utpote

201 3201 297 3263 ipsa
320 3202 539 3247 exsistens
562 3215 696 3261 agere
718 3212 761 3246 et
783 3216 876 3248 non
904 3216 1051 3261 agere.
1081 3201 1367 3246 Substantiae
1391 3202 1525 3259 igitur
1550 3199 1882 3246 intellectuales
1906 3210 2088 3246 creatae

131 3265 300 3321 habent
322 3268 621 3313 voluntatem.

219 3333 455 3395 Amplius:
483 3335 757 3395 principium
789 3334 1027 3394 cujuslibet
1053 3334 1330 3395 operationis
1363 3344 1432 3379 est
1462 3333 1611 3378 forma
1642 3347 1723 3392 per
1748 3348 1887 3393 quam
1914 3334 2086 3395 aliquid

98 3412 113 3435 :⁷
133 3404 344 3456 'en-actu,
376 3415 481 3446 cum
506 3415 647 3447 omne
674 3415 814 3460 agens
841 3412 947 3460 agat
972 3403 1018 3446 in
1056 3410 1277 3460 quantum
1313 3410 1382 3446 est
1419 3410 1536 3445 actu.
1567 3400 1766 3459 Oportet
1795 3401 1932 3460 igitur
1962 3402 2087 3461 quod

132 3467 384 3515 iocundum
401 3467 592 3513 modum
609 3466 784 3513 formae
801 3468 858 3513 sit
874 3469 1037 3513 modus
1056 3467 1334 3527 operationis
1352 3467 1671 3526 consequentis
1687 3465 1900 3512 formam.
1919 3469 2087 3514 Forma

99 3536 111 3563 f
133 3531 406 3595 igiturque
427 3548 522 3579 non
543 3543 611 3580 est
621 3534 676 3578 ab
689 3534 789 3593 ipso
802 3544 963 3594 agente
976 3549 1056 3595 per
1071 3534 1284 3588 formam,
1298 3544 1454 3578 causat
1466 3534 1783 3593 operationem
1796 3535 1922 3594 cujus
1940 3550 2081 3595 agens

136 3600 572 3656 m.est,dominus;
598 3600 637 3646 si
657 3614 745 3660 qua
766 3614 877 3647 vero
898 3601 1031 3647 fuerit
1046 3600 1195 3647 forma
1213 3614 1328 3660 quae
1350 3601 1407 3646 sit
1424 3600 1477 3645 ab
1501 3614 1556 3645 eo
1573 3601 1653 3661 qui
1669 3615 1748 3661 per
1763 3601 1912 3662 ipsam
1930 3617 2087 3662 opera-

41 3741 45 3747 .-
35 3697 46 3703 l
44 3668 46 3673 ,

52 3731 94 3854 &uia-*f
55 3611 82 3638 a
54 3579 79 3602 «ετ
46 3539 79 3570 «ιὲ
78 3515 82 3520 ,
83 3495 84 3498 „
