2332 3854
788 210 943 258 mnan
980 210 1057 251 111.
1098 211 1219 254 CAP.
1259 210 1426 256 xevn.
1972 212 2038 270 43
2047 211 2075 270 5

844 405 1098 462 CAPUT
1131 405 1365 462 XCVII.
1400 393 1411 406 ⁸

254 541 539 591 QUOMODO
579 541 895 582 DISPOSITIO
935 541 1345 582 PROVIDENTIAE
1386 541 1605 581 HABEAT
1643 540 1947 581 RA'rloNBM.

148 674 150 676 ’
218 653 284 699 Ex
308 653 380 699 his
407 662 559 699 autem
584 663 700 712 quae
727 652 974 710 praemissa
1000 646 1117 704 sunt,
1140 650 1378 695 manifeste
1402 649 1542 695 videri
1571 658 1724 708 potest,
1745 648 1866 708 quod
1889 662 1943 694 ea
1965 663 2082 708 quae

128 731 232 765 sunt
277 734 358 779 per
396 719 599 765 divinam
638 716 972 778 providentiam
1014 717 1272 774 dispensata
1312 726 1560 776 sequuntur
1602 716 1801 775 aliquam
1841 716 2080 766 rationem.

130 787 382 833 Ostensum
418 796 486 831 est
516 785 638 830 enim
666 786 727 841 (c.
761 783 855 844 91.)
881 784 1002 842 quod
1035 784 1159 828 Deus
1188 797 1266 842 per
1298 798 1428 828 suam
1460 783 1791 843 providentiam
1823 783 1981 828 omnia
2016 797 2084 829 or·

128 853 254 899 dinat
282 853 331 897 in
355 852 555 896 divinam
581 851 831 897 bonitatem
857 850 974 895 sicut
998 850 1044 894 in
1070 849 1233 904 finem;
1256 865 1348 895 non
1372 860 1523 895 autem
1550 851 1639 895 hoc
1667 850 1809 899 modo
1830 850 1952 910 quod
1975 865 2084 902 suaa

55 1028 60 1035 ,
127 995 348 1046 quantum
373 984 586 1044 possibile
612 994 696 1038 est,
728 984 1015 1042 imprimatur
1035 983 1082 1026 in
1104 984 1251 1027 rebus.
1278 983 1402 1035 Quia
1423 997 1534 1028 vero
1557 997 1746 1029 omnem
1768 994 1968 1034 creatam
1985 974 2090 1033 sub-

127 1053 340 1100 stantiam
373 1060 399 1099 a
431 1051 707 1111 perfectione
739 1050 918 1095 divinae
957 1050 1171 1094 bonitatis
1209 1049 1402 1094 deficere
1434 1064 1620 1095 necesse
1652 1060 1733 1104 est,
1765 1060 1812 1095 ut
1844 1050 2085 1109 perfectius

128 1118 535 1167 divinaetbonitatis
555 1117 802 1163 similitudo
820 1117 951 1162 rebus
978 1118 1409 1171 communicaretur,
1427 1118 1629 1176 oportuit
1654 1131 1751 1165 esse
1776 1117 2085 1167 diversitatem

126 1186 177 1231 in.
199 1185 348 1240 rebus,
363 1194 415 1233 ut
437 1184 559 1244 quod
584 1183 782 1247 perfecte
809 1184 863 1228 ab
882 1197 975 1227 uno
993 1183 1146 1242 aliquo
1172 1185 1499 1242 repraesentari
1520 1197 1614 1228 non
1632 1193 1796 1242 potest,
1813 1198 1893 1243 per
1909 1176 2096 1234 diversa⁴

125 1252 430 1301 diversimode
460 1251 719 1311 perfectiori
751 1251 893 1296 modo
925 1257 1362 1310 repraesentaretur:
1394 1265 1501 1299 nam
1536 1261 1580 1296 et
1610 1251 1755 1297 homo
1781 1265 1885 1300 cum
1919 1251 2086 1302 ment-is

127 1327 402 1379 cnneepnun
428 1333 521 1365 uno
553 1318 704 1364 vocali
729 1318 868 1363 verbo
900 1317 1025 1363 videt
1048 1317 1322 1364 sufficienter
1348 1318 1539 1377 exprimi
1559 1331 1654 1362 non
1686 1332 1837 1377 posse,
1863 1319 2002 1368 verba
2024 1318 2090 1364 di

124 1385 384 1433 vudmode
413 1383 685 1444 multiplicat
716 1385 772 1431 ad
798 1384 1144 1444 exprimendam
1177 1399 1257 1443 per
1283 1384 1460 1432 diversa
1492 1398 1602 1430 suae
1634 1385 1801 1432 mentis
1828 1385 2089 1445 conceptio-

125 1467 249 1499 nem.
269 1452 361 1498 Et·
350 1466 397 1498 m
418 1453 509 1498 hoc
528 1452 666 1499 etiam
689 1452 866 1497 divinae
892 1450 1183 1509 perfectionis
1210 1451 1457 1498 eminentia
1475 1451 1753 1496 considerari
1773 1461 1937 1511 potest,
1963 1452 2088 1512 quod

126 1519 327 1580 perfecta
355 1519 551 1573 bonitas,
581 1533 698 1578 quae
719 1519 766 1564 in
791 1519 900 1563 vDeo
934 1528 1001 1563 est
1026 1518 1149 1562 unite
1181 1528 1227 1564 et
1253 1517 1568 1577 simpliciter,
1555 1533 1603 1562 m
1632 1519 1849 1565 creaturis
1868 1532 1969 1564 esse
1990 1533 2085 1563 non

127 1597 278 1647 potest
305 1587 396 1632 nisi
428 1586 681 1632 secundum
713 1585 905 1630 modurn
937 1586 1181 1638 diversum,
1214 1595 1260 1630 et
1294 1598 1374 1643 per
1400 1584 1542 1644 plura.
1575 1585 1666 1630 Res
1699 1595 1853 1632 autem
1884 1598 1964 1644 per
1993 1585 2084 1631 hoc

127 1654 334 1700 diversae
348 1663 468 1707 sunt,
483 1652 607 1712 quod
631 1651 802 1696 formas
829 1652 999 1696 habent
1025 1651 1239 1706 diversas,
1268 1666 1293 1695 a
1320 1652 1481 1710 quibus
1502 1652 1702 1710 speciem
1725 1652 1986 1699 sortiuntur.
2010 1651 2086 1698 Sic

127 1721 266 1780 igitur
290 1734 346 1765 ex
370 1719 458 1764 fine
490 1719 683 1763 sumitur
707 1720 824 1763 ratio
856 1718 1123 1764 diversitatis
1149 1717 1403 1764 formarum
1435 1719 1480 1762 in
1506 1719 1652 1763 rebus.

216 1785 282 1831 Ex
307 1786 563 1830 diversitate
596 1795 747 1829 autem
781 1784 1033 1828 formarum
1065 1785 1257 1829 sumitur
1288 1785 1404 1830 ratio
1432 1785 1601 1830 ordinis
1623 1799 1788 1830 rerum.
1816 1786 1939 1831 Cum
1964 1786 2087 1831 enim

126 1853 279 1899 forma
307 1855 373 1899 sit
396 1852 647 1899 secundum
674 1866 813 1911 quam·
844 1866 916 1896 res
947 1851 1084 1896 habet
1116 1865 1237 1896 esse:
1273 1866 1342 1896 res
1375 1861 1528 1898 autern
1561 1851 1803 1911 quaelibet,
1835 1853 2087 1899 secundum

127 1921 251 1979 quod
275 1920 415 1965 hahet
444 1933 559 1973 esse,
592 1918 779 1964 accedat
814 1918 871 1965 ad
902 1917 1247 1964 similitudinem
1282 1918 1384 1972 Dei,
1418 1919 1496 1977 qui
1532 1929 1600 1963 est
1635 1919 1786 1978 ipsum
1822 1934 1958 1964 suum
1989 1934 2088 1965 esse

126 1986 344 2046 simplem
368 2000 556 2031 necesse
582 1996 650 2031 est
681 1985 803 2044 quod
833 1984 983 2029 forma
1014 1984 1129 2029 nihil
1154 1985 1211 2029 sit
1237 1983 1358 2040 aliud
1375 1999 1513 2044 quarn
1541 1985 1694 2030 divina
1720 1986 1971 2032 similitudo
1992 2001 2090 2046 par-

127 2054 310 2113 ticipata
327 2054 375 2099 in
398 2053 546 2098 rebus.
577 2051 711 2098 Unde
739 2051 1061 2097 convenienter
1077 2051 1346 2096 Aristoteles
1372 2052 1418 2095 in
1437 2052 1584 2110 primo
1612 2052 1794 2111 Physic.
1823 2054 1875 2109 (t.
1909 2067 1948 2098 c.
1977 2053 2086 2110 δι),

129 2121 187 2166 de
205 2119 356 2165 forma
379 2119 587 2179 loquenS,
613 2118 721 2163 dicit
747 2118 868 2177 quod
893 2128 961 2162 est
981 2118 1186 2162 divinum
1213 2118 1459 2176 quoddam,
1478 2128 1521 2163 et
1544 2119 1798 2177 appetibile.
1823 2119 2086 2167 Similitudo

130 2197 283 2233 autem
310 2186 364 2230 ad
390 2200 533 2231 unum
558 2184 751 2243 simplex
779 2185 1078 2242 considerata,
1105 2184 1400 2230 diversificari
1423 2199 1517 2230 non
1543 2195 1694 2244 potest
1717 2186 1806 2231 nisi
1832 2187 2084 2232 secundum

128 2253 254 2316 quod
277 2253 427 2311 magis
456 2252 532 2299 vel
552 2252 703 2297 minus
729 2250 979 2296 similitudo
1006 2261 1073 2295 est
1098 2252 1368 2310 propinqua,
1394 2251 1466 2295 vel
1493 2262 1684 2299 remota.
1713 2252 1902 2305 Quanto
1934 2263 2088 2300 autem

124 2319 298 2381 aliquid
323 2319 619 2379 propinquius
641 2318 698 2363 ad
723 2318 926 2363 divinam
944 2317 1289 2364 similitudinem
1309 2319 1498 2372 accedit,
1525 2318 1767 2378 perfectius
1794 2330 1881 2366 est:
1905 2320 2026 2365 unde
2041 2321 2090 2365 in

128 2382 289 2434 fonnis
310 2385 561 2433 differentia
585 2398 684 2431 esse
710 2399 804 2432 non
822 2395 971 2445 potest
994 2385 1082 2429 nisi
1108 2385 1359 2430 secundum
1384 2386 1506 2444 quod
1532 2400 1623 2431 una
1648 2385 1891 2445 perfectior
1917 2387 2090 2432 exsistit

127 2461 269 2514 quam
299 2452 411 2499 alia:
443 2460 626 2512 propter
656 2452 780 2511 quod
811 2451 1081 2500 Aristoteles
1120 2453 1168 2496 in
1202 2462 1368 2496 octavo
1398 2453 1602 2512 Metaph.
1636 2454 1688 2510 (t.
1730 2467 1768 2498 c.
1811 2453 1900 2511 ιο.)
1934 2453 2093 2499 diffini·

127 2521 292 2575 tione8‚
323 2533 403 2580 per
433 2533 544 2579 quas
583 2528 744 2564 natura
785 2532 938 2563 rerum
969 2527 1015 2563 et
1045 2518 1221 2563 formae
1252 2518 1576 2577 significantur,
1615 2519 1835 2565 assimilat
1867 2521 2088 2574 numeris,

126 2588 178 2638 in
207 2587 368 2648 quibus
393 2587 567 2646 species
591 2586 790 2632 variatur
820 2599 901 2644 per
933 2585 1211 2630 additionem
1242 2585 1316 2630 vel
1342 2586 1700 2631 subtractionem
1734 2587 1938 2641 unitatis,
1963 2597 2013 2632 ut
2036 2602 2091 2632 ex

129 2655 221 2700 hoc
252 2654 382 2699 detur
410 2652 605 2712 intelligi
625 2653 747 2711 quod
772 2651 1025 2697 formarum
1051 2651 1285 2696 diversitas
1318 2652 1548 2697 diversum
1582 2654 1774 2712 gradum
1799 2654 2092 2712 perfectionis

130 2720 328 2780 requirit.
359 2719 415 2764 Et
446 2720 535 2764 hoc
562 2719 793 2764 evidenter
826 2727 1011 2777 apparet
1034 2729 1217 2765 naturas
1244 2733 1397 2763 rerum
1424 2719 1688 2778 speculanti.
1723 2721 1929 2770 Inveniet
1950 2721 2093 2775 enim,

130 2787 170 2832 si
200 2786 300 2846 quis
330 2785 568 2844 diligenter
601 2785 871 2838 consideret,
915 2785 1138 2843 gradatim
1174 2799 1326 2829 rerum
1359 2785 1665 2830 diversitatem
1699 2786 1945 2846 compleri3
1981 2801 2091 2832 nam

131 2867 266 2913 supra
296 2852 545 2899 inanimata
577 2865 770 2910 corpora
816 2851 1016 2896 inveniet
1046 2851 1239 2910 plantas,
1272 2862 1316 2896 et
1352 2865 1487 2910 super
1516 2852 1599 2896 has
1641 2853 1966 2898 irrationabilia
2001 2854 2093 2899 ani-

131 2919 357 2975 malia,‚et
382 2932 516 2978 super
537 2917 652 2964 haec
679 2916 1008 2962 intellectuales
1041 2918 1326 2971 substantias,
1350 2919 1461 2963 etin
1487 2918 1677 2977 singulis
1703 2919 1871 2965 horum
1891 2920 2093 2968 inveniet

133 2985 459 3040 diversitatem,
480 2984 732 3029 secundum
759 2983 881 3043 quod
908 2984 1135 3043 quaedam
1161 2994 1264 3028 sunt
1291 2984 1389 3028 aliis
1405 2984 1689 3044 perfectiora,
1706 2985 1753 3029 in
1773 2996 1950 3031 tantum
1969 2987 2092 3046 quod
2113 2983 2125 2993 '

134 3068 190 3100 ea
204 3068 322 3113 quae
353 3062 458 3098 sunt
483 3065 695 3111 suprema
720 3051 944 3096 inferioris
967 3051 1143 3110 generis
1169 3051 1378 3096 videntur
1403 3052 1655 3111 propinqua
1682 3053 1903 3111 superiori
1924 3052 2093 3112 generi,

134 3131 178 3166 et
203 3134 228 3164 e
251 3133 489 3172 converso,
511 3119 628 3163 sicut
653 3117 867 3162 animalia
892 3117 1148 3161 immobilia
1171 3127 1272 3161 sunt
1296 3117 1462 3163 similia
1493 3117 1672 3177 plantis.
1700 3118 1835 3164 Unde
1857 3129 1901 3164 et
1920 3119 2095 3179 Diony-

129 3187 223 3233 sius
249 3185 503 3242 dicitLVII.
531 3199 629 3243 cap.
656 3185 728 3228 De
755 3184 892 3229 divin.
918 3185 1116 3240 nomin.)
1141 3184 1261 3242 quod
1289 3184 1440 3228 divina
1465 3185 1697 3243 Sapientia
1725 3186 1961 3244 conjungit
1977 3185 2090 3230 fines

130 3254 386 3314 primorum
410 3251 640 3311 principiis
673 3250 996 3295 secundorum.
1028 3251 1162 3295 Unde
1195 3261 1317 3309 patet
1348 3252 1470 3310 quod
1498 3266 1651 3296 rerum
1682 3251 1918 3297 diversitas
1951 3252 2091 3310 exigit

130 3321 255 3380 quod
279 3333 376 3364 non
408 3319 498 3363 sint
522 3317 679 3362 omnia
704 3316 928 3376 aequalia,
954 3317 1031 3362 sed
1064 3318 1120 3361 sit
1152 3318 1264 3361 ordo
1298 3318 1343 3362 in
1377 3318 1510 3362 rebus
1536 3328 1581 3363 et
1612 3318 1792 3376 gradus.

220 3386 287 3433 Ex
311 3385 569 3431 diversitate
596 3393 752 3429 autem
776 3382 1043 3437 formarum,
1070 3385 1321 3429 secundum
1353 3398 1464 3443 quas
1496 3398 1647 3429 rerum
1680 3384 1856 3444 species
1882 3385 2094 3431 diversifi-

132 3462 306 3507 cantur,
331 3452 535 3511 sequitur
560 3462 603 3496 et
635 3450 957 3509 operationum
988 3450 1255 3496 differentia.
1284 3450 1407 3496 Cum
1438 3451 1562 3495 enirn
1596 3452 1954 3511 unumquodque
1987 3463 2095 3512 agat

132 3519 383 3565 secundum
410 3517 534 3577 quod
559 3527 628 3562 est
651 3526 781 3571 actu3
805 3530 921 3576 quae
938 3517 1061 3562 enim
1083 3527 1187 3562 sunt
1207 3517 1255 3561 in
1271 3518 1487 3578 potentia,
1513 3517 1765 3564 secundum
1791 3518 1913 3578 quod
1938 3519 2094 3578 hujus-

135 3585 596 3640 medua-inveniuntur
622 3583 814 3631 actionis
841 3583 1064 3643 expertia3
1097 3594 1164 3629 est
1196 3594 1348 3629 autem
1381 3585 1738 3644 unumquodque
1765 3599 1843 3630 ens
1877 3595 1980 3631 actu
2012 3600 2093 3645 per
