2332 3854
837 245 990 285 mnan
1029 244 1101 284 ιν.
1145 245 1264 284 CAP.
1305 244 1380 283 x1.
1982 228 2088 297 567

137 350 194 398 ad
207 351 359 411 ipsum
381 351 548 405 Deum,
571 350 698 408 cujus
717 359 784 394 est
800 349 1019 405 Verbum,
1037 351 1153 395 sicut
1178 351 1275 410 ejus
1291 350 1462 408 imago.
1489 347 1609 392 Hinc
1633 357 1699 391 est
1717 346 1840 406 quod
1858 347 1913 392 de
1938 346 2088 393 Verbo

135 417 228 472 Dei
255 418 420 464 dicitur
445 417 650 476 (Coloss.
676 416 710 461 1.
739 418 826 474 15.)
861 417 983 476 quod
1015 424 1070 463 est
1101 419 1241 476 imago
1264 415 1487 462 invisibilis
1516 415 1615 460 Dei.

223 485 303 531 Est
334 495 486 530 autem
528 483 778 529 differentia
805 486 920 528 inter
958 484 1245 529 intellectum
1279 494 1324 528 et
1362 497 1571 536 sensum;
1603 495 1712 525 nam
1745 495 1904 526 sensus
1937 495 2092 541 appre-

134 550 293 596 hendit
317 566 412 596 rem
455 561 674 611 quantum
717 551 773 594 ad
806 551 1028 595 exteriora
1068 551 1163 608 ejus
1199 550 1467 604 accidentia,
1492 563 1608 608 quae
1634 561 1740 593 sunt
1767 547 1908 604 color,
1942 563 2090 606 sapor,

135 620 376 678 quantitas,
396 628 440 662 et
465 617 553 662 alia
570 617 845 676 hujusmodi,
864 618 940 661 sed
957 617 1215 662 intellectus
1232 617 1479 676 ingreditur
1497 616 1552 659 ad
1571 616 1785 660 interiora
1803 615 1893 669 rei;
1912 625 1970 669 et,
1986 615 2091 673 quia

136 685 287 731 omnis
305 685 509 743 cognitio
525 684 753 744 perficitur
769 684 1019 728 secundum
1038 684 1381 728 similitudinem
1401 697 1517 742 quae
1534 692 1601 727 est
1618 682 1734 726 inter
1745 695 2032 741 cognoscens
2049 691 2094 726 et

136 751 386 810 cognitum,
403 762 584 811 oportet
599 751 722 810 quod
744 751 789 794 in
812 764 947 795 sensu
974 751 1031 794 sit
1056 751 1305 795 similitudo
1333 751 1398 795 rei
1419 749 1642 794 sensibilis
1665 759 1886 807 quantum
1912 747 1968 792 ad
1994 748 2091 807 ejus

135 819 403 873 accidentia,
427 819 474 862 in
497 818 728 862 intellectu
761 832 868 862 vero
902 820 960 862 sit
985 818 1235 862 similitudo
1262 818 1325 861 rei
1358 816 1616 860 intellectae
1647 825 1868 874 quantum
1902 816 1958 859 ad
1993 816 2089 872 ejus

108 904 111 907 ·
135 885 393 939 essentiam.
420 884 622 929 Verbum
662 886 799 942 igitur
823 885 871 928 in
909 884 1144 928 intellectu
1178 895 1452 943 conceptum
1480 893 1548 928 est
1572 883 1728 940 imago
1755 881 1830 926 vel
1860 880 2093 941 exemplar

134 952 408 1005 substantiae
434 953 500 996 rei
524 952 795 996 intellectae.
826 951 984 1004 Quum
1010 965 1119 1009 ergo
1147 950 1347 995 Verbum
1371 950 1460 994 Dei
1481 950 1721 1007 sitimago
1743 948 1847 1002 Dei,
1870 958 1918 992 ut
1944 958 2092 992 osten·

71 1027 98 1045 ‘-
134 1033 238 1064 sum
264 1029 345 1072 est,
371 1033 558 1064 necesse
585 1030 652 1063 est
677 1018 799 1077 quod
827 1018 882 1062 sit
907 1018 1064 1076 imago
1096 1018 1184 1061 Dei
1217 1027 1436 1077 quantum
1471 1016 1526 1060 ad
1553 1017 1648 1074 ejus
1678 1015 1936 1059 essentiam.
1971 1015 2090 1059 Hinc

135 1095 204 1133 est
233 1085 356 1144 quod
395 1085 647 1144 Apostolus
688 1085 798 1129 dicit
824 1085 981 1142 (Hebr.
1014 1085 1069 1141 Ι.)
1099 1085 1220 1143 quod
1263 1095 1330 1128 est
1343 1085 1489 1142 figura
1515 1083 1765 1127 substantiae
1796 1083 1893 1126 Dei.
1926 1082 2089 1140 Imago

136 1162 289 1197 autem
316 1152 506 1210 alicujus
533 1153 597 1197 rei
615 1162 683 1196 est
699 1150 877 1211 duplex.
905 1153 984 1195 Est
1009 1153 1131 1195 enim
1156 1151 1305 1210 aliqua
1331 1151 1487 1208 imago
1515 1163 1631 1209 quae
1658 1162 1751 1192 non
1775 1147 2091 1192 communicat

133 1218 183 1273 in
205 1229 367 1264 natura
391 1234 503 1263 cum
521 1233 577 1263 eo
605 1221 733 1277 cujus
759 1229 828 1263 est
858 1219 1037 1277 imago:
1067 1219 1160 1262 sive
1178 1219 1234 1262 sit
1248 1219 1404 1276 imago
1429 1218 1525 1275 ejus
1553 1226 1774 1275 quantum
1793 1215 1847 1258 ad
1866 1215 2090 1259 exteriora

135 1285 402 1341 accidentia,
429 1286 547 1330 sicut
570 1297 717 1330 statua
739 1300 880 1330 aenea
908 1296 976 1330 est
1000 1286 1155 1343 imago
1189 1285 1390 1328 hominis
1416 1298 1500 1327 nec
1527 1293 1683 1326 tamen
1705 1292 1773 1326 est
1793 1282 1964 1336 hom03
1996 1282 2091 1326 sive

130 1352 376 1412 sitimago
403 1363 623 1411 quantum
651 1353 706 1396 ad
740 1353 1039 1396 substantiam
1056 1354 1141 1406 rei;
1175 1352 1291 1396 ratio
1309 1351 1433 1395 enim
1449 1349 1651 1394 hominis
1678 1350 1723 1393 in
1740 1348 1976 1393 intellectu
1996 1363 2091 1392 non

134 1429 202 1466 est
215 1419 386 1475 hom03
418 1433 531 1463 nam·
549 1429 594 1464 et
615 1418 925 1477 Philosophus
943 1419 1096 1477 (tertio
1117 1419 1189 1463 De
1208 1420 1360 1463 anima
1385 1428 1416 1462 t.
1443 1433 1483 1462 c.
1510 1417 1602 1475 38.)
1628 1417 1761 1461 dicit:
1793 1432 1815 1458 «
1839 1416 1976 1475 Lapis
1993 1430 2089 1460 non

132 1496 201 1531 est
230 1486 278 1530 in
309 1486 477 1540 anima,
510 1486 589 1530 sed
631 1486 754 1545 quod
780 1487 956 1545 species
985 1485 1148 1545 lapidis
1186 1503 1225 1529 ».
1268 1486 1430 1544 Imago
1470 1494 1625 1528 autem
1659 1483 1851 1543 alicujus
1877 1483 1942 1527 rei
1974 1497 2090 1542 quae

133 1553 345 1598 eamdem
359 1564 571 1598 naturam
591 1553 736 1597 habet.
755 1567 860 1597 cum
887 1568 934 1597 re
962 1555 1091 1612 cujus
1118 1563 1186 1598 est
1210 1553 1383 1610 imago,
1410 1562 1479 1597 est
1500 1552 1617 1596 sicut
1637 1551 1756 1596 filius
1778 1551 1912 1610 regis,
1929 1550 1976 1595 in
1997 1565 2089 1610 quo

129 1620 287 1679 imago
304 1620 441 1679 patris
463 1630 651 1678 apparet
676 1630 721 1664 et
745 1630 813 1664 est
844 1620 1051 1679 ejusdem
1067 1630 1255 1664 naturae
1283 1634 1390 1663 cum
1415 1619 1530 1677 ipso.
1561 1618 1815 1663 Ostensum
1843 1627 1910 1662 est
1937 1628 2090 1663 autem

128 1687 252 1747 quod
291 1686 495 1732 Verbum
524 1687 615 1731 Dei
648 1697 715 1732 est
743 1687 902 1746 imago
944 1687 1135 1731 dicentis
1168 1697 1389 1746 quantum
1421 1686 1478 1730 ad
1509 1686 1658 1744 ipsam
1691 1686 1786 1743 ejus
1828 1685 2088 1739 essentiam,

129 1765 175 1799 et
198 1754 320 1814 quod
352 1755 399 1798 in
431 1755 591 1799 eadem
623 1765 784 1798 natura
811 1769 918 1798 cum
944 1755 1124 1799 dicente
1157 1755 1486 1798 communicat.
1516 1753 1805 1812 Relinquitur
1830 1767 1941 1811 ergo
1965 1753 2088 1812 quod

128 1820 333 1867 Verbum
353 1822 444 1867 Dei
474 1835 568 1866 non
594 1821 747 1866 solum
773 1822 831 1866 sit
851 1822 1022 1880 imago,
1050 1823 1128 1866 sed
1161 1822 1299 1865 etiam
1326 1821 1466 1875 filius;
1489 1834 1583 1864 non
1612 1821 1732 1864 enim
1757 1820 1821 1863 sic
1851 1834 1949 1864 esse
1980 1821 2091 1864 ima-

128 1889 284 1948 ginem
311 1888 501 1946 alicujus
524 1899 572 1932 ut
593 1889 798 1946 ejusdem
819 1899 1007 1933 naturae
1031 1903 1136 1933 cum
1163 1888 1243 1932 illo
1270 1889 1341 1942 sit,
1366 1888 1413 1931 in
1438 1887 1590 1947 aliquo
1617 1887 1846 1930 invenitur
1868 1886 1955 1945 qui.
1971 1886 2089 1932 filius

130 1956 219 2000 dici
249 1969 344 2000 non
375 1956 532 2015 possit,
559 1955 813 1999 dummodo
836 1956 910 1999 hic
938 1956 984 1999 in
1016 1956 1270 1999 viventibus
1294 1955 1566 2014 accipiatur3
1591 1968 1700 1997 nam
1734 1954 1856 2012 quod
1883 1954 2091 2011 procedit

129 2036 184 2067 ex
217 2021 371 2081 aliquo
396 2023 578 2067 vivente
603 2022 650 2065 in
682 2022 1027 2067 similitudinem
1049 2022 1218 2081 speciei
1244 2022 1405 2066 dicitur
1430 2021 1548 2065 filius
1581 2022 1690 2079 ejus.
1725 2020 1843 2064 Hinc
1871 2031 1940 2065 est
1961 2020 2084 2079 quod

128 2088 320 2146 (Psalm.
341 2089 398 2133 11.
423 2090 484 2147 7.)
513 2089 701 2133 dicitur:
735 2090 947 2134 Dominus
972 2089 1078 2133 dixit
1101 2089 1158 2145 fid
1175 2105 1266 2134 me:
1299 2089 1439 2132 Filius
1471 2103 1582 2132 meus
1617 2103 1655 2132 es
1682 2094 1738 2131 tu.

216 2155 388 2201 Rursus
416 2156 797 2200 considerandum
825 2167 892 2200 est
917 2157 1054 2215 quod,
1082 2172 1223 2215 quum
1255 2157 1301 2199 in
1329 2155 1528 2214 qualibet
1554 2166 1715 2198 natura
1741 2154 1973 2213 processio
2006 2154 2088 2199 filii

129 2238 156 2269 a
180 2234 307 2283 patre
337 2223 396 2268 sit
434 2223 668 2277 naturalis,
700 2239 755 2268 ex
777 2238 868 2282 quo
910 2223 1112 2267 Verbum
1138 2223 1228 2268 Dei
1253 2223 1391 2267 Filius
1418 2223 1506 2267 Dei
1540 2223 1716 2276 dicitur,
1751 2232 1931 2280 oportet
1962 2223 2086 2281 quod

128 2290 392 2339 naturaliter
417 2301 656 2349 generetur
673 2300 716 2334 et
733 2305 758 2334 a
776 2291 908 2335 Patre
928 2291 1163 2350 procedat;
1191 2301 1235 2335 et
1251 2290 1340 2334 hoc
1360 2290 1545 2349 quidem
1563 2289 1831 2348 supradictis
1855 2291 2087 2344 convenit,

129 2367 179 2402 ut
202 2372 259 2402 ex
289 2357 359 2402 his
386 2371 502 2416 quae
523 2358 570 2401 in
592 2357 824 2402 intellectu
850 2368 1009 2402 nostro
1038 2358 1248 2402 accidunt
1273 2357 1467 2416 perspici
1489 2367 1650 2415 potest.
1677 2356 1939 2400 Intellectus
1963 2358 2086 2400 enim

129 2418 284 2474 noster
309 2423 465 2483 aliqua
486 2424 750 2469 naturaliter
768 2425 1022 2483 cognoscit,
1039 2425 1154 2469 sicut
1171 2425 1318 2483 prima
1341 2423 1695 2482 intelligibilium
1721 2423 1956 2482 principia,
1979 2437 2088 2482 quo·

130 2505 235 2536 rum
255 2490 565 2550 intelligibiles
592 2494 933 2551 conceptiones,
959 2506 1075 2551 quae
1099 2491 1237 2535 verba
1261 2491 1478 2535 interiora
1505 2491 1728 2544 dicuntur,
1755 2489 2019 2534 naturaliter
2040 2490 2087 2534 in

127 2559 230 2618 ipso
257 2559 476 2604 exsistunt
491 2568 535 2603 et
560 2573 613 2604 ex
641 2573 697 2604 eo
723 2559 996 2619 procedunt;
1013 2570 1118 2604 sunt
1135 2559 1273 2603 etiam
1292 2559 1518 2618 quaedam
1538 2558 1839 2617 intelligibilia
1860 2572 1976 2617 quae
1993 2573 2087 2602 non

128 2625 393 2670 naturaliter
422 2625 680 2671 intellectus
710 2636 866 2671 noster
898 2626 1152 2684 cognoscit,
1194 2626 1272 2670 sed
1298 2626 1345 2669 in
1373 2640 1533 2670 eorum
1571 2625 1886 2684 cognitionem
1912 2624 2090 2669 ratioci-

128 2692 283 2737 nando
314 2692 542 2751 pertingit,
567 2702 614 2736 et
636 2692 805 2736 horum
833 2693 1157 2751 conceptiones
1179 2693 1227 2736 in
1252 2691 1487 2736 intellectu
1514 2702 1672 2736 nostro
1705 2691 1971 2736 naturaliter
1991 2705 2087 2735 non

130 2759 362 2813 exsistunt,
401 2759 480 2803 sed
513 2772 619 2802 curn
659 2759 810 2803 studio
851 2770 1141 2818 quaeruntur.
1183 2758 1476 2802 Manifestum
1516 2769 1583 2803 est
1618 2768 1770 2802 autem
1804 2758 1927 2817 quod
1958 2758 2086 2802 Deus

131 2826 333 2885 seipsum
360 2824 622 2870 naturaliter
646 2825 859 2884 intelligit
884 2826 1000 2869 sicut
1027 2836 1070 2870 et
1095 2825 1358 2870 naturaliter
1385 2835 1475 2879 est;
1501 2839 1634 2869 suum
1678 2825 1800 2869 enim
1832 2825 2089 2883 intelligere

126 2903 195 2938 est
214 2906 349 2937 suum
375 2906 489 2946 esse,
507 2902 556 2936 ut
571 2893 617 2936 in
636 2892 783 2951 primo
812 2894 872 2948 (c.
889 2894 984 2949 45.)
1012 2893 1253 2951 probatum
1280 2902 1360 2936 est.
1387 2891 1591 2936 Verbum
1613 2891 1750 2950 igitur
1771 2891 1860 2935 Dei
1882 2892 2086 2950 seipsum

124 2958 418 3018 intelligentis
439 2958 703 3003 naturaliter
730 2959 783 3002 ab
811 2959 909 3017 ipso
937 2960 1167 3018 procedit;
1195 2969 1253 3012 et,
1281 2972 1423 3017 quum
1449 2958 1651 3002 Verbum
1681 2958 1768 3003 Dei
1795 2959 1852 3003 sit
1879 2959 2084 3017 ejusdem

125 3037 315 3074 naturae
332 3040 440 3071 cum
456 3026 558 3070 Deo
577 3027 770 3079 dicente,
798 3036 842 3070 et
868 3026 925 3070 sit
951 3026 1202 3070 simissitudo
1220 3026 1377 3084 ipsius,
1404 3026 1605 3084 sequitur
1623 3026 1744 3084 quod
1767 3025 1842 3069 hic
1868 3025 2085 3071 naturalis

43 3115 53 3126 ·
127 3107 367 3152 processus
398 3093 456 3137 sit
486 3093 533 3137 in
564 3092 909 3137 similitudinem
937 3094 1032 3150 ejus
1065 3107 1090 3135 a
1116 3106 1208 3151 quo
1242 3102 1310 3136 est
1341 3092 1574 3150 processio
1608 3107 1713 3135 cum
1747 3092 1979 3136 identitate
2010 3106 2086 3136 na-

125 3169 271 3205 turae.
298 3159 423 3204 Haec
448 3169 516 3204 est
542 3170 694 3204 autem
717 3174 851 3204 verae
884 3160 1191 3218 generationis
1218 3160 1333 3203 ratio
1362 3162 1405 3203 in
1429 3160 1562 3203 rebus
1603 3159 1856 3203 viventibus
1883 3159 2006 3218 quod
2037 3159 2084 3203 id

128 3226 251 3285 quod
273 3236 527 3284 generatur,
546 3240 572 3269 a
589 3237 834 3284 generante
849 3227 1066 3284 procedat
1089 3237 1137 3269 ut
1162 3225 1413 3269 similitudo
1440 3226 1579 3283 ipsius
1599 3236 1642 3269 et
1667 3226 1871 3284 ejusdem
1894 3238 2083 3271 naturae

131 3306 236 3336 cum
259 3292 374 3351 ipso.
406 3291 488 3337 Est
512 3306 622 3351 ergo
655 3291 856 3336 Verbum
890 3293 978 3337 Dei
1005 3293 1207 3351 genitum
1237 3306 1342 3336 vere
1371 3307 1396 3336 a
1428 3292 1531 3336 Deo
1556 3293 1758 3342 dicente;
1786 3303 1830 3337 et
1856 3294 1952 3351 ejus
1984 3307 2084 3352 pro·

128 3361 275 3417 cessio
299 3361 509 3413 generatio
529 3358 600 3403 vel
626 3361 826 3404 nativitas
852 3360 942 3403 dici
968 3370 1129 3418 potest.
1150 3359 1268 3402 Hinc
1296 3369 1364 3404 est
1378 3359 1498 3417 quod
1524 3358 1710 3414 (Psalm.
1729 3359 1784 3403 11.
1800 3359 1871 3417 ⁴7.)
1895 3359 2082 3404 dicitur:

123 3424 212 3482 Ego
236 3424 354 3469 hodie
376 3427 500 3483 genui
526 3431 579 3481 te,
610 3425 655 3469 id
681 3436 748 3470 est
778 3426 825 3470 in
851 3429 1129 3479 aeternitate,
1162 3440 1278 3484 quae
1305 3438 1486 3485 semper
1518 3436 1587 3470 est
1616 3439 1846 3485 praesens,
1878 3436 1923 3471 et
1953 3425 2080 3471 nulla

123 3500 193 3541 est
214 3490 262 3535 in
289 3505 343 3535 ea
368 3491 484 3536 ratio
510 3492 738 3550 praeteriti
764 3503 810 3536 et
834 3491 986 3537 futuri.
2008 3539 2011 3541 ,

217 3556 353 3604 Unde
379 3567 504 3616 patet
528 3557 695 3603 salsum
721 3571 821 3603 esse
847 3560 968 3618 quod
995 3558 1156 3604 Ariani
1182 3558 1402 3612 dixerunt,
1428 3558 1551 3617 quod
1576 3558 1712 3603 Pater
1738 3559 1894 3618 genuit
1917 3558 2085 3606 Filium

121 3621 380 3680 voluntate3
415 3637 533 3683 quae
565 3625 688 3670 enim
718 3624 974 3671 voluntarie
1006 3625 1119 3670 fiunt
1153 3639 1248 3671 non
1283 3625 1506 3671 naturalia
1537 3635 1654 3671 sunt.
1690 3624 1814 3678 Quia
1844 3639 1954 3672 vero
1985 3639 2084 3673 non
