2332 3854
249 238 356 292 540
971 234 1125 273 LIBER
1163 233 1235 272 1v.
1276 233 1396 271 CAP.
1438 233 1473 270 1.

237 335 488 396 prehendit.
515 335 661 379 Multo
689 335 823 394 igitur
850 334 1000 378 minus
1032 333 1287 392 pertingere
1314 332 1480 392 poterit
1514 331 1568 376 ad
1603 332 2086 391 comprehendendum
2119 348 2194 378 na·

234 414 356 447 turas
381 402 563 446 illarum
586 416 736 446 rerum
759 415 951 459 quarum
974 414 1119 459 pauca
1141 399 1394 445 accidentia
1418 399 1622 459 capimus
1638 413 1788 453 sensu,
1806 410 1851 444 et
1873 399 2020 444 adhuc
2044 400 2194 445 minus

233 469 414 513 illarum
448 484 639 529 quarum
673 468 923 512 accidentia
957 469 1057 526 capi
1089 481 1183 511 non
1216 476 1421 526 possunt,
1449 466 1532 511 etsi
1563 481 1643 526 per
1673 466 1900 524 quosdam
1933 466 2194 511 deficientes

236 536 422 581 effectus
456 536 758 595 participetur.
794 534 883 577 Sed
920 543 962 577 et
994 534 1032 578 si
1064 534 1186 592 ipsae
1219 543 1406 578 naturae
1438 547 1589 577 rerum
1622 542 1772 579 essent
1802 533 1935 577 nobis
1967 533 2194 592 cognitae,

235 603 348 647 ordo
376 613 529 647 tamen
557 616 728 655 earum,
755 601 1008 644 secundum
1041 600 1163 659 quod
1197 614 1223 644 a
1254 600 1406 644 divina
1437 601 1721 659 providentia
1747 609 1792 644 et
1817 600 1873 644 ad
1904 599 2107 645 invicem
2135 600 2197 644 di-

233 680 484 729 sponuntur
511 678 556 711 et
581 667 833 725 diriguntur
858 666 904 710 in
931 666 1088 721 finem,
1113 667 1309 724 tenuiter
1333 667 1465 711 nobis
1490 676 1624 711 notus
1652 682 1750 711 esse
1775 676 1944 726 posset,
1969 680 2112 725 quum
2127 661 2195 711 'ad

235 735 607 794 cognoscendam
632 734 858 777 rationem
885 733 1065 777 divinae
1091 733 1403 792 providentiae
1428 748 1524 778 non
1549 736 1876 793 pertingamus.

324 802 374 846 Si
398 802 534 860 igitur
559 801 684 859 ipsae
711 800 811 844 viae
838 798 1104 859 imperfecte
1137 809 1476 858 cognoscuntur
1510 815 1536 844 a
1568 801 1714 856 nobis,
1749 799 1986 860 quomodo
2013 813 2094 859 per
2119 812 2196 844 eas

235 869 290 912 ad
317 868 514 926 perfecte
542 866 917 926 cognoscendum
943 867 1146 926 ipsarum
1167 867 1344 911 viarum
1371 867 1643 926 principium
1669 868 1918 927 poterimus
1945 864 2195 926 pervenire,

234 936 355 995 quod
383 935 478 979 sine
505 934 802 993 proportione
825 933 1002 978 excedit
1023 934 1118 978 vias
1150 934 1440 993 praedictas?
1469 934 1658 979 Etiamsi
1689 934 1785 987 vias
1808 935 1926 993 ipsas
1948 946 2195 992 cognosce-

232 1017 382 1047 remus
411 1000 626 1060 perfecte,
654 1001 861 1045 nondum
887 1010 1043 1045 tamen
1069 999 1270 1060 perfecta
1296 1000 1505 1060 principii
1531 995 1735 1060 cognitio
1761 1001 1895 1045 nobis
1920 1001 2111 1045 adesset.

327 1069 448 1120 Quia
474 1068 610 1127 igitur
636 1067 795 1112 debilis
823 1077 918 1111 erat
942 1067 1031 1111 Dei
1058 1067 1262 1126 cognitio
1287 1067 1346 1111 ad
1374 1082 1512 1127 quam
1537 1068 1683 1112 homo
1710 1082 1790 1127 per
1813 1067 1910 1112 vias
1943 1066 2196 1126 praedictas

232 1134 529 1179 intellectuali
556 1135 757 1193 quodam
783 1134 912 1194 quasi
938 1134 1101 1179 intuitu
1126 1134 1383 1194 pertingere
1411 1144 1602 1194 poterat,
1629 1149 1683 1179 ex
1709 1132 2091 1194 superabundanti
2120 1132 2199 1177 bo-

234 1203 387 1259 nitate,
415 1212 463 1246 ut
488 1201 663 1246 firmior
690 1211 810 1245 esset
833 1201 1042 1244 hominis
1063 1200 1118 1245 de
1142 1201 1247 1245 Deo
1282 1201 1500 1260 cognitio,
1533 1201 1758 1260 quaedam
1789 1201 1845 1245 de
1876 1200 2027 1259 seipso
2053 1199 2198 1245 homi-

233 1269 364 1313 nibus
391 1268 622 1322 revelavit,
650 1282 765 1327 quae
791 1267 1076 1312 intellectum
1102 1268 1357 1312 humanum
1384 1267 1633 1323 excedunt;
1664 1268 1710 1312 in
1743 1282 1831 1327 qua
1857 1267 2042 1327 quidem
2072 1279 2198 1311 reve-

233 1336 402 1380 latione
429 1335 682 1380 secundum
710 1334 1059 1394 congruentiam
1083 1334 1285 1379 hominis
1312 1335 1498 1393 quidam
1525 1334 1638 1379 ordo
1661 1345 1878 1388 servatur,
1904 1343 1955 1378 ut
1978 1332 2198 1394 paulatim
2255 1382 2263 1390 ‚

233 1403 288 1448 de
314 1402 584 1462 imperfecto
611 1403 764 1448 veniat
789 1401 846 1446 ad
872 1400 1138 1460 perfectum,
1160 1402 1278 1446 sicut
1308 1403 1354 1446 in
1387 1402 1548 1446 ceteris
1580 1401 1712 1446 rebus
1744 1399 1988 1455 mobilibus
2018 1399 2196 1445 accidit.

321 1470 478 1514 Primo
503 1469 641 1529 igitur
666 1470 730 1513 sic
757 1469 937 1513 homini
963 1469 1221 1514 revelantur
1247 1478 1295 1513 ut
1319 1478 1475 1514 tamen
1506 1483 1600 1514 non
1625 1467 1952 1531 intelligantur,
1984 1455 2072 1515 sed
2087 1464 2197 1528 sola

235 1537 364 1596 quasi
389 1536 541 1580 audita
568 1536 822 1590 credantur,
845 1535 951 1595 quia
977 1534 1235 1580 intellectus
1260 1535 1478 1590 hominis,
1499 1535 1751 1580 secundum
1772 1535 1897 1579 hunc
1916 1543 2084 1598 statum
2098 1546 2197 1598 qno

235 1603 519 1648 sensibilibus
545 1613 614 1648 est
639 1617 886 1658 connexus,
919 1602 976 1646 ad
1009 1616 1063 1647 ea
1093 1602 1311 1648 intuenda
1343 1617 1459 1662 quae
1491 1616 1654 1647 omnes
1686 1595 2005 1662 proportiones
2031 1614 2197 1646 sensus

238 1670 462 1715 excedunt
488 1671 678 1714 omnino
706 1669 875 1714 elevari
905 1684 1000 1714 non
1032 1679 1206 1729 potest3
1237 1670 1331 1723 sed,
1364 1683 1506 1728 quum
1538 1683 1564 1713 a
1595 1667 1879 1715 sensibilium
1911 1667 2197 1734 connexione
2232 1724 2236 1726 μ

238 1735 371 1781 fuerit
396 1735 624 1792 liberatus,
648 1747 756 1781 tunc
785 1736 1032 1781 elevabitur
1059 1736 1116 1780 ad
1142 1751 1195 1780 ea
1222 1750 1338 1795 quae
1363 1735 1621 1780 revelantur
1647 1735 1899 1782 intuendas

325 1804 405 1847 Est
429 1803 567 1862 igitur
593 1803 754 1863 triplex
781 1803 985 1861 cognitio
1012 1803 1214 1846 hominis
1242 1803 1298 1847 de
1323 1802 1498 1847 divinis.
1535 1799 1746 1855 Quaru‘m
1777 1774 1937 1866 prima
1950 1787 2019 1847 est
2041 1814 2198 1859 secun·

237 1869 346 1914 dum
373 1870 495 1929 quod
521 1870 666 1914 homo
694 1869 887 1914 naturali
912 1869 1084 1914 lumine
1117 1869 1305 1914 rationis
1332 1884 1411 1928 per
1438 1880 1665 1914 creaturas
1691 1869 1737 1912 in
1763 1868 1858 1913 Dei
1880 1868 2196 1934 cognitionem

235 1938 460 1992 ascendit3
487 1938 687 1982 secunda
715 1947 781 1981 est
805 1946 941 1997 prout
966 1936 1118 1981 divina
1144 1937 1326 1991 veritas,
1352 1936 1636 1982 intellectum
1669 1926 1925 1984 humanum
1957 1935 2195 1989 excedens,

234 2019 314 2064 per
340 2005 531 2048 modum
558 2002 885 2048 revelationis
874 2018 921 2047 m
946 2018 1032 2048 nos
1060 2003 1305 2058 descendit,
1332 2018 1426 2048 non
1452 2015 1608 2048 tamen
1635 2003 1764 2063 quasi
1796 2001 2119 2053 demonstrata
2138 2002 2196 2047 ad

233 2071 495 2126 videndum,
528 2071 606 2114 sed
641 2071 768 2130 quasi
799 2084 1014 2115 sermone
1046 2069 1223 2129 prolata
1256 2070 1311 2115 ad
1345 2070 1647 2125 credendum;
1683 2070 1814 2115 tertia
1846 2079 1918 2119 est
1944 2068 2196 2118 secundum

232 2139 353 2198 quod
380 2152 508 2182 mens
534 2138 738 2182 humana
765 2136 968 2182 elevatur
991 2137 1046 2181 ad
1074 2152 1128 2182 ea
1154 2152 1270 2196 quae
1297 2148 1401 2182 sunt
1426 2136 1626 2182 revelata
1652 2135 1849 2197 perfecte
1872 2125 2106 2189 intuenda.

319 2205 450 2249 Hanc
473 2205 610 2264 igitur
631 2203 858 2264 triplicem
881 2203 1197 2264 cognitionem
1212 2204 1333 2262 Job
1322 2219 1369 2248 in
1391 2203 1538 2248 verbis
1554 2203 1801 2264 propositis
1821 2203 2031 2259 insinuat.
2056 2187 2198 2270 Quod

231 2273 354 2317 enim
381 2271 514 2316 dicit:
540 2272 661 2326 Ecce,
690 2271 786 2315 haec
819 2286 869 2315 ex
895 2277 1019 2331 parte
1045 2271 1155 2315 dicta
1179 2278 1273 2315 sunt
1297 2273 1469 2315 viarum
1503 2274 1606 2330 ejus,
1641 2270 1696 2314 ad
1722 2269 1872 2316 illam
1884 2261 2197 2337 cognitionem

232 2339 425 2398 pertinet
451 2352 540 2397 qua
577 2352 657 2398 per
691 2338 816 2381 viam
852 2348 1162 2382 creaturarum
1197 2338 1243 2382 in
1279 2338 1369 2383 Dei
1407 2338 1718 2397 cognitionem
1752 2348 1909 2394 noster
1941 2327 2197 2385 intellectus

231 2404 446 2450 ascendit.
475 2405 530 2448 Et
556 2405 661 2464 quia
685 2405 768 2449 has
794 2405 891 2449 vias
916 2403 1181 2463 imperfecte
1209 2405 1548 2464 cognoscimus,
1575 2415 1699 2450 recte
1732 2392 1957 2468 adjunxit.
1981 2419 2030 2450 ex
2043 2410 2193 2470 parim

230 2488 278 2517 ex
299 2479 424 2532 parte
450 2473 559 2517 enim
593 2473 884 2531 cognoscimus,
917 2472 1035 2516 sicut
1060 2471 1314 2531 Apostolus
1339 2472 1447 2517 dicit
1474 2472 1528 2529 (Ι.
1558 2471 1770 2517 Corinth.
1796 2465 1919 2520 XIII.
1946 2471 2027 2533 9.)
2054 2466 2196 2528 Quod

229 2553 340 2584 vero
369 2539 543 2584 subdit:
569 2539 624 2583 Et
650 2554 777 2598 quum
807 2541 883 2582 vix
908 2546 1098 2599 parvam
1123 2539 1280 2584 stiuam
1309 2541 1509 2584 sermonis
1530 2541 1615 2597 ejus
1641 2538 1916 2593 audierimus,
1946 2539 2005 2585 ad
2036 2534 2196 2585 secun-

231 2606 337 2651 dam
362 2605 676 2665 cognitionem
694 2605 902 2666 pertinet,
918 2612 1054 2665 prou-t
1071 2606 1222 2650 divina
1240 2606 1370 2650 nobis
1389 2605 1614 2650 credenda
1639 2619 1718 2665 per
1740 2605 1931 2650 modum
1951 2593 2197 2674 locutionis

231 2673 514 2727 revelantur;
539 2672 633 2725 fides
665 2673 804 2727 enim,
831 2683 879 2716 ut
906 2672 1069 2717 dicitur
1095 2671 1252 2732 (Rom.
1279 2672 1335 2716 X.
1369 2686 1434 2730 17.
1437 2673 1474 2730 ),
1501 2683 1568 2717 est
1593 2687 1643 2717 ex
1675 2671 1838 2727 auditu,
1866 2671 2032 2723 auditus
2056 2669 2196 2719 autem

227 2750 303 2800 per
327 2741 502 2785 verbum
529 2738 716 2794 Christi,
752 2740 807 2784 de
847 2754 938 2799 quo
965 2742 1101 2784 etiam
1130 2739 1292 2784 dicitur
1319 2738 1507 2816 (Joann.
1547 2738 1692 2783 XVII.
1726 2738 1855 2798 17.):
1877 2733 2128 2798 Sanatifica
2132 2752 2197 2792 eos

230 2809 275 2851 in
299 2808 486 2852 veritate.
512 2807 655 2852 Sermo
689 2813 779 2852 tuus
800 2808 957 2852 veritas
988 2813 1054 2852 est.
1089 2806 1164 2852 Sic
1197 2806 1349 2866 igitur,
1383 2807 1487 2866 quia
1520 2805 1720 2852 revelata
1745 2806 1910 2854 veritas
1944 2804 2000 2854 de
2032 2802 2195 2850 divinis

231 2889 325 2919 non
351 2873 559 2929 videnda,
582 2872 661 2918 sed
685 2873 910 2919 credenda
936 2874 1219 2934 proponitur,
1242 2884 1363 2918 recte
1382 2874 1508 2918 dicit·
1527 2870 1795 2919 audierimus.
1814 2871 1953 2925 Quia
1953 2870 2063 2917 vero
2078 2863 2195 2936 haec

230 2938 495 3017 imperfecta
523 2940 726 2999 cognitio
755 2937 898 2985 effluit
928 2940 982 2985 ab
1015 2939 1093 2984 illa
1127 2939 1325 3000 perfecta
1352 2939 1616 2999 cognitione
1650 2953 1738 3000 qua
1771 2938 1941 2984 divina
1953 2938 2118 2985 veritas
2147 2937 2195 2983 in

231 3007 379 3066 seipsa
405 3006 596 3061 videtur,
622 3006 732 3051 dum
760 3021 785 3050 a
810 3005 929 3062 Deo,
952 3007 1252 3053 mediantibus
1278 3005 1467 3066 angelis,
1490 3005 1730 3060 revelatur,
1753 3005 1830 3066 qui
1850 2996 2005 3054 vident
2029 3004 2195 3051 faciem

231 3073 390 3128 Patris,
416 3084 538 3118 recte
575 3074 784 3118 nominat
808 3073 991 3127 stillam;
1020 3073 1140 3119 unde
1169 3084 1213 3119 et
1239 3073 1479 3132 (Joe1.111.
1509 3069 1599 3131 18.)
1634 3072 1817 3117 dicitur:
1845 3071 1898 3121 In
1923 3070 1988 3123 die
2015 3069 2089 3118 ma
2113 3072 2198 3121 stil-

231 3139 376 3185 labunt
397 3152 551 3185 montes
573 3140 838 3186 dulcedinem.
863 3140 954 3185 Sed
981 3141 1087 3200 quia
1107 3155 1202 3186 non
1225 3141 1382 3186 omnia
1400 3138 1613 3199 mysteria
1635 3154 1750 3199 quae
1775 3133 1991 3200 inprima
2006 3139 2196 3191 veritate

231 3206 326 3250 visa
355 3207 505 3265 angeli
532 3217 575 3252 et
603 3207 678 3251 alii
709 3207 828 3251 beati
863 3218 1164 3267 cognoscunt,
1202 3207 1279 3252 sed
1317 3207 1543 3266 quaedam
1579 3221 1726 3266 pauca
1757 3205 1889 3252 nobis
1923 3202 2195 3260 revelantur,

232 3274 462 3332 signanter
489 3271 689 3320 addidit:
708 3282 925 3334 parvam:
955 3275 1116 3320 dicitur
1135 3274 1257 3319 enim
1275 3273 1436 3333 (Eccli.
1455 3273 1617 3319 XLIII.
1641 3275 1754 3332 35.:)
1785 3273 1891 3333 Quis
1910 3254 2196 3332 magnificabit

232 3356 324 3386 eum
350 3342 453 3386 sicut
479 3348 534 3386 est
559 3343 611 3386 ab
644 3341 806 3387 initio?
839 3342 978 3387 Multa
999 3341 1239 3389 abscondita
1270 3347 1365 3387 sunt
1397 3343 1565 3399 majora
1599 3340 1683 3394 his,·
1707 3348 1850 3401 pauca
1881 3341 1992 3385 enim
2010 3338 2196 3391 vidimus

234 3415 404 3466 operum
426 3410 539 3466 ejus;
569 3418 613 3452 et
637 3407 865 3453 Dominus
894 3407 1124 3467 discipulis
1151 3408 1261 3453 dicit
1287 3406 1475 3484 (Joann.
1494 3406 1617 3454 XVI.
1642 3409 1749 3465 12.:)
1771 3398 1927 3466 Malui
1937 3406 2063 3459 habeo
2078 3405 2196 3452 vobis

234 3472 398 3526 dicere;
432 3474 497 3519 sed
519 3489 600 3518 non
617 3476 783 3534 potestis
797 3481 970 3535 portare
993 3475 1128 3520 modo.
1153 3474 1279 3520 Haec
1303 3474 1442 3520 etiam
1464 3488 1609 3535 pauca
1632 3488 1748 3533 quae
1770 3456 1919 3518 nobis
1922 3465 2193 3537 revelantur,

234 3539 314 3584 sub
341 3540 610 3600 quibusdam
638 3541 1006 3588 similitudinibus
1026 3552 1070 3588 et
1087 3541 1433 3589 obscuritatibus
1451 3540 1695 3586 verborum
1716 3537 1848 3587 nobis
1865 3547 2193 3617 proponuntur,

235 3617 285 3650 ut
316 3607 370 3651 ad
398 3621 450 3653 ea
478 3622 660 3668 quoque
695 3608 914 3668 capienda
947 3608 1035 3655 soli
1071 3609 1259 3657 studiosi
1295 3608 1573 3668 perveniant,
1605 3605 1681 3653 alii
1707 3620 1819 3653 vero
1851 3603 1980 3667 quasi
2013 3603 2194 3652 occulta
