2332 3854
237 225 347 293 464
913 238 1068 276 LIBER
1108 238 1184 276 111.
1227 238 1348 276 CAP.
1390 239 1516 279 cxv.

236 351 332 384 met
376 340 515 385 Deus.
557 340 651 385 Lex
684 340 821 399 igitur
854 340 1004 384 divina
1049 339 1288 385 hominem
1334 341 1642 402 principaliter
1685 344 1732 388 in
1779 345 1932 391 Deum
1981 333 2191 396 ordinare

234 406 442 452 intendit.

322 474 509 519 Adhuc:
538 473 624 526 lex,
665 476 781 518 sicut
822 473 995 516 dictum
1036 482 1118 527 est,
1151 483 1219 518 est
1249 474 1475 533 quaedam
1516 476 1632 521 ratio
1674 477 1853 523 divinae
1878 481 2191 538 providentiae

232 540 538 599 gubernantis,
565 540 774 583 rationali
810 550 1042 583 creaturae
1079 541 1324 599 proposita.
1364 541 1454 586 Sed
1486 543 1756 600 gubernatio
1789 544 2067 604 providentis
2101 549 2191 594 Dei

231 606 410 665 singula
437 607 492 650 ad
525 606 732 665 proprios
759 605 871 650 fines
898 606 1034 650 ducit.
1061 605 1149 650 Per
1170 605 1322 665 legem
1358 607 1494 667 igitur
1527 609 1740 654 divinitus
1771 611 1928 656 datam
1961 613 2189 661 homoad

230 688 365 717 suum
392 674 529 716 finem
562 674 803 731 praecipue
822 672 1069 716 ordinatur.
1103 672 1226 717 Finis
1245 684 1398 718 autem
1425 675 1656 720 humanae
1674 686 1908 723 creaturae
1935 690 2002 724 est
2028 670 2191 733 adhae-

229 754 326 782 rere
359 740 487 792 Deo;
520 740 565 781 in
598 739 688 782 hoc
727 739 850 782 enim
882 738 1072 783 felicitas
1106 741 1202 798 ejus
1240 742 1459 795 consistit,
1486 752 1534 786 ut
1569 757 1705 802 supra
1738 744 1799 801 (c.
1837 746 1922 803 37.)
1951 756 2187 793 ostensum

229 816 308 850 est.
331 806 404 848 Ad
431 806 521 848 hoc
538 805 675 863 igitur
692 805 999 864 principaliter
1023 805 1096 850 lex
1123 806 1275 850 divina
1293 807 1531 851 hominem
1551 809 1716 867 dirigit,
1739 820 1787 854 ut
1803 811 1906 856 Deo
1929 813 2186 861 adhaereat.

317 871 553 929 Amplius:
587 872 778 916 intentio
797 872 1037 930 cujuslibet
1052 872 1323 931 legislatoris
1357 885 1424 919 est
1450 889 1529 919 eos
1558 876 1718 934 quibus
1750 876 1902 937 legem
1934 879 2011 925 dat
2034 881 2186 928 facere

225 939 393 992 bonos;
427 939 545 982 unde
563 949 804 997 praecepta
822 938 935 998 legis
954 940 1118 984 debent
1144 954 1242 985 esse
1269 941 1324 985 de
1352 943 1524 986 actibus
1551 943 1782 988 virtutum.
1809 945 1882 989 Illi
1897 946 2042 1005 igitur
2059 959 2185 994 actus

213 1020 251 1048 ‚a
283 1005 386 1063 lege
419 1005 569 1049 divina
596 1006 839 1064 praecipue
865 1006 1159 1050 intenduntur
1185 1010 1262 1066 qui
1288 1018 1392 1052 sunt
1418 1009 1594 1067 optimi.
1629 1009 1735 1064 Sed,
1766 1011 1883 1055 inter
1914 1026 2075 1059 omnes
2106 1015 2186 1060 hu-

224 1087 386 1116 manos
425 1083 566 1127 actus,
597 1072 665 1116 illi
696 1083 800 1117 sunt
837 1073 998 1132 optimi
1031 1074 1190 1132 quibus
1226 1074 1371 1119 homo
1405 1076 1619 1120 adhaeret
1643 1076 1761 1132 Deo,
1789 1087 1944 1136 utpote
1975 1079 2055 1124 fini
2084 1095 2186 1141 pro-

223 1139 498 1199 pinquiores.
532 1139 652 1198 Ergo
681 1140 737 1183 ad
768 1139 854 1183 hos
888 1150 1014 1184 actus
1042 1141 1285 1200 praecipue
1311 1140 1385 1185 lex
1419 1142 1571 1186 divina
1598 1143 1776 1188 ordinat
1801 1145 2029 1190 homines.

311 1207 450 1251 Item:
484 1206 596 1250 illud
622 1207 920 1266 praecipuum
947 1207 1080 1251 debet
1113 1221 1210 1251 esse
1237 1208 1284 1251 in
1310 1207 1426 1266 lege,
1461 1223 1513 1252 ex
1541 1223 1631 1267 quo
1658 1209 1729 1253 lex
1763 1210 2015 1256 efficaciam
2032 1212 2182 1260 habet.

222 1273 312 1317 Sed
345 1272 426 1316 lex·
450 1273 661 1317 divinitus
688 1273 792 1317 data
820 1287 873 1317 ex
899 1273 989 1317 hoc
1015 1275 1132 1333 apud
1158 1274 1372 1318 homines
1409 1274 1663 1319 efficaciam
1698 1276 1849 1332 habet,
1883 1279 2006 1337 quod
2036 1279 2182 1325 homo

219 1340 422 1383 subditur
452 1341 580 1394 Deo;
607 1354 702 1384 non
734 1340 857 1384 enim
885 1340 1044 1399 aliquis
1075 1339 1264 1399 alicujus
1297 1341 1416 1399 regis
1443 1341 1545 1400 lege
1579 1352 1776 1386 arctatur
1808 1344 1885 1402 qui
1912 1345 1954 1389 ei
1979 1346 2182 1392 subditus

217 1421 312 1450 non
345 1415 424 1450 est.
457 1407 558 1451 Hoc
585 1406 722 1466 igitur
747 1407 1045 1466 praecipuum
1071 1407 1117 1450 in
1150 1407 1302 1451 divina
1329 1407 1439 1467 lege
1454 1422 1552 1452 esse
1577 1408 1724 1464 debet,
1750 1421 1801 1454 ut
1830 1406 1961 1456 mens
1975 1412 2180 1458 humana

218 1474 321 1517 Deo
357 1474 614 1518 adhaereat.

306 1541 423 1584 Hinc
453 1550 518 1585 est
545 1541 666 1599 quod
695 1540 856 1584 dicitur
872 1541 1078 1599 (Deuter.
1097 1541 1153 1584 X.
1179 1541 1287 1598 12.):
1308 1542 1363 1586 Et
1394 1556 1520 1596 nunc,
1544 1541 1689 1598 Israel,
1716 1543 1816 1602 quid
1835 1544 2052 1591 Dominus
2066 1546 2182 1592 Deus

217 1614 309 1652 tuus
327 1610 432 1666 petit
464 1622 490 1652 a
517 1614 568 1661 te,
595 1609 678 1652 nisi
699 1614 745 1652 ut
777 1610 921 1652 timeas
948 1609 1183 1652 Dominum
1210 1610 1350 1653 Deum
1384 1615 1515 1662 tuum,
1544 1615 1583 1653 et
1614 1610 1798 1654 ambules
1833 1611 1878 1655 in
1902 1613 1985 1657 viis
2005 1614 2107 1671 eju-s,
2140 1617 2181 1660 et

218 1674 364 1733 diligas
390 1677 498 1729 eum,
532 1689 580 1719 ac
602 1676 760 1720 servias
785 1676 973 1719 Domino
1005 1676 1101 1719 Deo
1130 1681 1197 1720 tuo
1224 1677 1269 1719 in
1302 1682 1384 1720 toto
1419 1675 1539 1720 corde
1566 1682 1648 1730 tuo,
1677 1678 1774 1721 etin
1797 1683 1881 1722 tota
1902 1680 2049 1724 anima
2074 1681 2180 1726 tua?

502 1965 660 2011 QUOD
703 1965 840 2003 FINIS
875 1965 1031 2003 LEGIS
1065 1965 1292 2005 DIVINAE
1332 1966 1432 2004 EST
1474 1966 1741 2004 DILECTIO
1778 1968 1889 2006 DEI.

301 2074 423 2127 Quia
449 2089 559 2119 vero
586 2075 775 2119 intentio
814 2075 993 2119 divinae
1025 2074 1139 2134 legis
1168 2075 1224 2119 ad
1254 2075 1346 2119 hoc
1380 2075 1688 2134 principaliter
1719 2086 1787 2120 est
1818 2085 1868 2121 ut
1897 2076 2043 2122 homo
2068 2077 2172 2124 Deo

208 2142 466 2196 adhaereat,
498 2142 643 2186 homo
672 2151 823 2186 autem
856 2142 1092 2201 potissime
1130 2142 1345 2186 adhaeret
1375 2142 1479 2186 Deo
1513 2157 1593 2202 per
1625 2156 1847 2198 amorem,
1887 2156 2075 2190 necesse
2092 2156 2175 2196 ,est

207 2210 329 2268 quod
355 2210 546 2253 intentio
574 2209 754 2253 divinae
781 2209 894 2267 legis
912 2208 1221 2268 principaliter
1248 2209 1481 2253 ordinetur
1504 2209 1558 2252 ad
1577 2210 1839 2254 amandum.
1860 2209 2002 2263 Quod
2019 2222 2172 2257 autem

207 2292 288 2336 per
315 2291 522 2321 amorem
549 2277 693 2321 homo
726 2276 925 2320 maxime
958 2277 1061 2321 Deo
1089 2276 1319 2330 adhaeret,
1346 2275 1639 2320 manifestum
1667 2286 1746 2321 est.
1779 2277 1886 2321 Duo
1918 2270 2173 2324 enimsunt

204 2345 250 2387 in
272 2345 462 2388 homine
486 2344 647 2402 quibus
673 2344 776 2387 Deo
798 2352 949 2402 potest
971 2343 1232 2397 adhaerere,
1258 2342 1514 2387 intellectus
1537 2342 1724 2397 scilicet,
1739 2353 1783 2387 et
1803 2343 2038 2400 voluntas;
2055 2358 2171 2390 nam

204 2412 456 2455 secundum
483 2410 721 2455 inferiores
749 2411 929 2454 animae
961 2421 1111 2470 partes
1143 2410 1246 2454 Deo
1281 2410 1526 2454 adhaerere
1559 2424 1652 2453 non
1685 2420 1848 2468 potest,
1879 2412 1958 2456 sed
1989 2411 2170 2458 inferio-

202 2478 323 2522 ribus
346 2478 492 2532 rebus.
522 2477 756 2530 Adhaesio
785 2486 938 2520 autem
965 2491 1081 2535 quae
1105 2486 1172 2520 est
1208 2490 1288 2536 per
1313 2475 1595 2520 intellectum
1625 2475 1984 2535 completionem
2010 2478 2169 2538 recipit

201 2559 281 2604 per
313 2559 414 2589 eam
450 2558 566 2603 quae
593 2554 661 2588 est
676 2543 940 2597 voluntatis,
958 2544 1063 2602 quia
1092 2558 1171 2602 per
1196 2542 1481 2587 voluntatem
1509 2543 1655 2586 homo
1676 2543 2025 2602 quodammodo
2047 2546 2168 2605 quie·

200 2612 284 2656 scit
315 2612 361 2655 in
395 2625 450 2655 eo
484 2611 605 2670 quod
636 2610 892 2655 intellectus
919 2611 1231 2670 apprehendit.
1257 2609 1483 2654 Voluntas
1516 2620 1669 2654 autern
1697 2610 1914 2656 adhaeret
1938 2611 2076 2656 alicui
2099 2613 2167 2658 rei

199 2679 273 2723 vel
306 2689 488 2738 propter
523 2691 744 2731 amorem,
770 2677 845 2721 vel
876 2687 1060 2736 propter
1086 2678 1315 2731 timorem,
1349 2677 1427 2721 sed
1460 2676 1717 2722 differenter
1728 2693 1739 2732 ;
1771 2678 1881 2722 narn
1906 2678 1950 2725 ei
1979 2679 2166 2739 quidem

200 2747 273 2790 cui
298 2747 505 2791 inhaeret
535 2756 720 2805 propter
744 2746 975 2800 timorem,
1007 2746 1214 2789 inhaeret
1245 2754 1429 2804 propter
1462 2745 1597 2800 aliud,
1629 2754 1678 2789 ut
1703 2745 1879 2790 scilicet
1910 2746 2049 2792 evitet
2072 2761 2165 2792 ma-

197 2813 309 2868 lum,
342 2814 478 2873 quod,
517 2814 554 2858 si
585 2827 678 2857 non
722 2813 966 2856 adhaereat
998 2813 1054 2867 ei,
1095 2813 1335 2867 imminet3
1381 2813 1422 2857 ei
1461 2826 1570 2856 vero
1622 2812 1694 2857 cui
1735 2813 1949 2874 adhaeret
1979 2823 2163 2874 propter

118 2903 130 2913 κ
198 2895 421 2935 amorem,
456 2881 671 2925 adhaeret
702 2890 887 2939 propter
922 2880 1138 2938 seipsum.
1174 2879 1314 2932 Quod
1349 2890 1502 2924 autem
1535 2889 1603 2923 est
1633 2889 1817 2938 propter
1850 2894 1898 2924 se
1943 2881 2163 2942 principa-

194 2947 294 3008 lius¹
312 2958 379 2992 est
411 2962 466 2992 eo
500 2946 622 3006 quod
657 2957 723 2991 est
744 2957 929 3005 propter
951 2946 1085 2990 aliud.
1119 2946 1352 2990 Adhaesio
1379 2947 1516 3005 igitur
1538 2946 1710 2991 amoris
1737 2947 1793 2991 ad
1818 2947 1973 2992 Deum
1998 2956 2068 2993 est
2082 2961 2160 3008 po·

195 3015 397 3059 tissimus
439 3014 604 3058 modus
638 3014 680 3058 ei
721 3007 1011 3058 adhaerendi.
1046 3014 1147 3058 Hoc
1179 3015 1315 3073 igitur
1357 3023 1424 3058 est
1469 3013 1705 3072 potissime
1750 3013 1976 3059 intentum
2013 3014 2061 3059 in
2100 3014 2161 3060 di·

192 3082 297 3125 vina
329 3082 370 3126 le
407 3096 444 3126 e.
1593 3126 1600 3131 .

282 3097 426 3193 Itenff:
461 3148 561 3193 finis
605 3147 843 3207 cujuslibet
875 3147 1003 3207 legis,
1041 3158 1085 3192 et
1126 3148 1367 3208 praecipue
1411 3146 1604 3201 divinae,
1648 3157 1715 3192 est
1759 3147 1972 3193 homines
2005 3146 2158 3194 facere

191 3216 353 3261 bonos.
394 3216 551 3260 Homo
585 3226 737 3260 autem
770 3215 933 3260 dicitur
964 3216 1111 3260 bonus
1145 3230 1199 3259 ex
1233 3229 1288 3259 eo
1324 3215 1445 3274 quod
1479 3214 1617 3258 habet
1658 3213 1943 3260 voluntatem
1969 3215 2153 3272 bonam,

192 3297 270 3341 per
302 3298 439 3342 quam
472 3283 646 3326 reducit
666 3283 712 3326 in
737 3293 888 3327 actum
912 3282 1129 3341 quidquid
1160 3281 1270 3325 boni
1291 3282 1337 3325 in
1364 3281 1463 3339 ipso
1492 3291 1582 3336 est3
1614 3280 1827 3326 voluntas
1853 3291 2007 3327 autem
2032 3281 2156 3327 bona

192 3359 261 3394 est
293 3364 345 3394 ex
378 3365 433 3394 eo
469 3351 591 3409 quod
623 3350 720 3394 vult
745 3350 933 3403 bonum,
967 3359 1011 3393 et
1031 3351 1270 3409 praecipue
1304 3349 1556 3392 maximum
1583 3348 1773 3404 bonum,
1799 3343 1922 3409 quod
1945 3358 2012 3394 est
2027 3348 2154 3405 finis;

191 3427 361 3475 quanto
393 3417 530 3476 igitur
569 3417 834 3475 hujusmodi
874 3417 1049 3460 bonum
1082 3416 1228 3476 magis
1261 3414 1472 3460 voluntas
1503 3414 1614 3470 vult,
1655 3424 1783 3465 tanto
1826 3415 1975 3476 magis
2004 3415 2152 3461 homo

192 3494 258 3527 est
289 3484 451 3530 bonus.
485 3483 575 3528 Sed
609 3484 755 3543 magis
787 3483 883 3528 vult
914 3484 1059 3538 homo
1096 3483 1141 3527 id
1183 3482 1306 3543 quod
1338 3481 1435 3527 vult
1467 3492 1650 3542 propter
1682 3494 1904 3537 amorem,
1935 3494 2074 3543 quam
2106 3483 2150 3528 id

191 3551 312 3608 quod
345 3551 441 3595 vult
472 3561 655 3610 propter
689 3551 902 3595 timorem
935 3560 1134 3606 tantum;
1166 3564 1274 3595 narn
1313 3549 1435 3609 quod
1466 3549 1564 3594 vult
1594 3559 1779 3609 propter
1807 3549 2022 3594 timorem
2054 3557 2150 3594 tan-

190 3627 301 3672 tum,
334 3617 496 3663 dicitur
527 3617 719 3663 mixtum
751 3618 1073 3673 involuntario,
1105 3618 1222 3663 sicut
1254 3616 1415 3678 aliquIS
1447 3616 1544 3662 vult
1578 3617 1624 3662 in
1667 3615 1783 3662 mari
1814 3614 2147 3677 projectionem
