2332 3854
274 199 381 273 380
938 213 1092 255 tuma
1132 215 1209 254 111.
1252 214 1372 254 car.
1412 214 1557 255 var.

271 323 450 367 virtutis
485 322 661 381 agentis
696 321 886 366 secundi
914 330 983 365 est
1014 335 1070 364 ex
1103 327 1268 379 agente
1299 319 1463 379 primo.
1487 318 1633 372 Quod
1663 324 1818 364 autem
1837 328 1913 364 «est
1941 318 1992 363 in·
2012 318 2228 365 omnibns

273 388 507 433 effectibus
525 388 919 447 perfectissimum,
938 396 1005 431 est
1022 400 1133 431 esse.
1155 385 1400 438 Quaelibet
1422 386 1544 430 enim
1561 395 1721 430 natura
1737 385 1811 429 vel
1835 384 1985 429 forma
2002 384 2230 444 perficitur

270 470 352 516 per
376 457 466 501 hoc
484 456 606 515 quod
623 465 825 507 est-actu,
844 462 888 497 et
913 462 1203 512 comparatur
1229 453 1284 497 ad
1308 466 1407 498 esse
1431 453 1480 499 in·
1512 462 1615 497 actu
1641 453 1758 497 sicut
1775 452 1982 511 ,potentia
1999 451 2225 497 addetum

271 523 437 582 ipsum.
464 523 606 581 Igitur
632 533 729 565 esse
754 531 822 564 est
853 520 974 578 quod
1003 520 1184 578 agentia
1209 520 1410 564 secunda
1442 529 1583 578 agunt
1606 519 1654 563 in
1683 519 1849 563 virtute
1875 520 2050 577 agentis
2073 518 2224 577 primi.

367 590 507 633 Item:
542 587 795 632 secundum
822 586 1031 629 ordinem
1056 600 1296 631 causarum
1309 587 1511 630 estordo
1544 585 1803 629 effectuum.
1837 585 2228 632 Primum-antem

275 656 321 700 in
349 656 561 700 omnibus
588 652 820 697 effectibus
848 662 916 696 est
940 666 1063 707 esse;
1090 667 1199 697 nam
1224 653 1382 697 omnia
1414 652 1501 696 alia
1527 661 1633 697 sunt
1662 653 1708 695 in
1734 665 1872 696 causa
1887 650 2228 698 determinatio-

272 737 355 767 nes
375 722 530 780 ipsius,
556 720 699 777 Igitur
716 733 814 763 esse
832 728 899 763 est
924 719 1132 778 proprius
1158 718 1345 764 effectus
1370 719 1506 777 primi
1526 718 1715 777 agentis,
1739 717 1960 764 etomnia
1976 717 2075 763 alia
2086 726 2231 777 agunt

273 788 422 846 ipsum
454 787 499 829 in
537 795 759 843 quantu-m
796 795 937 843 agunt
971 786 1018 828 in
1037 787 1207 830 *virtute
1232 785 1368 843 primi
1393 785 1583 844 agentis.
1625 783 1837 830 Secunda
1862 793 2015 829 aunem
2033 783 2229 843 agentia,

274 867 389 912 quae
412 862 517 897 sunt
542 852 672 910 quasi
698 851 994 908 particulares
1021 861 1066 896 et
1090 852 1444 896 determinantes
1471 852 1700 895 actionem
1717 850 1851 909 primi
1874 851 2068 910 agentia,
2089 858 2231 910 ‘agunt

273 921 388 964 sicut
413 919 621 978 proprios
649 917 835 962 effectus
869 919 978 962 alias
1006 917 1306 977 perfectiones
1334 932 1448 977 quae
1475 918 1780 963 determinant
1799 927 1918 963 esse.

362 986 625 1030 Praeterea:
650 985 771 1043 quod
799 994 867 1029 est
891 999 971 1044 per
991 986 1238 1030 >essenti-am
1263 985 1370 1039 tale,
1400 995 1471 1029 est
1495 984 1676 1043 proprie
1711 997 1847 1029 causa
1875 982 2129 1044 eiusqquod
2162 993 2231 1028 est

270 1067 352 1113 -per
368 1053 764 1112 participationem
783 1051 899 1097 tale:
926 1052 1043 1096 sicut
1059 1053 1177 1111 ignis
1198 1061 1266 1097 est
1282 1066 1420 1097 causa
1435 1054 1647 1097 omnium
1663 1051 1928 1111 ignitorum.
1939 1051 2066 1096 Deus
2079 1058 2231 1096 amem

273 1120 398 1164 solus
425 1130 492 1164 est
518 1129 597 1163 ens
623 1134 702 1178 per
730 1119 973 1165 essentiam
1000 1133 1146 1173 suam,
1174 1119 1331 1164 omnia
1363 1129 1515 1163 autem
1548 1118 1636 1163 alia
1667 1128 1773 1163 sunt
1804 1119 1925 1164 entia
1950 1132 2032 1178 pet
2053 1117 2232 1178 partici-

272 1188 532 1247 pationem;
558 1198 667 1230 nam
688 1186 736 1230 in
758 1185 859 1230 solo
877 1186 980 1230 Deo
999 1195 1099 1231 esse
1122 1195 1194 1230 est
1214 1200 1295 1230 sua
1313 1186 1520 1231 essentia.
1547 1185 1657 1230 Esse
1688 1185 1826 1244 igitur
1850 1184 2094 1243 cujuslibet
2116 1183 2230 1229 ensi-

272 1256 429 1299 stentis
457 1264 525 1298 est
546 1255 754 1312 proprius
773 1253 960 1298 effectus
978 1254 1088 1312 ejus,
1114 1253 1176 1296 ita
1194 1253 1316 1311 quod
1335 1266 1472 1297 omne
1490 1252 1613 1311 quod
1630 1252 1847 1311 producit
1860 1251 2063 1311 aliquid·
2050 1265 2100 1297 m
2123 1259 2231 1297 esse

271 1323 363 1366 hoc
389 1321 533 1365 facit'
522 1335 569 1365 m
595 1330 816 1380 quantum
843 1321 936 1379 agit
961 1321 1007 1364 in
1033 1321 1198 1364 virtute
1221 1320 1325 1364 Dei.

361 1389 483 1433 Hinc
511 1398 580 1433 est
605 1388 728 1447 quod
755 1388 919 1432 dicitur
945 1387 1074 1447 (Sap.
1111 1387 1145 1431 I.
1184 1386 1297 1444 142)
1327 1386 1504 1432 Creavit
1533 1388 1649 1432 Deus
1673 1392 1718 1431 ut
1748 1392 1874 1431 essent
1904 1386 2077 1438 omnia,
2107 1394 2157 1431 et
2183 1385 2231 1430 in

272 1456 473 1516 pluribus
501 1456 762 1514 Scripturae
788 1454 902 1499 locis
929 1455 1106 1508 dicitur,
1128 1454 1255 1513 quod
1280 1454 1407 1498 Deus
1433 1454 1591 1498 omnia
1610 1453 1813 1498 fecit.1n
1834 1451 1956 1499 libro
1977 1452 2141 1501 θύω
2155 1451 2230 1497 De

274 1524 421 1568 causis
447 1523 611 1568 dici-tur
637 1522 760 1599 quod
784 1532 870 1566 nec
902 1521 1205 1580 intelligentia
1237 1521 1312 1566 dat
1334 1534 1432 1566 esse
1458 1521 1546 1566 nisi
1570 1521 1617 1565 in
1640 1528 1866 1580 quantum
1897 1526 1969 1565 esit
1989 1520 2163 1573 divina,
2187 1528 2232 1565 et

272 1591 318 1633 in
345 1600 566 1649 quantum
593 1590 687 1649 agit
717 1590 763 1633 in
795 1590 960 1634 virtute
994 1589 1161 1635 divina.
1968 1601 1974 1609 ·

997 1745 1252 1803 CAPUT
1292 1729 1522 1802 XLVII.

387 1882 548 1930 QUOD
588 1882 729 1921 DEUS
763 1882 864 1920 EST
898 1881 1085 1921 *CAUSA
1119 1881 1404 1920 OPERANDI
1441 1880 1685 1920 OMNIBUS
1726 1879 2123 1920 mmmm.

364 1992 430 2035 Ex
465 1992 557 2036 hoc
594 2000 747 2036 autem
786 2000 971 2050 apparet
1009 1990 1131 2049 quod
1163 1990 1290 2034 Deus
1327 2002 1463 2033 causa
1497 1998 1564 2034 est
1594 1988 1808 2033 omnibus
1840 1988 2151 2046 operantibae‚
2183 1997 2232 2032 ut

274 2065 536 2118 operentur.
566 2058 722 2104 Omne
738 2059 864 2103 enim
882 2065 1074 2116 operans
1102 2067 1170 2101 est
1190 2056 1343 2115 aliquo
1361 2056 1503 2100 modo
1523 2070 1660 2100 causa
1677 2055 1873 2109 essendi,
1885 2054 1960 2099 vel
1974 2054 2232 2101 seeundum
2308 2084 2312 2087 -

275 2141 372 2171 esse
390 2124 699 2179 substantiale,
714 2124 788 2169 vel
802 2124 1100 2170 accidentale.
1128 2122 1256 2168 Nihil
1278 2133 1431 2167 autem
1458 2132 1526 2167 est
1544 2137 1685 2168 causa
1710 2122 1892 2167 essendi
1915 2121 2003 2167 nisi
2023 2122 2069 2166 in
2088 2135 2233 2181 quan-

273 2203 374 2237 tum
402 2193 495 2251 agit
519 2194 565 2236 in
591 2193 755 2237 vir-tute
780 2192 883 2246 Dei,
910 2202 960 2236 ut
985 2201 1222 2236 ostensum
1249 2200 1316 2235 est
1335 2191 1398 2249 (c.
1433 2188 1540 2247 66..)
1570 2189 1726 2235 Omne
1752 2189 1888 2282 igitur
1902 2202 2103 2247 operans
2124 2201 2232 2248 ope-

278 2270 402 2304 ratur
418 2272 497 2319 per
529 2261 743 2304 virtutem
768 2259 870 2303 Dei.

363 2326 552 2371 Adhuc:
586 2326 738 2371 omnis
774 2326 981 2384 operatio
1019 2338 1135 2383 quae
1175 2324 1470 2383 conseq-uitur
1504 2323 1704 2382 aliquam
1737 2323 1949 2367 virtutem
1980 2322 2234 2367 attribuitur

274 2393 392 2437 sicut
412 2406 576 2438 causae
601 2392 666 2436 illi
692 2392 756 2437 rei
777 2406 894 2451 quae
920 2392 1044 2436 dedit
1069 2391 1195 2435 illam
1217 2392 1454 2445 virtutem-3
1473 2391 1593 2436 sicut
1612 2391 1753 2434 virtus
1771 2389 1978 2449 gravium
1990 2399 2040 2434 α
2061 2389 2232 2434 levium

280 2459 500 2504 naturalis
534 2460 828 2518 consequitur
844 2458 1039 2503 formam
1059 2459 1263 2517 ipsorum
1282 2458 1531 2503 secundum
1559 2457 1681 2515 quod
1707 2466 1813 2502 sunt
1835 2457 1991 2515 gravia
2016 2460 2063 2501 et
2088 2455 2232 2510 devitu

275 2537 321 2572 et
345 2527 448 2572 ideo
467 2540 603 2571 causa
621 2536 774 2570 motus
800 2527 1004 2585 ipsorum
1022 2525 1183 2570 dicitur
1199 2538 1298 2569 esse
1316 2537 1552 2583 generans,
1578 2525 1654 2583 qui
1687 2523 1810 2568 dedit
1831 2523 2046 2568 formam.
2059 2522 2232 2568 Omnis

274 2604 429 2639 autem
446 2595 586 2639 virtus
615 2595 942 2652 cujuscumque
961 2593 1134 2651 agentis
1157 2601 1226 2637 est
1243 2606 1267 2636 a
1284 2592 1386 2636 Deo
1409 2592 1525 2636 sicu-t
1538 2605 1567 2634 a
1589 2593 1738 2650 primo
1754 2591 1976 2650 principio
1998 2588 2232 2650 perfectio-

274 2664 358 2707 nis.
383 2662 507 2721 Ergo
530 2676 637 2706 cum
670 2662 820 2706 omnis
853 2661 1058 2737 operatio
1082 2669 1386 2719 consequatur
1412 2659 1612 2718 aliquam
1637 2659 1866 2712 virtutem,
1894 2662 2078 2716 operm
2107 2656 2230 2716 quod

277 2729 515 2788 cujuslibet
540 2729 819 2788 operationis
847 2742 984 2773 causa
1010 2728 1068 2772 sit
1091 2727 1232 2771 Deus.

364 2796 600 2856 Amplius,
626 2795 920 2840 manifestum
944 2805 1011 2839 est
1033 2794 1158 2853 quod
1186 2794 1342 2838 omnis
1366 2794 1487 2838 actio
1519 2807 1635 2852 quae
1664 2806 1761 2837 non
1786 2799 1936 2851 potest
1964 2797 2230 2852 permanete

277 2875 482 2908 cessante
505 2863 804 2922 impressione
831 2854 1020 2920 alicujus
1048 2861 1237 2920 agentis,
1275 2870 1342 2905 est
1378 2861 1431 2904 ab
1468 2860 1549 2905 illo
1577 2869 1755 2919 agente,
1786 2860 1903 2904 sicut
1926 2856 2230 2904 manifestatio

274 2930 489 2995 colorum
515 2945 609 2975 non
635 2939 787 2990 potest
813 2943 911 2974 esse
938 2938 1143 2974 cessante
1171 2928 1351 2972 actione
1377 2927 1486 2972 solis
1514 2940 1635 2986 quae
1664 2930 1821 2971 aerem
1856 2924 2066 2971 inustnat.
2096 2925 2231 2971 Unde

273 3011 370 3042 non
396 3008 464 3043 est
490 2998 677 3042 dubium
694 2996 803 3056 quin
821 2997 891 3041 sol
918 2997 975 3040 sit
992 3009 1127 3040 causa
1147 2993 1525 3039 manifestationis
1546 2993 1770 3039 colorum.
1802 2990 2081 3038 Etsimzlffier
2107 3001 2233 3052 patet

275 3065 332 3109 de
351 3075 480 3109 motu
496 3064 701 3109 violento
724 3064 803 3123 qui
822 3073 969 3108 cessat
995 3072 1202 3107 cessante
1223 3061 1442 3106 violentia
1467 3060 1759 3120 impellentis.
1779 3059 1907 3104 Sicut
1928 3068 2081 3105 autem
2106 3058 2231 3105 Deus

275 3145 370 3176 non
401 3131 553 3176 solnm
581 3131 703 3176 dedit
728 3144 828 3175 esse
854 3130 986 3174 rebus
1013 3143 1119 3173 curn
1144 3129 1293 3188 primo
1321 3141 1419 3173 esse
1445 3128 1758 3187 incoeperunt,
1778 3125 1859 3172 sed
1877 3126 2098 3192 quamdiu
2126 3135 2234 3172 sunt

274 3212 376 3243 esse
409 3199 455 3243 in
482 3199 545 3243 eis
567 3208 738 3252 causat,
763 3211 836 3242 res
860 3197 907 3241 in
934 3210 1033 3241 esse
1059 3209 1350 3249 conservans,
1376 3204 1424 3239 ut
1457 3203 1694 3240 ostensum
1720 3200 1787 3239 est
1814 3195 1881 3252 (e.
1894 3180 1964 3251 65
1963 3193 2015 3252 .3,
2036 3193 2109 3238 it‘a
2133 3198 2231 3238 no'n

277 3265 428 3310 solum
445 3280 549 3310 cum
568 3266 716 3324 primo
734 3278 806 3309 res
826 3265 1036 3309 conditae
1062 3273 1166 3307 sunt
1182 3263 1245 3307 eis
1262 3263 1450 3307 virtutes
1475 3263 1735 3321 operativas
1759 3261 1937 3316 indidit,
1956 3261 2045 3306 sed
2050 3272 2234 3320 semper

275 3346 355 3376 eas
376 3333 421 3376 in
447 3333 580 3377 rebus
608 3341 788 3377 causat:
815 3331 935 3376 unde
963 3341 1169 3375 cessante
1189 3329 1423 3374 influentia
1440 3329 1592 3373 divina
1619 3329 1771 3374 omnis
1784 3327 1995 3388 operam:
2021 3335 2232 3403 etnam&

278 3398 446 3444 Omnis
471 3399 609 3458 igitur
630 3399 692 3443 rei
721 3398 926 3457 operatio
952 3399 997 3442 in
1023 3398 1173 3455 ipsum
1198 3396 1425 3441 reducitur
1446 3397 1564 3441 sicut
1583 3396 1631 3440 in
1657 3402 1859 3441 causam
1943 3428 1945 3432 s

366 3466 505 3510 Item:
533 3465 748 3525 quidquid
768 3464 966 3525 applicat
990 3464 1204 3508 virtutem
1231 3464 1427 3508 activam
1447 3464 1502 3508 ad
1530 3463 1757 3522 agendum
1780 3461 2065 3508 dicitursesse
2092 3472 2233 3506 emta

279 3530 397 3576 illius
424 3533 629 3578 actionis.
647 3531 822 3577 Artifex
839 3533 962 3576 enim
980 3530 1212 3591 applicans
1228 3533 1442 3576 virtutem
1469 3531 1533 3575 rei
1555 3530 1774 3575 naturalis
1796 3529 1856 3574 n'd
1880 3526 2234 3589 nfiqtu‘actio-

276 3611 400 3652 nem,
417 3598 580 3643 dicitur
597 3611 695 3644 esse
721 3611 860 3643 causa
885 3598 1005 3643 illius
1031 3598 1241 3653 actionis,
1265 3597 1385 3644 sicut
1401 3610 1576 3656 coquus
1608 3595 1893 3643 decoctionis
1912 3607 2042 3655 qm<
2062 3602 2135 3641 est
2153 3605 2233 3654 per
