2332 3854
280 233 383 301 562
992 240 1145 279 LIBER
1184 239 1256 278 1v⁷
1298 237 1418 277 cAP.
1437 237 1512 275 x.

277 351 338 408 (c.
359 349 464 405 21..)
491 347 708 392 Videtur
697 347 834 405 igitur
860 344 981 403 quod
1007 342 1082 387 vel
1106 342 1245 386 Filius
1271 355 1365 385 non
1392 341 1448 385 sit
1473 354 1606 385 verus
1633 340 1774 395 Deus,
1801 350 1850 385 ut
1872 340 2050 385 dicebat
2078 339 2230 396 Arius,

274 415 349 460 vel
374 429 469 459 non
495 417 552 458 sit
578 413 690 457 alius
718 410 1016 471 personaliter
1043 423 1067 452 a
1093 409 1242 462 Patre,
1269 417 1318 452 ut
1345 406 1572 452 Sabellius
1605 407 1846 451 asserebat.

364 482 553 526 Adhuc.
587 479 697 523 illud
732 478 853 537 quod
889 487 955 520 est
985 475 1260 534 principium
1292 474 1704 519 individuationis
1693 488 1740 518 m
1766 487 2045 534 unoquoque
2071 473 2230 533 modo,

274 548 554 609 impossibile
582 556 648 590 est
674 547 821 589 inesse
856 544 984 587 alteri
1017 543 1138 601 quod
1164 544 1401 600 supposito
1434 542 1735 618 distinguatur
1761 542 1830 585 ab
1825 554 1923 586 eo:
1955 541 2229 602 quod³euim

275 618 323 661 in
350 616 503 660 multis
532 624 598 657 est
623 627 716 656 non
750 623 817 655 est
860 609 1230 653 individuationis
1269 609 1557 668 principium.
1599 609 1701 666 Ipsa
1734 618 1888 652 autem
1913 609 2110 667 essentia
2139 606 2230 653 Dei

276 693 343 728 est
368 697 446 742 per
474 694 609 739 quarn
637 680 760 722 Deus
794 677 1122 729 individuatur3
1150 689 1243 718 non
1277 675 1396 719 enim
1432 675 1625 719 essentia
1658 675 1746 719 Dei
1779 684 1848 719 est
1875 672 2046 719 forma
2056 673 2119 718 in
2120 664 2228 719 'ma-

273 752 399 802 teria‚
426 758 474 791 ut
500 762 578 805 per
610 745 847 788 materiam
882 711 1152 786 individua’ri
1174 751 1351 800 posset;
1375 755 1470 785 non
1498 752 1565 785 est
1589 742 1726 800 igitur
1754 740 1874 785 aliud
1901 742 1947 785 in
1967 740 2071 786 Deo
2093 739 2228 789 Patre

274 831 355 875 per
382 815 503 873 quod
530 812 834 855 individuetur
861 824 998 868 quarn
1031 823 1112 853 sua
1141 808 1349 852 essentia.
1378 808 1485 864 Ejus
1510 808 1647 867 igitur
1680 807 1874 852 essentia
1904 819 1952 852 ιιι
1977 807 2106 852 nullo
2126 807 2230 852 alio

274 882 509 941 supposito
538 893 635 923 esse
658 888 820 936 potest.
845 878 938 920 Aut
959 876 1096 934 igitur
1121 889 1215 919 non
1243 885 1310 919 est
1335 875 1381 918 in
1407 875 1539 929 Filio,
1567 883 1611 918 et
1636 875 1700 918 sic
1726 874 1866 919 Filius
1890 879 1985 918 non
2012 884 2081 920 est
2099 884 2233 920 verus

272 950 413 1001 DeuS,
441 947 693 991 secundum
721 945 909 997 Arium3
938 954 1015 986 aut
1046 942 1185 986 Filius
1217 955 1311 985 non
1345 952 1412 986 est
1445 942 1558 985 alius
1585 942 1824 1000 supposito
1853 955 1880 986 a
1911 940 2083 1010 Patre,
2083 950 2140 986 et
2162 943 2233 986 sic

272 1026 340 1060 est
365 1015 525 1058 eadem
552 1026 746 1070 persona
774 1011 1006 1069 utriusque
1033 1008 1282 1053 secundum
1319 1008 1584 1052 Sabellium.
1947 1029 1950 1032 ·

363 1080 592 1139 Amplius:
627 1079 664 1122 si
705 1079 839 1121 Pater
877 1087 921 1121 et
952 1076 1091 1120 Filius
1123 1085 1228 1120 sunt
1269 1075 1360 1119 duo
1393 1075 1627 1134 supposita
1659 1074 1754 1119 sive
1787 1074 1902 1120 duae
1935 1074 2158 1134 personae
2190 1084 2236 1120 et

271 1159 425 1193 tamen
448 1157 552 1191 sunt
577 1147 622 1189 in
651 1145 846 1189 essentia
874 1158 1030 1197 unum,
1059 1152 1240 1202 oportet
1271 1142 1319 1186 in
1352 1143 1416 1187 eis
1450 1156 1548 1186 esse
1582 1141 1750 1201 aliquid
1783 1141 1966 1203 praeter
1989 1142 2235 1187 essentiam

270 1230 349 1275 per
373 1214 494 1274 quod
529 1213 880 1271 distinguantur;
913 1225 1022 1254 narn
1049 1210 1243 1254 essentia
1271 1209 1530 1254 communis
1557 1209 1734 1268 utrique
1761 1209 1973 1278 ponitur3
1996 1208 2157 1268 quod
2153 1216 2235 1253 ‘au-

271 1293 365 1326 tem
392 1294 639 1325 commune
668 1289 735 1324 est
760 1293 854 1322 non
880 1288 1031 1338 potest
1059 1291 1157 1322 esse
1184 1276 1487 1321 distinctionis
1504 1276 1802 1335 principium3
1830 1285 2010 1335 oportet
2029 1275 2232 1343 igituffid

273 1363 364 1408 quo
405 1348 742 1403 distinguuntur
781 1346 918 1389 Pater
950 1355 994 1389 et
1035 1344 1174 1388 Filius
1207 1358 1304 1388 esse
1339 1342 1459 1386 aliud
1494 1343 1547 1386 ab
1590 1342 1783 1387 essentia
1816 1342 1982 1386 divina.
2016 1341 2111 1387 Est
2121 1355 2235 1402 ergo
2293 1394 2296 1397 Δ

272 1429 467 1474 persona
499 1414 600 1458 Filii
632 1413 889 1472 composita
925 1426 980 1455 ex
1013 1411 1204 1464 duobus,
1237 1420 1282 1454 et
1318 1409 1526 1454 similiter
1557 1423 1752 1468 persona
1783 1407 1944 1463 Patris,
1971 1408 2155 1454 scilicet
2178 1422 2261 1460 ex,

273 1483 467 1527 essentia
500 1480 738 1525 communi
778 1489 821 1524 et
854 1493 907 1523 ex
939 1479 1160 1538 principio
1194 1477 1512 1536 distinguente.
1547 1477 1750 1536 Uterque
1776 1475 1918 1554 igitur
1943 1484 2016 1521 est
2035 1485 2236 1570 compo·

273 1551 406 1602 situs3
435 1558 594 1592 neuter
620 1561 730 1605 ergo
759 1557 826 1591 est
846 1560 980 1590 verus
1007 1546 1148 1589 Deus.

368 1617 417 1660 Si
450 1616 549 1674 quis
590 1625 743 1658 autem
780 1613 901 1657 dicat
937 1613 1059 1671 quod
1097 1612 1433 1669 distinguuntur
1465 1610 1564 1655 sola
1596 1579 1832 1664 relatione,
1858 1618 1995 1670 prout
2009 1607 2149 1666 ιιιιιι3
2151 1610 2235 1668 est

274 1684 421 1736 Pater,
450 1682 562 1726 alius
596 1692 663 1725 est
694 1680 846 1735 Filius,
875 1694 990 1739 quae
1018 1689 1172 1723 autem
1200 1678 1385 1722 relative
1418 1678 1736 1737 praedicantur
1761 1691 1855 1721 non
1882 1676 2003 1722 aliud
2026 1674 2237 1722 videntur

272 1750 534 1827 praedicare
561 1749 607 1792 in
635 1763 690 1792 eo
719 1748 774 1791 de
801 1761 892 1806 quo
927 1747 1149 1800 dicuntur,
1177 1745 1255 1789 sed
1283 1746 1430 1804 magis
1463 1745 1518 1789 ad
1557 1745 1693 1801 aliud,
1721 1754 1766 1789 et
1791 1744 1856 1789 sic
1887 1750 1970 1804 per
1993 1744 2084 1789 hoc
2113 1756 2237 1790 com·

273 1817 440 1876 positio
475 1829 568 1860 non
609 1814 850 1867 inducitur,
885 1813 1065 1857 videtur
1101 1812 1223 1872 quod
1259 1812 1373 1856 haec
1416 1813 1652 1871 responsio
1695 1825 1790 1856 non
1827 1812 1884 1856 sit
1919 1809 2166 1894 sufficiens
2176 1811 2232 1856 ad

274 1884 503 1944 praedicta
528 1881 900 1925 inconvenientia
931 1879 1129 1924 vitanda.
2135 1893 2141 1899 -

364 1950 486 1994 Ν3ιιι
519 1949 677 1993 relatio
712 1962 805 1992 non
832 1957 980 2006 potest
1007 1961 1107 1990 esse
1142 1946 1308 2004 absque
1343 1945 1494 2004 aliquo
1529 1945 1761 1990 absoluto:
1795 1945 1842 1989 in
1875 1943 2080 2007 quolibet
2111 1941 2238 1990 enim

275 2017 466 2061 relativo
486 2024 667 2074 oportet
685 2015 876 2073 intelligi
904 2014 1025 2072 quod
1047 2014 1102 2057 ad
1130 2028 1178 2057 se
1198 2013 1358 2056 dicitur
1389 2023 1566 2070 praeter
1592 2013 1636 2056 id
1671 2013 1792 2071 quod
1821 2010 1877 2056 ad
1906 2001 2027 2056 aliud
2050 2009 2235 2067 dicitur3

273 2085 389 2127 sicut
415 2097 571 2127 servus
601 2083 655 2125 ad
684 2082 850 2141 aliquid
879 2090 945 2124 est
973 2080 1179 2124 absolute
1206 2089 1385 2138 praeter
1410 2080 1452 2123 id
1473 2080 1594 2138 quod
1614 2079 1669 2123 ad
1697 2079 1937 2123 dominum
1955 2079 2131 2124 dicitur.
2153 2079 2239 2125 Re-

274 2152 385 2195 latio
409 2151 544 2208 igitur
571 2148 646 2192 illa
675 2163 753 2206 per
787 2143 924 2206 quarn
948 2148 1081 2192 Pater
1108 2157 1152 2190 et
1176 2145 1316 2190 Filius
1344 2147 1694 2205 distinguuntur,
1718 2156 1901 2206 oportet
1919 2144 2043 2207 quod
2061 2145 2237 2192 ‘habeat

275 2217 459 2275 aliquod
495 2215 753 2260 absolutum
786 2215 831 2257 in
873 2228 964 2273 quo
997 2214 1221 2257 fundetur.
1256 2213 1349 2257 Aut
1390 2215 1526 2272 igitur
1557 2213 1671 2257 illud
1700 2213 1960 2258 absolutum
1993 2223 2062 2259 est
2091 2211 2236 2259 un'ti‘m

272 2293 463 2338 tanturn,
498 2292 573 2327 aut
597 2292 702 2326 sunt
738 2282 828 2325 duo
857 2281 1076 2325 absoluta.
1113 2281 1159 2324 Si
1199 2294 1266 2324 est
1292 2295 1434 2324 unum
1466 2290 1658 2335 tanturn,
1685 2282 1730 2324 in
1758 2295 1814 2325 eo
1840 2294 1935 2325 non
1961 2282 2114 2345 potes't‘
2127 2276 2237 2325 fun-

276 2351 369 2395 dari
397 2349 565 2408 duplex
592 2349 769 2404 relatio,
791 2348 877 2392 nisi
909 2348 1025 2392 forte
1058 2348 1113 2392 sit
1139 2347 1299 2392 relatio
1333 2348 1593 2402 identitatis,
1621 2362 1736 2407 quae
1763 2347 2122 2393 distinctionem
2131 2345 2238 2418 ope-

278 2419 365 2460 rari
393 2430 486 2460 non
513 2425 677 2476 potest,
705 2416 821 2459 sicut
847 2416 1008 2459 dicitur
1034 2415 1156 2459 idem
1183 2415 1331 2458 eidem
1354 2415 1491 2458 idem.
1521 2415 1570 2458 Si
1597 2429 1706 2474 ergo
1725 2415 1782 2459 sit
1797 2411 1912 2459 talis
1924 2406 2087 2465 relatio
2112 2408 2235 2480 quod

278 2484 618 2528 distinctionem
651 2483 861 2540 requirat,
896 2491 1077 2541 oportet
1103 2482 1224 2540 quod
1251 2481 1400 2539 primo
1429 2481 1708 2539 intelligatur
1740 2478 2055 2527 absolutorum
2080 2481 2239 2528 distin-

279 2552 382 2595 ctio
410 2551 518 2594 Non
546 2564 656 2608 ergo
683 2550 859 2593 videtur
883 2547 1098 2608 possibile
1126 2547 1248 2608 quod
1282 2561 1504 2606 personae
1537 2548 1681 2593 Patris
1709 2558 1753 2594 et
1784 2545 1886 2592 Filii
1918 2547 2028 2635 solis
2060 2542 2239 2594 relatio-

278 2618 409 2661 nibus
437 2617 782 2675 distinguantur.
815 2646 823 2648 «
2153 2611 2189 2649 i

360 2685 622 2728 Praeterea:
647 2693 827 2742 oportet
849 2682 997 2726 dicere
1025 2683 1146 2741 quod
1164 2682 1325 2727 relatio
1352 2681 1430 2726 illa
1457 2696 1572 2742 quae
1598 2682 1764 2727 Filium
1787 2682 2053 2747 distinguit
2040 2680 2088 2728 a
2078 2677 2232 2749 Patre

274 2762 350 2796 aut
374 2752 429 2796 sit
456 2765 525 2795 res
553 2750 718 2809 aliqua,
746 2760 821 2794 aut
853 2750 909 2794 sit
934 2750 980 2793 in
1014 2749 1114 2793 solo
1142 2749 1388 2794 intellectu.
1418 2750 1466 2793 Si
1501 2760 1653 2794 autem
1680 2751 1737 2794 sit
1763 2764 1833 2794 res
1861 2750 2030 2829 aliqua,
2043 2746 2146 2795 tion
2156 2745 2233 2795 vi-

274 2819 402 2862 detur
433 2832 529 2861 esse
556 2817 632 2860 illa
658 2831 729 2860 res
757 2831 872 2876 quae
907 2827 973 2861 est
1005 2817 1156 2860 divina
1184 2817 1393 2870 essentia,
1421 2817 1525 2875 quia
1560 2817 1710 2861 divina
1749 2817 1959 2864 essentia
1964 2815 2237 2863 communis

272 2894 339 2929 est
363 2885 485 2928 Patri
511 2895 554 2928 et
579 2883 718 2936 Fili03
745 2884 828 2927 erit
860 2898 970 2942 ergo
994 2884 1039 2927 in
1069 2883 1183 2927 Filio
1219 2883 1369 2942 aliqua
1407 2898 1476 2927 res
1515 2898 1630 2943 quae
1666 2898 1761 2928 non
1798 2894 1866 2932 est
1899 2884 1994 2944 ejus
2014 2881 2236 2939 essentia,

274 2961 318 2995 et
343 2953 406 2995 sic
439 2966 532 2994 non
561 2961 627 2994 est
651 2965 785 2994 verus
811 2951 960 3004 Deus;
990 2961 1222 2994 ostensum
1252 2961 1318 2994 est
1345 2952 1466 2994 enirn
1499 2951 1545 2994 in
1579 2951 1728 3010 primo
1756 2952 1816 3009 (c.
1845 2952 1937 3011 23.)
1972 2946 2111 3011 qnod
2119 2947 2235 2999 nihil

275 3028 341 3062 est
367 3019 411 3061 in
439 3019 540 3061 Deo
568 3018 689 3076 quod
716 3031 809 3060 non
837 3018 893 3061 sit
925 3032 1005 3061 sua
1029 3018 1234 3061 essentia.
1265 3017 1314 3061 Si
1343 3028 1495 3061 autem
1522 3017 1599 3061 illa
1626 3018 1786 3062 relatio
1813 3015 1932 3063 sitin
1954 3016 2236 3082 intellectum

275 3094 467 3137 tanturn,
494 3099 586 3128 non
616 3093 763 3143 potest
790 3084 1089 3142 personaliter
1111 3084 1386 3143 distinguere
1420 3084 1583 3128 Filium
1613 3099 1638 3128 a
1665 3085 1823 3141 Patre3
1850 3096 1967 3146 quae
1993 3085 2125 3161 enirn
2136 3086 2238 3160 per·

275 3152 491 3195 sonaliter
518 3153 852 3210 distinguuntur
878 3152 1056 3195 realiter
1089 3162 1268 3210 oportet
1295 3152 1523 3209 distingui.

361 3220 498 3262 Item:
521 3233 658 3262 omne
686 3218 925 3262 relativum
949 3219 1172 3277 dependet
1199 3233 1224 3262 a
1251 3233 1334 3262 suo
1363 3187 1648 3263 correlativo.
1671 3218 1810 3272 Quod
1829 3229 1981 3265 autem
2004 3218 2231 3285 dependet

276 3286 328 3328 ab
357 3285 498 3328 altero
525 3299 617 3328 non
646 3296 712 3329 est
738 3299 869 3329 verus
907 3285 1045 3329 Deus.
1076 3285 1123 3329 Si
1151 3285 1287 3343 igitur
1323 3299 1519 3344 persona
1554 3285 1699 3331 Patris
1733 3296 1777 3331 et
1807 3282 1909 3332 Filii
1940 3277 2236 3332 relationibus

275 3352 618 3409 distinguantur,
646 3363 805 3395 neuter
832 3352 915 3395 erit
941 3366 1074 3395 verus
1107 3352 1246 3396 Deus.

365 3419 548 3461 Azdhuc
584 3418 620 3461 si
653 3418 786 3461 Pater
813 3428 879 3461 est
906 3418 1030 3462 Deus
1054 3428 1097 3462 et
1123 3418 1259 3462 Filius
1298 3428 1366 3462 est
1401 3418 1543 3472 Deus,
1564 3428 1744 3479 oportet
1777 3412 1900 3480 quod
1932 3418 2023 3466 hoc
2048 3397 2236 3490 nornen,

277 3485 402 3538 Deus,
431 3485 484 3528 de
513 3485 644 3528 Patre
672 3495 715 3528 et
747 3484 861 3528 Filio
899 3485 1250 3529 substantialiter
1282 3485 1579 3544 praedicetur,
1607 3498 1748 3546 quum
1784 3479 2008 3536 divinitas
2018 3475 2236 3535 accidens

255 3565 372 3602 ‚csse
405 3565 498 3594 non
526 3551 679 3610 possit
708 3551 1026 3595 Praedicatum
1055 3561 1207 3597 autern
1236 3552 1528 3597 substantIale
1556 3563 1623 3598 est
1649 3553 1771 3613 quod
1798 3562 1904 3599 vere
1931 3540 2162 3625 ὲῠὶὶΡιιιιιιι
2178 3551 2235 3599 d'e

276 3630 365 3675 quo
399 3618 701 3675 praedicatur3
729 3631 852 3671 narn,
889 3632 1029 3676 quum
1068 3618 1249 3663 dicitur:
1279 3618 1435 3664 Homo
1472 3629 1538 3664 est
1574 3619 1758 3675 animal,
1786 3614 1909 3680 quod
1943 3613 2065 3666 vere
2080 3613 2234 3666 homo
