2332 3854
781 215 937 255 unm
974 214 1046 255 1v.
1087 200 1208 255 ω.
1248 213 1377 255 xxx.
1624 221 1628 225 ’
1944 194 2050 268 605

13 323 29 354 ’τ
102 331 266 378 corpus
287 317 456 363 Christi
482 330 575 362 non
600 315 684 360 fuit
702 325 948 370 terrenum,
963 329 1049 360 nec
1070 315 1118 360 in
1142 314 1243 374 ipso
1259 313 1342 358 fuit
1362 326 1470 358 vera
1497 325 1602 358 caro
1629 322 1674 356 et
1698 326 1858 357 verum
1882 327 1949 368 os,
1972 314 2052 359 sed

8 386 18 410 ’“’
103 384 258 429 omnia
285 383 534 428 secundum
562 383 870 442 apparentiam
901 392 1092 436 tantum,
1111 381 1232 426 etita
1258 379 1396 425 etiam
1421 392 1515 423 non
1541 377 1624 423 fuit
1644 393 1776 423 verus
1797 379 1958 433 homo,
1975 380 2053 424 sed

25 448 41 481 s
101 464 348 510 apparens;
370 463 509 509 quum
534 458 703 503 tamen,
735 459 784 492 ut
809 448 989 507 dictum
1007 457 1088 506 est,
1114 449 1211 508 ipse
1231 446 1358 495 ,dicat
1389 446 1523 503 (Luc.
1541 444 1707 489 XXIV.
1728 445 1842 504 39.):
1869 446 2053 505 Spiritus

104 530 270 563 carnem
301 522 338 560 et
368 530 455 561 ossa
486 530 569 560 non
600 516 733 567 habet,
756 516 861 559 sicut
891 531 955 559 me
986 514 1132 559 videtis
1162 514 1322 558 habere.

1 616 22 625 -
191 582 383 627 Adhuc:
407 595 572 640 corpus
614 581 813 631 coeleste
853 581 1104 624 secundum
1139 594 1271 624 suam
1302 588 1512 637 naturam
1544 587 1616 622 est
1637 577 1980 637 incorruptibile
2012 588 2057 623 et

12 649 33 684 ί
102 647 400 702 inalterabile,
427 657 472 691 et
496 656 619 692 extra
644 659 777 689 suum
800 647 873 689 ubi
898 660 990 689 non
1010 655 1158 703 potest
1174 644 1416 689 transferri.
1442 644 1550 689 Non
1578 653 1729 687 autern
1756 643 1908 687 decuit
1931 643 2055 702 quod

15 710 35 774 s
99 715 190 761 nei
213 715 352 760 Filius
377 715 584 772 dignitati
608 724 797 758 naturae
828 723 1090 771 assumptae
1132 712 1301 771 aliquid
1337 712 1606 765 detraheret,
1640 711 1722 757 sed
1748 711 1896 770 magis
1928 711 2052 770 quod

94 792 204 828 enm
218 781 450 826 exaltaret.
475 781 584 826 Non
608 781 745 842 igitur
761 793 927 837 corpus
954 779 1152 823 coeleste
1179 789 1255 823 aut
1271 778 1611 837 incorruptibile
1628 778 1684 823 ad
1717 777 1932 823 inferiora
1955 791 2056 836 por-

6 856 27 907 'j
95 848 227 903 tavit,
243 849 324 893 sed
341 848 489 906 magis
511 850 795 906 assumptum
820 856 1053 891 terrenum
1079 858 1245 904 corpus
1271 855 1316 889 et
1340 843 1567 903 passibile,
1588 843 1930 904 incorruptibile
1952 843 2055 893 xed-

5 917 15 958 1
91 914 212 960 didit
234 925 283 961 et
306 914 518 959 coeleste.

7 985 27 1030 ζ
54 1006 60 1014 ·
97 1019 100 1024 .
186 981 326 1026 Item:
351 979 605 1040 Apostolus
629 979 739 1024 dicit
768 978 927 1036 (Rom.
953 978 987 1023 I.
1022 977 1083 1035 3.)
1111 977 1166 1022 de
1192 977 1306 1023 Filio
1329 978 1417 1026 Dei
1438 978 1562 1037 quod
1575 977 1719 1035 sactus
1744 983 1799 1023 cst
1823 992 1874 1023 ex
1901 979 2054 1023 semim

26 1099 29 1101 ,
88 1047 250 1095 flavii
277 1047 499 1093 secundum
530 1060 714 1092 carnem.
747 1045 840 1090 Sed
872 1058 1036 1103 corpus
1072 1044 1222 1088 David
1259 1053 1491 1088 terrenum
1520 1043 1616 1089 fuit.
1650 1045 1773 1103 Ergo
1810 1052 1855 1088 et
1885 1057 2052 1104 corpus

0 1217 19 1241 a*
84 1195 147 1228 2²22:
185 1178 418 1240 Amplius:
445 1179 570 1225 idem
595 1176 847 1236 Apostolus
883 1175 993 1221 dicit
1025 1174 1199 1233 (Galat.
1235 1175 1314 1220 IV.
1350 1175 1416 1232 4.)
1442 1176 1563 1235 quod
1595 1178 1711 1224 Deus
1745 1177 1860 1227 misit
1888 1177 2050 1227 Filium

100 1262 221 1295 suum
241 1252 387 1292 natum
408 1261 459 1292 ex
481 1246 654 1303 muliere
662 1260 678 1297 ;
713 1255 758 1289 et
777 1243 957 1302 (Matth.
984 1242 1018 1286 1.
1050 1240 1140 1299 16.)
1163 1241 1285 1300 quod
1301 1243 1433 1299 Jacob
1458 1245 1599 1301 genuit
1612 1244 1760 1303 Ioseph
1783 1245 1929 1289 virum
1960 1244 2055 1290 Ma-

93 1316 280 1373 125qu
304 1326 387 1372 qua
415 1319 542 1358 minas
568 1318 629 1358 ast
642 1312 771 1369 Iesus,
795 1312 867 1369 qui
886 1315 1066 1358 vocatur
1087 1307 1288 1354 Christus.
1319 1309 1427 1355 Non
1459 1318 1612 1355 autem
1638 1309 1713 1354 vel
1737 1323 1791 1355 ex
1816 1324 1871 1355 ea
1890 1309 2052 1364 factus,

21 1412 31 1431 2
96 1379 172 1434 vel
184 1394 240 1425 ex
261 1393 316 1424 ea
340 1389 472 1424 natus
491 1379 727 1432 diceretur,
753 1378 790 1422 si
816 1375 967 1421 solum
984 1389 1065 1434 per
1088 1389 1193 1419 eam
1220 1375 1337 1420 sicut
1358 1389 1437 1434 per
1453 1375 1650 1423 fistulam
1674 1376 1923 1431 transisset,
1938 1375 2056 1426 nihil

87 1461 157 1493 :aa
196 1459 251 1493 ea
274 1458 527 1492 assumens.
553 1445 619 1491 Ex
638 1459 693 1489 ea
719 1445 855 1503 igitur
880 1455 1043 1501 corpus
1070 1442 1327 1499 assumpsit.

4 1538 16 1558 ,η
190 1513 456 1566 Praeterea:
480 1524 577 1557 non
607 1520 762 1570 posset
792 1509 884 1557 dici
908 1518 1053 1555 mater
1071 1507 1178 1566 Jesu
1202 1506 1362 1562 Maria,
1387 1508 1511 1567 quod
1534 1507 1823 1568 Evangelista
1847 1517 2051 1564 testatur,

96 1579 190 1625 nisi
220 1593 275 1624 ex
300 1592 354 1624 ea
379 1578 548 1637 aliquid
581 1577 841 1636 accepisset.
916 1616 920 1620 ,

185 1645 376 1690 Adhuc:
403 1644 656 1703 Apostolus
681 1643 790 1688 dicit
822 1642 980 1700 (Hebr.
1007 1641 1065 1685 II.
1098 1640 1206 1697 11.):
1236 1641 1326 1697 Qui
1348 1643 1595 1701 sanctificat,
1622 1642 1798 1691 scilicet
1821 1642 2047 1696 Christus,

12 1750 31 1771 ,;
99 1718 143 1758 ά
163 1712 581 1772 quisanctzjficantur,
603 1709 751 1756 silicet
774 1709 930 1755 fideles
954 1707 1139 1760 Christi,
1170 1722 1220 1751 ex
1244 1723 1327 1752 uno
1344 1723 1508 1754 omnes:
1525 1716 1698 1768 propter
1723 1724 1847 1767 quam
1874 1724 2043 1758 causam

16 1775 38 1825 ’θ’
103 1794 189 1824 scon
213 1777 486 1838 confundant
516 1791 580 1822 eos
604 1791 759 1823 vocare
775 1777 947 1832 fratres,
973 1776 1108 1821 dicens
1143 1773 1334 1831 (Psalm.
1360 1775 1483 1820 XXI.
1517 1775 1634 1832 23.):
1668 1777 1868 1821 Narrabo
1899 1791 2048 1825 nomon

12 1844 30 1903 :f
86 1852 218 1896 “mum
233 1846 453 1904 fratribus
481 1845 608 1896 meix
639 1853 687 1888 et
716 1842 854 1888 infra:
883 1844 999 1899 Quia
1023 1858 1117 1902 ergo
1144 1845 1270 1903 pueri
1295 1844 1718 1887 communicaverunt
1748 1844 1869 1889 carni
1893 1848 1932 1887 et
1958 1856 2050 1886 san-

1 1925 16 1943 ’ῑ
83 1911 230 1971 ’κςυίηιζ
259 1917 300 1957 et
318 1913 404 1971 ipse
426 1911 620 1960 similiter
646 1911 928 1969 participavit
952 1909 1113 1955 eisdem.
1149 1910 1198 1955 Si
1224 1919 1376 1954 autem
1411 1909 1619 1954 Christus
1653 1922 1818 1967 corpus
1850 1907 2048 1960 coeleste

86 1977 247 2023 >solum
278 1977 449 2031 habuit,
480 1976 773 2021 manifestum
797 1986 880 2030 est,
906 1990 1047 2034 quum
1071 1990 1157 2021 nos
1191 1989 1356 2034 corpus
1381 1985 1612 2020 terrenum
1638 1976 1903 2030 habeamus,
1926 1976 2048 2034 quod

23 2050 30 2103 j
98 2058 194 2089 non
217 2057 375 2101 sumus
399 2058 455 2087 ex
481 2057 575 2087 uno
602 2057 707 2087 cum
731 2043 847 2101 ipso,
874 2052 919 2087 et
942 2057 1021 2101 per
1044 2057 1328 2102 consequens
1350 2056 1498 2100 neque
1515 2042 1674 2087 fratres
1692 2043 1788 2101 ejus
1805 2056 2049 2102 possumus

10 2118 25 2163 ’ζῑ
95 2110 199 2167 dici,
229 2124 378 2169 neque
403 2110 541 2154 etiam
566 2109 662 2167 ipse
695 2109 980 2168 participavit
1001 2110 1127 2154 carni
1158 2119 1203 2154 et
1228 2109 1465 2167 sanguini3
1498 2123 1606 2152 nam
1637 2119 1798 2153 notum
1825 2119 1894 2153 est
1925 2108 2049 2168 quod

11 2199 22 2230 ³.
95 2190 205 2222 caro
235 2186 281 2221 et
305 2176 490 2233 sanguis
516 2189 572 2220 ex
597 2175 833 2219 elementis
865 2174 1153 2221 inferioribus
1177 2185 1515 2234 componuntur
1541 2186 1584 2220 et
1609 2189 1702 2220 non
1736 2185 1840 2219 sunt
1858 2185 2045 2219 naturae

95 2242 320 2301 coelestis.
340 2242 474 2287 Patet
491 2241 629 2300 igitur
655 2252 814 2286 contra
841 2241 1144 2300 apostolicam
1168 2242 1441 2286 sententiam
1463 2242 1743 2300 praedictam
1769 2242 2046 2301 positionem

10 2326 31 2346 1
94 2322 207 2354 esse.

11 2411 32 2437 „4
176 2374 248 2420 Ea
261 2388 372 2419 vero
389 2374 550 2433 quibus
567 2374 819 2418 innituntur
846 2374 1139 2419 manifestum
1165 2384 1235 2419 est
1251 2373 1416 2418 frivola
1434 2388 1547 2419 esse.
1563 2374 1672 2418 Non
1689 2374 1813 2418 enim
1839 2374 2050 2419 Christus

4 2447 30 2499 ,ξ’
80 2441 326 2489 descendit
356 2441 412 2485 de
438 2440 571 2485 coelo
597 2441 850 2485 secundum
870 2455 1036 2498 corpus
1062 2451 1140 2485 aut
1158 2443 1374 2494 animam,
1391 2441 1470 2485 sed
1488 2441 1740 2484 secundum
1759 2441 1881 2499 quod
1897 2442 2049 2495 Deus3

92 2515 138 2553 e't
150 2507 317 2552 hoc-ex
329 2507 438 2567 ipsis
450 2507 597 2551 verbis
613 2507 805 2552 Domini
821 2507 967 2568 accipi
979 2518 1140 2566 potest.
1157 2507 1315 2559 Quum
1333 2507 1454 2551 enim
1469 2507 1637 2551 diceret
1650 2508 1834 2565 (Joann.
1847 2508 1925 2551 III.
1945 2506 2047 2564 13.):

15 2583 30 2612 ·?
91 2575 227 2622 Nemo
242 2574 424 2619 ascendit
443 2575 490 2618 in
506 2574 676 2627 coelum,
703 2575 785 2618 nisi
809 2575 882 2631 qui
906 2573 1106 2619 descendit
1139 2574 1185 2618 de
1211 2575 1336 2627 coelo,
1357 2574 1578 2631 adjunxit:
1606 2575 1740 2618 Filius
1766 2574 1959 2627 hominis,
1977 2574 2050 2631 qui

16 2690 23 2699 2
91 2642 215 2687 estin
239 2641 348 2685 coelo
361 2655 378 2692 ;
404 2640 454 2684 in
479 2654 570 2698 quo
592 2639 790 2684 ostendit
814 2654 863 2684 se
887 2639 952 2683 ita
977 2639 1264 2684 descendisse
1286 2641 1342 2684 de
1370 2639 1503 2684 coelo
1529 2641 1652 2698 quod
1679 2650 1832 2684 tamen
1850 2640 1897 2684 in
1914 2638 2047 2684 coelo

17 2725 38 2745 ,ς
78 2720 192 2756 ,esse
215 2720 312 2752 non
337 2706 532 2752 desierit.
566 2705 667 2750 Hoc
694 2716 846 2750 autem
872 2706 1107 2764 proprium
1134 2706 1313 2750 deitatis
1346 2716 1414 2750 est
1440 2719 1487 2750 ut
1519 2706 1581 2750 ita
1606 2706 1653 2749 in
1679 2707 1809 2750 terris
1834 2706 1893 2751 sit
1923 2709 2047 2766 quod

79 2785 141 2819 *et
165 2773 348 2819 coelum
385 2772 586 2831 impleat,
622 2773 874 2817 secundum
907 2772 1018 2816 illud
1053 2773 1240 2829 (Jerem.
1277 2772 1445 2817 XXIII.
1472 2772 1591 2829 24.):
1621 2770 1794 2817 Coelum
1818 2779 1856 2818 et
1890 2779 2047 2820 terram

24 2843 53 2895 g
90 2853 161 2898 ego
187 2839 353 2898 impleo.
380 2838 487 2884 Non
520 2852 630 2897 ergo
655 2838 771 2883 Filio
803 2838 906 2891 Dei,
937 2839 983 2882 in
1010 2849 1231 2897 quantum
1257 2839 1382 2882 Deus
1416 2849 1496 2892 est,
1529 2839 1805 2884 descendere
1831 2839 1887 2885 de
1913 2842 2046 2887 coelo

37 2924 41 2935 s
92 2906 314 2964 competit
347 2905 601 2950 secundum
641 2914 820 2949 motum
856 2904 1079 2959 localem;
1110 2919 1218 2948 nam
1253 2905 1376 2963 quod
1412 2904 1619 2949 localiter
1652 2916 1864 2950 movetur
1897 2907 1963 2951 sic
1991 2908 2047 2953 ad

82 2986 234 3017 ¹⁴mmm
253 2971 413 3016 locum
440 2971 616 3017 accedit
631 2971 754 3030 quod
773 2971 826 3014 ab
855 2970 997 3015 altero
1025 2971 1208 3015 recedit.
1226 2972 1404 3015 Dicitur
1429 2971 1565 3030 igitur
1590 2971 1728 3016 Filius
1751 2973 1840 3016 Dei
1865 2973 2049 3019 descen·

83 3038 211 3083 *disse
241 3039 493 3083 secundum
519 3037 608 3082 hoc
626 3038 748 3096 quod
764 3048 990 3081 terrenam
1015 3038 1312 3082 substantiam
1338 3037 1423 3080 sibi
1449 3038 1696 3096 copulavit,
1723 3039 1839 3083 sicut
1860 3049 1905 3083 et
1925 3041 2049 3099 Apo-

91 3104 237 3149 stolus
269 3119 376 3149 eum
407 3104 687 3149 exinanitum
720 3104 843 3158 dixit,
873 3105 920 3148 in
947 3114 1167 3162 quantum
1192 3103 1391 3149 formam
1424 3106 1542 3151 servi
1573 3106 1763 3164 accepit,
1798 3105 1860 3150 ita
1891 3116 2046 3152 tamen

27 3178 41 3230 ,⁷
91 3171 216 3231 quod
240 3170 486 3219 divinitatis
511 3180 721 3215 naturam
746 3185 842 3214 non
872 3171 1077 3228 perdidit.

179 3239 231 3283 Id
255 3253 364 3283 vero
391 3239 513 3298 quod
539 3253 621 3298 pro
648 3239 799 3283 radice
825 3239 958 3296 hujus
985 3238 1222 3297 positionis
1250 3248 1499 3291 assumunt,
1517 3252 1573 3283 ex
1594 3237 1898 3297 superioribus
1925 3248 2048 3298 patet

28 3306 47 3363 s
89 3317 191 3350 esse
214 3304 403 3359 falsum3
430 3316 664 3350 ostensum
691 3315 760 3350 est
774 3306 896 3349 enim
914 3306 960 3348 in
983 3305 1185 3349 secundo
1204 3305 1264 3361 (c.
1291 3303 1332 3350 6.
1349 3314 1395 3349 et
1421 3305 1509 3362 15.)
1538 3306 1660 3364 quod
1677 3305 1762 3350 ista
1785 3306 2040 3365 corporalia

77 3383 187 3416 mon
219 3385 247 3416 a
273 3370 474 3426 diabolo,
499 3371 579 3416 sed
606 3385 632 3415 a
657 3371 760 3417 Deo
793 3380 897 3416 sunt
925 3370 1058 3416 facta.
