2332 3854
135 1210 179 1329 dam,

222 227 333 298 476
838 232 993 279 LIBER
1035 239 1110 279 111.
1153 237 1274 279 CAP.
1315 230 1506 279 exxm.

220 342 418 386 feminae
459 341 513 386 sit
555 341 799 395 individua,
833 347 877 386 e't
910 341 1032 400 quod
1064 342 1122 385 sit
1151 353 1243 384 una
1277 340 1426 394 unius,
1468 341 1670 400 oportuit
1704 340 1796 387 hoc
1833 341 1936 401 lege
1971 333 2175 404 hnmana

221 409 480 453 ordinatum
498 421 612 455 esse.
625 409 718 452 Lex
739 415 890 451 autem
909 407 1059 451 divina
1077 407 1466 466 supernaturalem
1484 407 1732 466 quamdam
1746 409 2177 469 rationem-apponit

223 484 278 519 ex
303 474 635 532 significatione
661 472 972 531 inseparabilis
993 473 1332 532 conjunctionis
1352 474 1523 519 Christi
1539 483 1584 518 et
1598 474 1845 530 Ecclesiae,
1863 479 1979 534 quise
1997 485 2069 520 est
2085 480 2176 520 una

221 555 273 584 ac
299 554 430 586 unus.
466 541 541 584 Sic
574 540 710 598 igitur
741 539 1100 583 inordinationes
1134 540 1255 583 circa
1296 544 1447 584 actum
1485 541 1790 598 generationis
1813 553 1908 585 non
1932 540 2179 586 solumin-

220 607 403 651 stinctui
442 606 634 649 naturali
661 615 929 664 repugnant,
962 605 1039 649 sed
1074 605 1212 650 etiam
1245 605 1370 665 leges
1407 598 1580 651 divinas
1615 616 1660 650 et
1699 606 1927 652 humanas
1958 611 2181 671 transgre-

222 675 425 717 diuntur:
461 673 579 716 unde
608 673 729 715 circa
755 672 845 715 hoc
873 672 1019 731 magis
1044 687 1098 716 ex
1120 672 1456 736 inordinatione
1482 681 1696 731 peccatur
1722 681 1859 732 quam
1886 673 2006 718 circa
2029 674 2180 734 supet-²

222 740 441 783 fluitatem
463 738 564 791 cibi,
585 747 660 781 aut
679 738 861 782 alterius
878 738 1157 795 hujusmodi.
1177 738 1301 790 Quia
1316 752 1504 783 necesse
1523 747 1590 782 est
1607 738 1719 782 adid
1735 739 1867 797 quod
1871 744 1938 784 est
1951 740 2179 801 ῠβιίλιιιιιιι

221 806 268 848 ιιι
294 805 499 857 homine,
542 804 630 847 alia
668 804 824 847 omnia
857 805 1072 858 ordinari,
1112 805 1374 863 conjunctio
1415 805 1553 848 maris
1588 814 1633 848 et
1662 803 1860 850 feminae
1898 812 1995 850 non
2027 806 2179 850 solum

220 873 283 915 sic
312 871 519 914 ordinata
547 880 615 914 est
639 869 814 928 legibus
840 870 1093 914 secundum
1120 872 1244 930 quod
1271 871 1327 915 ad
1352 870 1530 930 prolem
1558 871 1866 928 generandam
1889 872 2098 935 pertinet,
2130 880 2180 920 ut

221 947 288 982 est
312 938 358 980 in
386 937 484 980 aliis
511 936 797 991 animalibus,
824 938 904 981 sed
930 938 1068 982 etiam
1097 937 1349 983 secundum
1375 938 1497 997 quod
1519 938 1733 982 convenit
1759 938 1815 982 ad
1840 939 1988 985 bonos
2009 938 2178 995 mores,

220 1018 334 1063 quos
360 1004 474 1047 ratio
501 1013 625 1047 recta
652 1003 850 1061 disponit
874 1003 949 1047 vel
976 1011 1198 1062 quantum
1223 1005 1281 1048 ad
1303 1004 1542 1048 hominem
1565 1004 1816 1048 secundum
1840 993 2179 1060 εξἛὲΓῗὲἕῗῗι-

219 1071 329 1114 dum
356 1069 479 1128 quod
504 1069 650 1113 homo
669 1078 738 1113 est
763 1083 865 1128 pars
887 1070 1173 1114 domesticae
1198 1070 1415 1124 familiae,
1443 1081 1519 1114 aut
1535 1070 1679 1115 civilis
1699 1066 1942 1116 societatis.
1966 1072 2040 1116 Ad
2061 1077 2179 1132 quos

219 1137 403 1195 quidem
440 1137 586 1180 bonos
620 1149 773 1180 mores
810 1137 1004 1194 pertinet
1038 1137 1270 1181 individua
1304 1137 1567 1196 conjunctio
1597 1138 1736 1182 maris
1770 1147 1821 1182 et
1857 1137 2080 1183 Femina&
2100 1140 2178 1184 sie

220 1204 342 1247 enim
370 1203 452 1247 erit
473 1202 651 1247 fidelior
678 1212 809 1247 amor
834 1203 966 1247 unius
995 1203 1051 1247 ad
1084 1203 1292 1258 alterum,
1316 1203 1428 1247 dum
1460 1212 1750 1261 cognoscunt
1773 1212 1823 1249 s'e
1847 1203 2179 1250 indivisibiliter

219 1271 503 1328 conjunctos.
525 1269 622 1314 Er'it
646 1252 825 1313 'etiam
812 1269 1045 1329 utriusque
1071 1269 1309 1314 sollicitior
1336 1280 1442 1314 cura
1463 1270 1510 1313 in
1531 1270 1665 1314 rebus
1692 1270 1972 1326 domesticis,
1993 1270 2108 1315 dum
2128 1277 2179 1317 -se

218 1346 437 1395 perpetuo
481 1344 830 1380 commansuros
870 1335 918 1379 in
956 1337 1222 1380 earumdem
1248 1344 1400 1380 rerum
1436 1337 1725 1396 possessione
1761 1337 2061 1382 existimant}
2083 1338 2182 1382 sub*

217 1403 456 1447 trahuntur
483 1403 622 1447 etiarn
649 1416 703 1446 ex
735 1403 826 1447 hoc
862 1402 1193 1447 discordiarum
1230 1402 1446 1461 origines,
1472 1412 1584 1461 quas
1621 1407 1873 1466 oporteret
1888 1403 2124 1459 aecide‘ie,
2140 1404 2182 1450 ni

217 1469 286 1512 vir
311 1483 502 1513 uxorem
531 1469 791 1523 dimitteret,
823 1469 939 1513 inter
967 1481 1073 1513 eum
1107 1476 1151 1514 et
1181 1469 1459 1528 propinquos
1494 1469 1673 1524 uxoris3
1706 1474 1751 1515 et
1781 1463 1832 1515 fit
1858 1469 2049 1515 ίὶι·“ιιιιιιιιι
2063 1471 2182 1516 ‘mter

220 1534 377 1580 affines
403 1535 613 1601 dilectio:
639 1535 862 1580 tolluntur
895 1536 1033 1580 etiam
1071 1529 1397 1580 adulteriorum
1424 1536 1718 1613 occasiones,
1743 1542 1861 1596 quae
1886 1531 2114 1592 dare‘nffir,
2142 1539 2182 1583 si

218 1603 285 1646 vir
310 1612 501 1647 uxorem
533 1603 759 1647 dimittere
785 1611 952 1662 posset,
981 1612 1057 1647 aut
1083 1610 1107 1647 e
1135 1616 1373 1647 converso.
1406 1597 1494 1647 Per
1524 1602 1615 1647 hoc
1648 1603 1775 1648 enim·-
1801 1604 1987 1650 dafetfii·
2004 1604 2086 1648 via
2115 1602 2180 1649 fe*

220 1669 350 1713 cilior
375 1669 650 1714 sollicitandi
682 1669 977 1713 matrimonia
1004 1670 1166 1714 aliena.

310 1736 429 1779 Hinc
456 1744 525 1780 est
546 1736 670 1794 quod
695 1735 858 1779 dicitur
885 1736 1067 1793 (Matth.
1087 1736 1143 1779 V.
1184 1747 1251 1794 32.
1280 1745 1325 1780 et
1354 1735 1478 1780 XIX.
1505 1750 1545 1794 9.
1563 1736 1668 1781 etI.
1695 1735 1907 1781 Corinth
1939 1736 2040 1783 vn.
2067 1736 2180 1795 ὧδὲ
2212 1730 2216 1732 ’

223 1803 312 1860 Ego
339 1808 475 1846 autem
497 1802 587 1846 dico
619 1804 736 1846 vobis
760 1817 934 1847 uxorem
961 1803 1014 1846 ad
1040 1803 1205 1847 libitum
1232 1817 1259 1847 a
1282 1805 1378 1847 viro
1404 1817 1487 1847 non
1509 1803 1720 1850 discedere.

312 1869 399 1912 Per
425 1869 514 1912 hoc
543 1877 696 1912 autem
724 1868 975 1913 excluditur
999 1859 1284 1914 consuetudo
1317 1870 1641 1914 dimittentium
1668 1883 1845 1925 uxores,
1867 1871 1995 1931 qiiod
2025 1877 2180 1917 tamen

224 1934 271 1978 in
297 1935 439 1979 veteri
459 1934 561 1993 lege
587 1937 857 2012 permissum
889 1934 973 1979 fuit
992 1936 1174 1993 Judaeis
1207 1943 1390 1994 propter
1426 1948 1587 1980 eorum
1618 1932 1848 1991 duritiam,
1875 1939 1980 1998 qtiia
2005 1938 2181 1984 seilicet

223 2001 357 2060 proni
383 2010 510 2045 erant
537 2001 593 2044 ad
620 2002 902 2045 occisionem
928 2010 1137 2046 uxorum.
1170 2002 1449 2046 Permissum
1477 2016 1588 2060 ergo
1619 2001 1704 2047 fuit
1736 2004 1887 2048 minus
1913 2003 2088 2049 malum
2122 2004 2179 2049 'ad

221 2067 556 2112 excludendum
583 2069 730 2126 majus
758 2068 945 2112 malum.
2110 2090 2113 2094 ·

922 2215 1177 2280 CAPUT
1221 2214 1478 2282 CXXIV.

428 2360 587 2407 QUOD
630 2355 1026 2401 MATRIMONIUM
1058 2359 1275 2400 DEBEAT
1315 2361 1442 2400 ESSE
1482 2360 1646 2402 UNIUS
1686 2354 1761 2400 AD
1802 2359 1974 2402 UNAM.

314 2469 712 2514 Considerandum
739 2480 892 2514 autem
920 2470 1096 2515 videtur
1122 2471 1243 2530 quod
1270 2471 1478 2515 innatum
1505 2477 1572 2516 est
1597 2468 1825 2516 mentibus
1851 2471 2062 2521 omnium
2084 2472 2178 2516 vani-

221 2535 415 2580 maliurn
442 2545 558 2596 quae
578 2537 699 2580 coitu
718 2544 915 2590 utuntur,
940 2537 1060 2596 quod
1075 2538 1360 2582 consortium
1377 2539 1423 2582 in
1444 2539 1649 2597 compari
1667 2547 1764 2582 ιιοιι
1786 2538 2042 2597 patiuntur3
2061 2539 2180 2583 unde

220 2613 403 2662 propter
420 2603 593 2648 coitum
618 2617 802 2680 pugnae
819 2604 866 2647 in
885 2603 1155 2648 animalibus
1178 2605 1407 2649 exsistunt
1427 2605 1484 2649 Et
1500 2606 1685 2664 quidem
1705 2614 1928 2664 quantum
1944 2605 2003 2650 ad
2023 2605 2182 2650 munia

223 2670 437 2714 animalia
477 2679 546 2714 est
575 2684 665 2714 una
693 2670 969 2715 conveniens
1001 2671 1133 2725 ratio,
1168 2672 1275 2730 quia
1309 2671 1544 2731 quodlibet
1580 2671 1752 2716 animal
1788 2673 2015 2717 desiderat-
2041 2672 2180 2718 libere

219 2732 307 2780 frui
334 2736 567 2796 voluptate
606 2738 772 2791 coitus,
779 2739 924 2781 -sicut
928 2737 1105 2782 etiam
1113 2737 1369 2797 voluptate
1379 2739 1494 2783 cibi·
1530 2749 1646 2797 quae
1678 2738 1862 2798 quidem
1888 2738 2071 2784 iiberta's
2100 2739 2183 2783 ἰλιι-

222 2803 399 2861 peditur
424 2819 504 2862 per
529 2804 619 2848 hoc
649 2801 770 2862 quod
798 2804 853 2848 ad
880 2818 1019 2848 unam
1042 2804 1192 2863 plures
1226 2805 1461 2859 accedun-t,
1487 2815 1565 2849 aut
1591 2819 1615 2849 e
1642 2814 1891 2860 converso}
1922 2804 2181 2853 sicutssinfliu

219 2871 391 2914 bertate
417 2869 593 2914 fruendi
616 2871 717 2915 cibo
740 2869 983 2928 impeditur
999 2871 1185 2930 aliquod
1204 2870 1387 2927 animal,
1414 2872 1452 2916 si
1478 2872 1631 2915 cibum
1658 2881 1795 2931 quem
1817 2872 1970 2931 ipsum
1988 2876 2176 2917 ¹surium!

221 2937 346 2996 cupit
378 2937 498 2981 aliud
527 2937 699 2981 animal
725 2945 933 2996 usurpet3
961 2947 1004 2982 et
1030 2937 1134 2982 ide'o
1162 2938 1369 2983 similiter
1393 2948 1577 3016 propter
1611 2939 1777 2993 cibum,
1797 2946 1846 2982 et
1876 2941 2061 2997 propter
2082 2939 2180 2983 coi-

218 3010 321 3047 turn
338 3004 553 3048 animalia
570 3013 786 3063 pugnant.
804 3005 855 3048 In
871 3005 1133 3049 hominibus
1153 3013 1305 3049 autem
1324 3016 1391 3050 est
1412 3006 1528 3050 ratio
1547 3005 1769 3082 specialis,
1793 3004 1913 3064 quia,
1934 3014 1983 3050 ut
2001 3005 2176 3050 dietum

221 3080 302 3124 est,
329 3070 475 3114 horno
501 3071 763 3135 naturaliter
789 3070 1013 3137 desiderat
1039 3080 1188 3116 certus
1215 3082 1312 3116 esse
1340 3072 1394 3115 de
1420 3066 1587 3131 prole}⁴⁷
1600 3067 1723 3130 quae
1722 3070 1928 3130 quidem
1954 3070 2177 3116 certitudo

220 3137 413 3180 omnino
439 3131 675 3182 tolleretur
695 3131 734 3181 si
748 3129 911 3197 plures
938 3130 1136 3182 essent
1105 3131 1251 3182 unius.
1227 3134 1581 3183 “Exffi't‘ffii
1570 3138 1706 3197 igitur
1727 3137 1940 3182 instinctu
1972 3136 2178 3219 procedit

222 3204 345 3261 quod
372 3204 428 3247 sit
459 3217 549 3247 una
581 3204 727 3248 unius.

312 3270 435 3314 Sed
424 3285 471 3315 m
489 3271 578 3316 hoc
605 3270 857 3315 differentia
884 3272 1214 3316 consideranda
1246 3281 1325 3316 est.
1355 3270 1594 3324 Quantum
1620 3272 1743 3316 enim
1762 3271 1817 3316 ad
1833 3271 1932 3317 ime
1944 3270 2072 3331 quod
2084 3280 2179 3316 uta

220 3335 390 3380 femina
422 3351 448 3380 a
481 3337 679 3396 pluribus
711 3338 911 3382 maribus
942 3348 1036 3383 non
1071 3349 1390 3398 cognoscatur,
1433 3348 1623 3397 utraque
1665 3336 1999 3397 praedictarum
2048 3336 2182 3382 ratio-

220 3415 332 3446 num
373 3405 620 3459 concurrit;
653 3405 733 3449 sed
765 3414 986 3463 quantum
1019 3405 1075 3449 ad
1107 3405 1198 3449 hoc
1231 3405 1354 3464 quod
1396 3416 1512 3450 unus
1545 3418 1643 3450 mas
1675 3404 1825 3464 plures
1859 3403 2054 3449 feminas
2083 3413 2179 3450 non

222 3480 486 3528 cognoscat,
513 3483 607 3515 non
632 3470 741 3515 facit
766 3473 881 3515 ratio
907 3472 1120 3516 secunda.
1154 3470 1260 3516 Non
1292 3472 1415 3515 enim
1448 3471 1672 3516 certitudo
1698 3469 1840 3530 prolis
1853 3469 2109 3530 >impeditur
2139 3469 2179 3514 si

222 3547 338 3579 unus
370 3549 469 3580 mas
501 3537 651 3595 plures
677 3536 873 3582 seminas
904 3548 1179 3597 cognoscat3
1219 3534 1327 3581 facit
1358 3547 1513 3582 autem
1545 3547 1704 3583 contra
1742 3534 1836 3583 hoe
1863 3534 2174 3596 tatia-:prima

222 3601 344 3645 Nam
386 3603 501 3647 sicut
530 3602 714 3648 libertas
745 3604 901 3649 utendi
933 3603 1104 3649 femina
1136 3619 1161 3649 a
1194 3616 1319 3648 mare
1343 3601 1518 3648 tollitur
1550 3604 1588 3648 si
1619 3603 1788 3648 femina
1819 3602 1987 3648 habent
2009 3601 2179 3658 alium,

2318 2402 2332 2414 ,Ρ
2305 2151 2332 2394 {Qu-mma,
2320 2141 2332 2148 ,1
2321 2097 2332 2138 ἰιι-.-
