2332 3854
863 210 1019 251 tum<
1056 210 1091 249 1.
1134 210 1255 250 CAP.
1295 208 1413 247 xm.
2051 211 2110 264 15

157 315 338 378 proprie
365 314 531 374 accipit
554 322 750 368 motum,
776 312 1028 357 secundum
1064 311 1190 372 quod
1216 320 1285 357 est
1315 321 1443 356 actus
1475 311 1705 356 existentis
1735 312 1783 355 in
1814 312 2019 371 potentia
2050 325 2118 357 se-

158 383 358 429 cundum
383 382 506 441 quod
536 378 818 439 hujusmodi,
843 378 1037 438 qualiter
1060 391 1155 423 non
1181 388 1251 423 est
1273 378 1361 423 nisi
1383 377 1677 422 divisibilium
1705 388 1750 423 et
1775 390 2038 436 corporum,
2069 388 2119 424 ut

155 450 371 510 probatur
395 449 441 492 in
478 457 605 492 sexto
637 445 820 505 Physic.
857 446 910 503 (t.
938 460 977 489 c.
1009 446 1113 504 32.).
1143 444 1406 490 Secundum
1439 444 1683 489 Platonem
1724 454 1892 499 autem,
1924 459 2118 490 movens

155 516 355 576 seipsum
373 528 467 559 non
490 525 558 558 est
584 526 762 572 corpus.
791 512 1061 572 Accipiebat
1085 512 1208 556 enim
1226 522 1407 556 motum
1429 526 1511 571 pro
1539 512 1740 571 qualibet
1759 512 2039 570 operatione,
2057 513 2119 556 ita

155 583 279 644 quod
305 581 559 640 intelligere
575 590 620 625 et
635 578 815 639 operari
835 579 893 623 sit
909 579 1142 638 quoddam
1159 579 1360 633 moveri3
1379 591 1516 638 quem
1535 580 1672 623 etiam
1692 580 1882 623 modum
1900 578 2119 637 loquendi

155 649 429 695 Aristoteles
455 648 601 706 tangit
624 646 670 690 in
692 646 826 691 tertio
852 646 924 690 De
952 646 1106 689 anima
1129 646 1180 703 (t.
1204 660 1243 690 c.
1272 646 1379 702 20.).
1409 645 1673 690 Secundum
1695 646 1786 689 hoc
1809 659 1918 704 ergo
1941 646 2120 690 dicebat

157 716 357 778 primum
394 728 588 759 movens
620 713 822 773 seipsum
859 726 1060 766 movere,
1101 712 1223 771 quod
1256 712 1469 771 intelligit
1504 726 1566 766 se,
1586 722 1631 757 et
1662 713 1759 757 vult
1792 712 1867 756 vel
1893 723 2018 757 amat
2042 726 2119 767 se;

161 784 284 845 quod
312 784 366 842 ,in
390 782 558 842 'aliquo
589 795 683 826 non
718 790 943 843 repugnat
974 779 1223 824 rationibus
1249 779 1523 824 Aristotelis.
1547 778 1675 824 Nihil
1714 779 1838 824 enim
1865 778 2014 823 differt
2049 780 2121 823 de-

154 852 311 896 venire
335 850 381 894 in
404 848 589 908 aliquod
615 848 815 907 primum
836 846 964 906 quod
990 856 1178 891 moveat
1198 860 1261 900 se,
1279 847 1531 891 secundum
1554 847 1811 901 Platonem,
1834 855 1880 891 et
1901 845 2116 890 devenire

86 920 89 931 ²
158 918 215 965 ad
240 917 440 979 primum
472 915 596 976 quod
628 914 821 959 omnino
847 914 904 959 sit
927 912 1182 967 immobile,
1208 913 1460 957 secundum
1487 912 1801 958 Aristotelem.

246 984 402 1030 Aliam
435 993 588 1028 autem
614 981 992 1041 propositionem,
1018 980 1195 1024 scilicet
1230 980 1354 1039 quod
1380 981 1426 1024 in
1459 980 1749 1025 moventibus
1774 990 1820 1024 et
1855 979 1994 1024 motis
2025 993 2120 1025 non

157 1052 215 1099 sit
237 1051 484 1112 procedere
509 1051 557 1094 in
582 1049 825 1103 infinitum,
853 1049 1015 1107 probat
1037 1048 1179 1092 tribus
1205 1047 1470 1093 rationibus.

249 1118 459 1172 Quarum
485 1119 630 1177 prima
665 1116 767 1161 talis
794 1126 861 1160 est
887 1116 1046 1174 (Phys.
1073 1114 1174 1158 VII.
1202 1125 1232 1159 t.
1261 1129 1300 1158 c.
1331 1129 1368 1173 3.
1396 1125 1440 1159 et
1476 1116 1591 1169 10.):
1621 1115 1672 1160 Si
1701 1115 1749 1160 in
1782 1114 2039 1160 motoribus
2074 1125 2121 1160 et

158 1186 297 1232 motis
321 1183 582 1245 proceditur
597 1186 644 1228 in
660 1182 902 1236 infinitum,
922 1192 1104 1242 oportet
1136 1183 1293 1226 omnia
1310 1181 1574 1239 hujusmodi
1596 1181 1772 1247 infinita
1790 1196 1985 1242 corpora
1998 1195 2120 1237 esse,

158 1254 266 1316 quia
290 1267 430 1300 omne
456 1253 579 1312 quod
600 1261 811 1296 movetur
829 1261 896 1295 est
913 1249 1135 1294 divisibile
1154 1259 1199 1293 et
1217 1263 1396 1308 corpus,
1414 1259 1465 1293 ut
1480 1249 1696 1309 probatur
1716 1250 1764 1295 in
1790 1260 1919 1295 sexto
1936 1249 2120 1309 Physic.

160 1322 212 1380 (t.
238 1334 279 1366 c.
306 1321 412 1380 33.).
441 1319 597 1365 Omne
625 1328 776 1362 autem
804 1331 970 1375 corpus
996 1317 1118 1375 quod
1141 1326 1299 1360 movet
1320 1325 1515 1370 motum,
1539 1316 1676 1361 simul
1703 1316 1814 1361 dum
1830 1326 2004 1371 movet,
2025 1330 2124 1361 mo-

159 1396 310 1443 vetur;
337 1401 448 1446 ergo
466 1387 624 1430 omnia
648 1385 734 1429 ista
758 1384 934 1428 infinita
958 1383 1095 1428 simul
1122 1393 1379 1438 moventur,
1406 1384 1515 1427 dum
1533 1398 1676 1427 unum
1704 1398 1866 1428 eorum
1887 1393 2123 1438 movetur;

160 1454 239 1501 sed
266 1468 409 1499 unum
435 1466 610 1506 eorum,
630 1466 771 1510 quum
787 1451 844 1495 sit
861 1451 1053 1503 finitum,
1071 1459 1283 1494 movetur
1300 1459 1508 1509 tempore
1525 1450 1653 1494 finito
1672 1450 1831 1510 (Phys.
1850 1450 1949 1494 VII.
1967 1460 1998 1495 t.
2022 1465 2061 1495 c.
2079 1451 2121 1495 8.

161 1530 206 1568 et
235 1522 408 1580 seqq.);
434 1533 544 1578 ergo
571 1519 727 1562 omnia
751 1517 832 1561 illa
858 1517 1031 1560 infinita
1058 1526 1302 1560 moventur
1323 1526 1530 1574 tempore
1563 1516 1707 1561 finit0.
1736 1518 1837 1561 Hoc
1870 1527 2023 1562 autem
2056 1527 2125 1562 est
2163 1572 2165 1575 Ι

160 1586 466 1646 impossibile3
493 1598 603 1644 ergo
629 1582 912 1643 impossibile
939 1593 1007 1627 est
1029 1582 1151 1641 quod
1183 1583 1231 1626 in
1258 1584 1512 1628 motoribus
1539 1593 1584 1627 et
1609 1583 1746 1628 motis
1773 1585 2044 1643 procedatur
2075 1584 2121 1628 in

159 1653 400 1699 infinitum.
1518 1708 1520 1710 .

249 1718 390 1772 Quod
418 1728 570 1763 autem
591 1718 650 1762 sit
672 1716 955 1776 impossibile
981 1716 1104 1776 quod
1130 1716 1305 1760 infinita
1340 1717 1571 1776 praedicta
1603 1728 1877 1762 moveantur
1911 1728 2122 1778 tempore

157 1785 301 1841 finito,
318 1786 383 1831 sic
408 1785 589 1845 probat:
616 1785 811 1828 Movens
838 1793 883 1828 et
903 1794 1083 1827 motum
1111 1793 1292 1842 oportet
1309 1798 1407 1829 esse
1426 1785 1575 1840 simul,
1595 1795 1644 1829 ut
1660 1786 1838 1844 probat,
1859 1785 2122 1830 inducendo

157 1853 207 1899 in
230 1852 421 1913 singulis
446 1851 682 1912 speciebus
714 1861 881 1896 motus.
911 1851 1001 1895 Sed
1028 1865 1225 1909 corpora
1250 1865 1345 1895 non
1386 1862 1578 1911 possunt
1601 1852 1739 1910 simul
1772 1867 1887 1908 esse,
1922 1854 2012 1898 nisi
2042 1868 2123 1913 per

162 1920 510 1966 continuitatem
534 1919 609 1963 vel
636 1918 1045 1977 contignationem.
1081 1917 1241 1970 Quum
1277 1933 1387 1977 ergo
1421 1919 1578 1963 omnia
1613 1920 1859 1978 praedicta,
1890 1921 2124 1965 moventia

161 1997 207 2033 et
230 1997 372 2041 mota,
398 1987 488 2031 sint
513 1999 723 2044 corpora,
749 1995 798 2030 ut
823 1985 1066 2044 probatum
1092 1995 1173 2039 est,
1192 1995 1373 2043 oportet
1390 1987 1513 2045 quod
1539 1987 1628 2032 sint
1645 1987 1775 2045 quasi
1791 2002 1935 2031 unum
1951 1988 2123 2032 mobile

161 2068 242 2115 per
266 2053 660 2099 continuationem
696 2052 771 2096 vel
799 2052 1204 2111 contignationem.
1242 2053 1299 2096 Et
1334 2053 1398 2096 sic
1437 2068 1580 2097 unum
1606 2054 1833 2097 infinitum
1866 2055 2124 2099 movebitur

156 2131 366 2181 tempore
382 2120 537 2175 finito;
560 2121 682 2179 quod
701 2130 769 2164 est
784 2119 1081 2178 impossibile,
1098 2130 1148 2163 ut
1162 2119 1379 2178 probatur
1394 2120 1441 2163 in
1458 2130 1585 2164 sexto
1604 2121 1786 2180 Physic.
1806 2123 1857 2179 (t.
1877 2136 1914 2165 c.
1935 2121 2121 2179 60-74.).

251 2188 465 2246 Secunda
489 2188 605 2232 ratio
647 2187 704 2230 ad
739 2187 864 2230 idem
903 2186 1190 2245 probandum
1216 2186 1318 2230 talis
1345 2197 1412 2231 est
1439 2188 1598 2246 (Phys.
1626 2198 1656 2231 t.
1686 2201 1724 2232 c.
1761 2202 1828 2246 33.
1857 2201 1902 2232 et
1931 2190 2044 2247 34.):
2069 2189 2122 2232 In

160 2255 450 2301 moventibus
477 2265 522 2299 et
547 2254 685 2298 motis
713 2253 946 2307 ordinatis,
974 2267 1171 2312 quorum
1207 2252 1384 2298 scilicet
1414 2268 1556 2298 unum
1591 2269 1671 2313 per
1702 2256 1911 2300 ordinem
1950 2257 2003 2305 ab
2032 2255 2123 2300 alio

159 2332 386 2377 movetur,
410 2321 501 2367 hoc
518 2335 705 2366 necesse
731 2331 799 2365 est
813 2321 1020 2375 inveniri,
1038 2320 1176 2380 quod,
1194 2331 1373 2365 remoto
1399 2322 1549 2380 primo
1584 2332 1799 2367 movente
1825 2323 1899 2367 vel
1917 2332 2123 2368 cessante

158 2405 187 2437 a
222 2391 446 2444 motione,
486 2388 666 2433 nullum
709 2388 904 2432 aliorum
946 2388 1150 2432 movebit
1184 2403 1332 2448 neque
1370 2389 1658 2444 movebitur3
1691 2391 1798 2449 quia
1824 2391 2023 2450 primum
2057 2402 2126 2435 est

161 2470 299 2504 causa
323 2457 542 2502 movendi
566 2457 779 2502 omnibus
805 2455 918 2502 aliis.
943 2456 1033 2501 Sed
1061 2456 1099 2500 si
1130 2466 1234 2501 sunt
1260 2458 1493 2502 moventia
1516 2468 1560 2502 et
1585 2468 1712 2502 mota
1738 2473 1819 2517 per
1845 2459 2054 2503 ordinem
2077 2460 2123 2503 in

160 2525 403 2579 infinitum,
427 2539 523 2569 non
550 2524 634 2568 erit
660 2523 843 2583 aliquod
876 2524 1076 2582 primum
1109 2538 1316 2578 movens,
1352 2525 1432 2569 sed
1459 2525 1616 2568 omnia
1649 2536 1781 2570 erunt
1817 2526 1946 2585 quasi
1971 2526 2124 2570 media

159 2592 405 2638 moventia.
442 2591 564 2651 Ergo
590 2590 769 2635 nullum
805 2590 1000 2635 aliorum
1036 2591 1203 2650 poterit
1237 2592 1429 2645 moveri,
1466 2602 1511 2636 et
1545 2592 1609 2636 sic
1644 2592 1760 2636 nihil
1795 2593 2053 2637 movebitur
2077 2594 2124 2637 in

161 2660 350 2705 mundo.

176 2750 179 2756 ‹
252 2726 410 2772 Tertia
435 2727 645 2786 probatio
661 2725 708 2770 in
733 2725 856 2771 idem
873 2726 1002 2780 redit,
1019 2726 1106 2771 nisi
1124 2726 1246 2785 quod
1263 2736 1331 2771 est
1349 2727 1507 2771 ordine
1525 2737 1844 2782 transmutato,
1862 2728 2123 2787 incipiendo

160 2793 335 2840 scilicet
360 2808 385 2838 a
411 2792 652 2854 superiori;
686 2802 731 2837 et
766 2803 834 2837 est
867 2793 969 2837 talis
1003 2793 1164 2852 (Phys.
1191 2793 1312 2838 VIII.
1350 2804 1380 2838 t.
1414 2796 1527 2851 35.):
1555 2795 1605 2838 Id
1632 2795 1755 2854 quod
1789 2806 1946 2840 movet
1966 2795 2124 2840 instru-

162 2861 435 2916 mentaliter,
460 2873 554 2905 non
580 2869 731 2919 potest
765 2874 967 2915 movere,
1004 2860 1090 2904 nisi
1126 2860 1183 2904 sit
1217 2859 1400 2919 aliquid,
1433 2861 1556 2920 quod
1591 2862 1899 2921 principaliter
1924 2872 2123 2907 moveat.

163 2927 254 2973 Sed
280 2928 319 2974 si
342 2928 390 2972 in
415 2927 642 2972 infinitum
678 2926 952 2985 procedatur
982 2927 1029 2970 in
1062 2927 1352 2972 moventibus
1387 2938 1433 2972 et
1458 2929 1611 2983 motis,
1649 2930 1806 2973 omnia
1832 2939 1964 2974 erunt
1995 2931 2123 2988 quasi

162 2993 567 3040 instrumentaliter
580 2993 830 3048 moventia,
848 2993 954 3052 quia
980 3004 1257 3052 ponerentur
1274 2995 1392 3039 sicut
1408 2996 1643 3041 moventia
1661 3006 1810 3051 mota3
1836 2996 1951 3040 nihil
1969 3006 2123 3041 autem

165 3061 251 3107 erit
274 3063 390 3106 sicut
413 3060 663 3121 principale
690 3067 909 3116 movens;
936 3075 1047 3120 ergo
1079 3061 1194 3105 nihil
1219 3061 1492 3107 movebitur.

252 3127 310 3172 Et
333 3127 405 3172 sic¹
425 3138 547 3186 patet
568 3128 778 3187 probatio
805 3129 1036 3187 utriusque
1054 3129 1396 3187 propositi0nis,
1422 3143 1539 3188 quae
1557 3130 1897 3189 supponebatur
1912 3130 1958 3174 in
1975 3131 2123 3190 prima

165 3194 566 3240 demonstrationis
603 3195 692 3248 via,
726 3209 814 3254 qua
846 3195 1008 3255 probat
1038 3195 1309 3240 Aristoteles
1342 3210 1439 3241 esse
1465 3196 1664 3256 primum
1693 3207 1923 3241 motorem
1957 3197 2124 3242 immo-

164 3261 319 3307 bilem.

258 3328 468 3373 Secunda
494 3328 568 3373 via
582 3328 686 3374 talis
712 3339 799 3374 est:
829 3329 879 3374 Si
905 3343 1044 3374 omne
1071 3343 1265 3373 movens
1291 3340 1514 3383 movetur,
1543 3341 1620 3374 aut
1640 3330 1755 3374 haec
1783 3331 2035 3391 propositio
2058 3342 2126 3377 est

165 3408 272 3441 vera
297 3409 374 3455 per
391 3409 454 3448 se,
475 3404 552 3440 aut
577 3409 657 3455 per
673 3396 898 3441 accidens.
927 3397 977 3441 Si
1002 3411 1082 3456 per
1105 3397 1330 3450 accidens,
1349 3411 1458 3455 ergo
1476 3411 1570 3440 non
1597 3407 1664 3441 est
1688 3399 1970 3454 necessaria;
2001 3400 2124 3459 quod

166 3462 289 3507 enim
306 3472 375 3507 est
393 3475 471 3521 per
497 3462 708 3507 accidens
725 3477 901 3518 verum,
928 3478 1022 3508 non
1049 3474 1115 3507 est
1137 3464 1470 3516 necessarium3
1498 3464 1769 3523 contingens
1802 3475 1869 3510 est
1895 3479 2005 3525 ergo
2031 3465 2127 3510 nul-

167 3527 265 3574 lum
296 3542 489 3573 movens
526 3529 719 3574 moveri.
743 3529 834 3575 Sed
860 3531 898 3575 si
934 3543 1127 3574 movens
1159 3544 1253 3573 non
1286 3540 1511 3584 movetur,
1538 3544 1632 3575 non
1659 3541 1829 3586 movet,
1850 3542 1899 3576 ut
1925 3533 2128 3577 adversa-

167 3595 259 3641 rius
285 3594 419 3650 dicit3
446 3609 556 3655 ergo
579 3596 850 3656 contingens
883 3606 963 3652 est,
989 3596 1103 3641 nihil
1131 3610 1342 3642 movere:
1368 3610 1475 3641 nam
1498 3597 1535 3642 si
1561 3597 1675 3642 nihil
1702 3609 1871 3654 movet,
1897 3598 2012 3644 nihil
2028 3612 2124 3645 mo-
