2274 3886
218 252 271 288 VI
921 252 1035 291 CON
1046 253 1144 290 I'RA
1188 251 1469 290 GENTILES.
1514 300 1517 301 ⁷

216 353 314 407 viri
347 371 411 407 ex
445 345 607 411 clero
615 351 963 430 populoque,
974 352 1246 423 instinctu
1252 347 1501 427 quodam
1515 348 1756 411 ekeels»
1750 320 2163 422 animtaetffeffi·

216 435 390 507 gionis
444 452 528 489 ac
549 431 964 525 munificentiae,
1001 434 1055 488 in
1097 452 1217 490 eam
1256 434 1657 509 cogitationem
1669 423 1905 506 *adducti
1926 436 2083 502 sunt‚·
2092 428 2172 512 iltJ

218 514 456 571 codicem
490 515 589 570 sibi
622 534 738 570 aere
771 531 1031 608 pararent,
1064 516 1346 572 universae
1369 509 1676 575 dioeceseos
1698 514 2173 600 noniiiiesanctisaess

218 601 354 654 simo
390 601 487 654 Pio
511 600 591 655 IX
618 599 776 654 Pont.
806 599 949 653 Max.
971 597 1091 653 vice
1113 591 1386 654 Petrianae
1407 600 1569 677 stipis·
1566 589 1948 660 dedicandum.
1974 590 2089 656 Res}
2091 597 2171 681 3'd,

216 697 460 754 optatum
483 681 685 736 exitum
709 681 814 735 cito
839 676 1091 754 perducta
1116 695 1211 748 est,
1232 680 1420 738 solutis
1441 688 1821 758 argenteorum
1836 659 2162 774 &mula

216 779 268 818 et
299 778 526 819 exeunte
559 783 700 817 anno
723 776 1105 831 MDCCCLXXVI,
1124 762 1232 836 ipse
1266 764 1667 836 Bergomatium
1695 760 1982 830 Pontifex,
1993 779 2026 835 q

216 847 268 900 in
303 845 505 900 Urbem
534 844 766 917 Sepulcri
799 844 1184 917 Apostolorum
1215 844 1421 900 visendi
1460 865 1614 900 causa
1653 845 1902 912 venisset,
1943 862 2163 898 munere

216 944 265 982 et
300 926 505 982 honore
539 926 637 981 sibi
671 924 842 981 delato
876 945 973 999 pro
1008 925 1264 999 dignitate
1304 926 1515 983 functus
1549 942 1654 983 est:
1698 947 1823 982 nam
1863 926 1946 982 sui
1984 924 2162 998 gregis

214 1025 393 1082 pastor
425 1029 485 1064 ac
518 1009 721 1081 legatus
746 1009 1190 1081 pretiosissimum
1213 1008 1453 1064 codicem
1482 1010 1726 1064 Maximo
1760 1027 2031 1064 sacrorum
2052 1008 2163 1062 An-

212 1093 358 1147 tistiti
393 1107 444 1146 et
468 1091 894 1147 Christianorum
929 1092 1139 1146 Parenti
1174 1106 1329 1164 atque
1354 1093 1629 1165 MagistrO,
1657 1110 1869 1148 summa
1901 1109 2024 1146 cum
2045 1107 2163 1143 mo-

212 1174 376 1228 destia
409 1172 613 1239 obtulit,
650 1172 826 1227 habita
866 1192 1047 1227 coram
1089 1193 1153 1228 eo
1195 1173 1469 1246 splendida
1509 1174 1769 1229 oratione.
1812 1174 1945 1230 Non
1985 1185 2159 1246 potest

212 1254 380 1310 verbis
423 1254 722 1310 adumbrari
767 1253 983 1330 ιιετάιιιιιἰ
1011 1256 1252 1328 exprimi,
1306 1275 1468 1328 quam
1519 1272 1730 1332 gratum
1764 1270 2163 1330 ,acceptumque

213 1338 451 1393 habuerit
484 1352 691 1393 tantum
733 1334 938 1393 donum
980 1336 1234 1393 Summus
1276 1335 1542 1406 Pontifex,
1585 1338 1675 1411 qui
1716 1356 1780 1392 eo
1821 1335 2041 1392 mirifice
2074 1334 2163 1391 de-

211 1421 446 1488 lectatus,
482 1420 891 1475 humanissimas
914 1418 1057 1475 dedit
1082 1419 1277 1475 litteras
1301 1418 1365 1475 ad
1394 1420 1592 1476 clerum
1619 1419 1985 1494 populumque
2017 1417 2163 1473 dioe-

214 1523 391 1558 ceseos
427 1503 820 1575 BergomensiS,
856 1503 910 1557 in
944 1502 1132 1575 quibus
1167 1501 1374 1557 oblatae
1407 1504 1478 1558 rei
1497 1503 1891 1575 praestantiam,
1918 1516 1969 1556 et
2003 1499 2165 1555 animi

212 1586 292 1641 sui
324 1586 576 1640 laetitiam
599 1585 1035 1658 gratissimosque
1060 1604 1245 1640 sensus
1268 1599 1601 1658 peramanter
1625 1599 1859 1640 testatur.
1884 1583 2014 1638 Post
2034 1580 2163 1636 haec

212 1667 276 1722 td
311 1667 593 1723 doctorum
615 1667 902 1722 hominum
937 1668 1309 1736 commodum,
1337 1683 1388 1723 et
1413 1668 1571 1723 Urbis
1604 1666 1980 1741 religionisque
2008 1684 2163 1721 orna-

211 1767 454 1806 mentum
508 1750 656 1820 jussit
706 1751 903 1806 summi
942 1751 1093 1823 pretii
1140 1771 1217 1806 κει
1221 1752 1394 1823 μήλων
1434 1752 1487 1806 in
1527 1751 1783 1806 Vaticana
1837 1747 2160 1827 bibllotheca

215 1833 549 1889 sanctissime
583 1831 853 1888 custodiri.
935 1879 937 1883 ,
1041 1879 1046 1883 .
1103 1881 1105 1885 ⁴
1144 1861 1147 1865 ν
1667 1863 1669 1866 v
1873 1869 1875 1872 .
1938 1854 1939 1857 “

322 1917 384 1971 In
418 1914 523 1970 hoc
550 1915 827 1970 volumine
861 1916 1199 1971 continentui
1236 1916 1334 1972 tria
1375 1916 1625 1972 Doctoris
1666 1878 1925 1994 Angelici
1911 1860 2164 2000 {versa

211 2017 385 2091 opera.
420 1997 661 2052 Primum
686 2012 775 2053 est
800 1997 1017 2053 Summa
1036 2009 1206 2053 contra
1241 1998 1473 2065 GentileS,
1509 1998 1731 2053 alterum
1768 1970 2164 2071 Gemmarum

211 2083 265 2135 in
305 2080 485 2135 librum
517 2080 709 2134 Boethii
737 2080 795 2134 de
844 2079 1104 2146 Trinitate,
1146 2081 1360 2136 tertium
1402 2080 1774 2141 adnotationes
1807 2076 2074 2178 quaedam
2109 2079 2162 2139 in

215 2163 427 2229 Isaiam,
471 2180 604 2235 quae
637 2161 869 2217 Postillae
900 2160 1164 2217 vocabulo
1198 2161 1502 2236 designatae
1535 2179 1674 2218 sunt.
1988 2175 1995 2211 f
2155 2208 2160 2220 ,

322 2245 564 2299 Primum
615 2263 769 2336 opus,
816 2259 874 2299 ut
914 2242 1054 2299 docti
1095 2243 1343 2300 homines
1384 2258 1600 2314 norunt,
1639 2243 1893 2303 numeris
1908 2202 2163 2305 omnibuis

211 2326 515 2382 absolutum
540 2341 636 2393 est,
647 2328 701 2380 in
728 2345 835 2399 quo
864 2325 1032 2381 divini
1055 2326 1223 2382 illms
1209 2347 1409 2400 ingemi
1436 2328 1569 2382 mira
1584 2327 1663 2381 vis
1689 2342 1741 2384 et
1754 2323 2093 2390 foecunditas·
2105 2343 2162 2388 se

211 2407 387 2482 prodit
417 2407 706 2464 incredibili
733 2424 1175 2480 argumentorum
1196 2410 1464 2476 varietate,
1486 2410 1636 2483 copia
1663 2425 1714 2465 et
1732 2407 1952 2475 roborea,⁵
1972 2406 2163 2481 quibu-s

210 2492 360 2564 quasi
393 2492 551 2545 armis
582 2491 866 2546 instructus
899 2505 951 2545 et
979 2489 1158 2546 hostes
1185 2492 1372 2547 ‘omnis
1405 2492 1613 2565 generis
1634 2491 1828 2547 invicte
1860 2489 2160 2564 prosternit,

211 2589 261 2628 et
294 2573 634 2628 christianam
666 2573 916 2645 pietatem
948 2572 1271 2629 validissime
1310 2582 1502 2631 tuetur.
1545 2574 1825 2646 Scriptum,
1845 2585 1942 2640 est,
1971 2571 2162 2649 horta}-

148 2656 154 2663 ’
211 2672 326 2710 tore
360 2656 413 2710 S.
450 2653 792 2727 RaymundO,
829 2653 892 2710 ad
922 2673 1112 2710 eorum
1132 2654 1427 2712 subsidium
1462 2657 1627 2729 quiin
1650 2656 1908 2729 Hispania
1927 2649 2161 2719 'convet-

211 2737 383 2793 tendis
406 2737 470 2792 ad
493 2737 768 2793 Christum
796 2738 996 2793 Mauris
1025 2738 1370 2831 apostolicam
1397 2758 1614 2812 operam
1637 2737 1939 2799 navabantzss
1955 2756 1987 2799 a
2010 2735 2162 2799 theo-

211 2821 348 2892 logis
367 2835 580 2875 auctum
599 2837 678 2875 est
695 2821 1117 2875 commentariis:
1137 2819 1234 2876 fuit
1249 2840 1436 2894 graece
1457 2820 1804 2894 hebraiceque
1823 2819 2159 2889 translatum·
2145 2856 2161 2886 ‚

209 2919 261 2957 et
267 2867 437 2976 C'quod
471 2917 625 2975 caput
656 2917 749 2969 est,
784 2918 1092 2982 nosuorum
1123 2918 1428 2977 temporum
1463 2903 1758 2960 conditioni
1789 2918 1843 2959 et
1875 2901 2156 2964 necessita-

209 2985 348 3041 tibus
391 2985 626 3039 maxime
667 3000 850 3058 aptum
883 2986 1083 3040 censeri
1130 2984 1286 3041 debet
1333 3001 1490 3078 atque
1541 3001 1937 3078 opportunum
1956 2983 2157 3050 Quum

211 3066 355 3122 enim
396 3071 449 3121 in
504 3067 685 3139 primis
723 3066 886 3121 tribus
928 3066 1067 3122 libris
1125 3087 1249 3123 cum
1282 3068 1598 3123 acutissimis
1637 3066 1985 3141 philosophiS,
2026 3065 2161 3122 duce

210 3151 418 3205 tantum
451 3150 672 3217 ratione,
714 3165 931 3222 pugnet,
975 3165 1026 3205 et
1064 3150 1331 3223 principiis
1365 3171 1430 3205 ex
1464 3167 1678 3206 naturae
1709 3170 1850 3222 penu
1884 3148 2159 3211 unicexrde÷=

211 3233 434 3304 sumptis
483 3230 610 3306 (nisi
651 3231 795 3305 quod
837 3233 889 3285 in
931 3231 1068 3287 calce
1111 3234 1364 3304 cujusque
1407 3233 1588 3305 capitis
1631 3231 1845 3288 additur
1879 3231 2160 3295 eluistiana

212 3315 418 3381 veritas,
454 3328 510 3368 ut
543 3314 712 3368 amica
743 3315 961 3369 rationis
985 3313 1358 3387 religionisque
1386 3313 1672 3370 concordia
1702 3315 1850 3388 quasi
1883 3313 2160 3378 harmonia

212 3410 263 3450 et
293 3411 582 3450 concentus
614 3395 879 3466 resonet):
917 3398 1113 3452 mirum
1154 3411 1232 3451 est
1271 3412 1401 3470 quot
1434 3412 1733 3470 quantaque
1766 3394 2158 3470 ριοὸὃῐιάἐὶῐυω

213 3497 387 3532 rerum
422 3476 723 3548 adjumenta
752 3478 907 3534 nobis
940 3477 1256 3552 suppeditet,
1281 3494 1332 3534 et
1363 3495 1691 3553 quantopere
1718 3479 1976 3540 inservire,
1991 3477 2161 3551 possit

211 3558 275 3615 ad
308 3561 612 3615 recentioris
645 3562 829 3617 aetatis
861 3563 1089 3629 somnia,
1123 3580 1429 3636 erroresque
1463 3563 1910 3637 quamplurimos
1916 3558 2158 3662 refellen-

213 3643 309 3699 dos
344 3659 394 3699 et
428 3643 671 3700 radicitus
708 3645 1091 3719 exstirpandos.
1901 3673 1905 3675 ·
1933 3672 1938 3676 ·
