2332 3854
791 196 947 240 L1131-:1t
985 198 2059 253 1.CAP.XL111.53

12 299 51 363 ’,ῥ-
114 315 224 349 suae
249 300 572 375 perfectionis:
590 301 663 346 cui
681 311 833 347 autem
855 316 949 346 non
972 301 1272 361 permiscetur
1289 300 1439 360 aliqua
1465 299 1681 360 potentia,
1701 310 1769 344 est
1795 299 1963 359 absque
1985 311 2068 346 ter-

16 362 47 410 1?
114 369 242 416 mino
258 367 560 428 perfectionis.
561 357 711 413 Deus
729 379 882 413 autem
906 378 975 413 est
992 378 1117 415 actus
1135 382 1273 428 purus
1291 368 1460 427 absque
1477 367 1605 411 omni
1623 367 1839 426 potentia,
1859 376 1906 412 ut
1931 382 2066 426 supra

113 443 353 520 getensmn·
374 445 443 479 est
467 436 528 493 (c.
561 433 674 492 16.);
702 445 770 479 est
793 435 929 493 igitur
961 435 1175 480 infinitus.

54 512 55 515 ’
199 501 432 561 Amplius:
460 501 607 560 ipsum
636 514 734 545 esse
761 502 966 546 absolute
1000 503 1353 555 consideratum,
1379 500 1606 546 infinitum
1634 511 1722 556 est;
1748 516 1855 546 nam
1889 502 1943 546 ab
1972 502 2067 545 infi-

31 565 59 623 ‘5²2
111 568 217 616 uitis
241 578 286 613 et
315 568 500 613 infinitis
527 568 677 612 modis
702 568 959 626 participari
983 569 1196 627 possibile
1222 579 1302 614 est.
1327 569 1376 613 Si
1398 568 1535 627 igitur
1560 567 1751 626 alicujus
1770 583 1869 612 esse
1891 569 1948 612 sit
1974 568 2068 612 fmi-

29 645 73 679 41²>
108 644 224 691 gun,
250 643 431 694 oportet
455 635 576 694 quod
609 634 828 679 limitetur
854 649 952 679 esse
978 634 1089 679 illud
1117 650 1196 694 per
1223 635 1391 695 aliquid
1419 634 1541 678 aliud
1568 635 1689 693 quod
1723 635 1779 679 sit
1811 634 2066 694 aliqualiter

112 714 249 748 causa
273 701 393 746 illius
420 715 532 747 esse.
568 702 656 746 Sed
685 715 782 746 esse
809 702 949 746 divini
975 716 1067 746 non
1087 713 1236 761 potest
1259 718 1356 747 esse
1390 702 1540 761 aliqua
1568 716 1719 755 causa,
1747 703 1852 761 quia
1879 703 1973 761 ipse
1997 714 2064 747 est

26 766 63 828 ζ
109 781 296 819 necesse
322 782 420 813 esse
446 783 525 828 per
550 769 780 827 seipsum3
806 768 943 826 igitur
970 783 1068 813 esse
1095 784 1227 813 suum
1257 779 1323 813 est
1352 769 1594 823 infinitum,
1622 779 1666 813 et
1696 769 1792 827 ipse
1818 769 2035 815 infinitus.

58 833 61 835 ’
198 835 383 880 Adhuc:
420 849 558 880 omne
595 835 718 894 quod
754 835 891 879 habet
928 835 1129 894 aliquam
1166 835 1511 894 perfectionem,
1548 846 1675 880 tanto
1717 846 1786 880 est
1822 835 2065 895 perfectius

35 907 45 942 ξ·-
109 910 279 962 quanto
304 901 432 946 illam
465 901 792 961 perfectionem
825 901 1002 961 plenius
1039 903 1291 962 participat.
1328 903 1418 947 Sed
1459 917 1552 947 non
1579 913 1728 962 potest
1764 916 1862 947 esse
1901 902 2064 962 aliquis

27 988 51 1026 χ
106 968 291 1023 modus,
315 983 400 1014 nec
434 970 573 1013 etiam
600 969 792 1028 cogitari
825 983 916 1028 quo
948 968 1125 1028 plenius
1157 970 1377 1014 habeatur
1413 970 1563 1028 aliqua
1600 969 1817 1028 perfectio
1845 984 1983 1029 quam
2011 970 2064 1014 ab

20 1031 27 1084 ζ
106 1048 168 1089 eo
194 1035 319 1095 quod
350 1050 431 1096 per
467 1050 597 1080 suam
635 1036 880 1080 essentiam
913 1046 980 1080 est
1006 1036 1272 1094 perfectum,
1301 1047 1345 1080 et
1382 1038 1508 1094 cujus
1535 1051 1633 1080 esse
1660 1047 1728 1081 est
1760 1051 1841 1081 sua
1872 1037 2066 1082 bonitas.

29 1105 36 1112 ’
68 1149 74 1157 ,
107 1101 212 1158 Hoc
239 1112 391 1147 autem
423 1104 549 1148 Deus
576 1113 664 1157 est;
691 1102 819 1147 nullo
850 1104 986 1162 igitur
1020 1104 1162 1148 modo
1194 1114 1343 1163 potest
1375 1104 1567 1163 cogitari
1601 1105 1770 1164 aliquid
1793 1104 1957 1149 melius
1991 1105 2063 1149 vel

105 1168 349 1230 perfectius
375 1171 503 1216 Deo:
530 1181 598 1215 est
622 1171 758 1229 igitur
782 1170 982 1215 infinitus
1009 1171 1056 1214 in
1082 1172 1298 1215 bonitate.

18 1245 25 1282 J
106 1265 141 1295 ³51.
196 1236 434 1295 Amplius:
459 1236 718 1282 intellectus
743 1247 900 1282 noster
927 1237 983 1281 ad
1009 1237 1236 1282 infinitum
1254 1238 1300 1281 in
1327 1237 1624 1296 intelligendo
1649 1238 1916 1292 extenditur,
1935 1239 2064 1297 cujus

14 1316 41 1361 3
104 1301 290 1363 §ignum
316 1313 384 1348 est
413 1304 536 1363 quod
569 1303 770 1362 qualibet
801 1305 1051 1363 quantitate
1077 1304 1202 1348 finita
1235 1305 1338 1349 data
1369 1304 1627 1349 intellectus
1652 1315 1809 1350 noster
1835 1306 2062 1363 majorem

103 1370 368 1429 &cogitare
393 1372 549 1429 possit.
575 1370 758 1415 Frustra
786 1381 937 1415 autem
956 1381 1074 1416 esset
1098 1372 1212 1416 haec
1236 1371 1464 1416 ordinatio
1485 1371 1743 1416 intellectus
1769 1372 1815 1415 in
1837 1371 2065 1416 infinitum

1 1432 53 1488 :⁵²²1
102 1436 194 1493 ⁴taisi
218 1446 338 1482 esset
369 1437 520 1497 aliqua
552 1451 623 1482 res
655 1437 952 1496 intelligibilis
992 1437 1192 1492 infinita;
1229 1448 1411 1496 oportet
1436 1438 1573 1497 igitur
1599 1452 1697 1482 esse
1736 1438 1938 1497 aliquam
1966 1453 2065 1483 rem

2 1502 50 1568 553¹
105 1502 439 1563 intelligibilem
462 1504 702 1558 infinitam,
729 1519 867 1563 quam
886 1514 1067 1564 oportet
1084 1518 1181 1550 esse
1206 1505 1455 1549 maximam
1482 1519 1647 1559 rerum,
1667 1515 1711 1549 et
1726 1505 1846 1550 hanc
1869 1506 2064 1551 dicimus

99 1570 272 1625 Deum.
298 1571 427 1617 Deus
453 1572 591 1631 igitur
615 1581 683 1616 est
709 1571 922 1616 infinitus.

42 1631 44 1635 ’
194 1639 332 1685 Item:
361 1637 549 1684 effectus
573 1653 668 1682 non
695 1648 846 1697 potest
873 1638 1054 1683 extendi
1080 1638 1198 1683 ultra
1224 1653 1354 1683 suam
1384 1653 1596 1693 causam;
1625 1638 1880 1684 intellectus
1908 1650 2062 1684 autem

105 1716 262 1751 noster
284 1720 379 1751 non
405 1716 554 1765 potest
577 1720 675 1750 esse
701 1706 788 1749 nisi
815 1720 838 1749 a
866 1707 984 1760 Deo,
1008 1706 1086 1765 qui
1113 1717 1180 1750 est
1206 1707 1353 1765 prima
1380 1707 1591 1750 omnium
1619 1721 1780 1751 causa:
1807 1721 1903 1751 non
1928 1708 2066 1765 igitur

4 1767 51 1806 TI
106 1782 256 1833 potest
281 1773 450 1832 aliquid
478 1773 681 1832 cogitare
714 1772 970 1817 intellectus
1006 1783 1162 1817 noster
1198 1774 1344 1831 majus
1386 1773 1503 1817 Deo.
1539 1774 1585 1817 Si
1613 1773 1750 1832 igitur
1776 1775 1903 1818 omni
1936 1773 2064 1818 finito

6 1836 47 1890 ῥ’,
106 1849 257 1900 potest
281 1839 451 1899 aliquid
478 1842 626 1899 majus
655 1841 870 1898 cogitare,
898 1839 1166 1899 relinquitur
1193 1850 1345 1884 autem
1378 1841 1531 1884 Deum
1557 1840 1734 1884 finitum
1770 1855 1864 1884 non
1892 1855 2005 1885 esse.

35 1903 44 1913 '
192 1906 425 1966 Amplius:
455 1907 596 1951 virtus
628 1906 804 1950 infinita
835 1921 929 1950 non
962 1916 1111 1966 potest
1143 1921 1240 1951 esse
1274 1907 1319 1950 in
1353 1907 1548 1951 essentia
1588 1907 1727 1963 finita,
1761 1910 1866 1967 quia
1906 1922 2067 1952 unum-

36 1988 45 1997 ²
105 1973 318 2034 quodque
344 1973 437 2033 agit
460 1987 542 2033 per
561 1988 689 2018 suam
708 1972 923 2027 formam,
949 1987 1065 2032 quae
1091 1974 1163 2017 vel
1188 1983 1254 2018 est
1280 1974 1475 2018 essentia
1501 1975 1596 2032 ejus
1618 1973 1692 2018 vel
1709 1989 1810 2033 pars
1828 1975 2065 2028 essentiae,

3 2036 48 2093 ²1]ss
104 2043 244 2087 virtus
262 2052 414 2087 autem
429 2042 702 2102 principium
729 2042 919 2087 actionis
946 2044 1167 2086 nominat.
1189 2042 1278 2086 Sed
1298 2043 1422 2086 Deus
1449 2057 1543 2086 non
1570 2042 1707 2087 habet
1731 2042 1945 2087 virtutem
1964 2044 2068 2087 acti-

0 2105 59 2172 ᾖ,
102 2123 211 2154 vam
236 2109 434 2163 finitam;
460 2119 617 2153 movet
648 2109 769 2153 enim
806 2109 852 2153 in
878 2119 1085 2168 tempore
1117 2109 1310 2163 infinito,
1337 2110 1460 2168 quod
1492 2124 1585 2153 non
1617 2119 1767 2169 potest
1797 2125 1895 2154 esse
1921 2111 2008 2154 nisi
2041 2125 2066 2154 a

0 2173 55 2217 Ξᾳ·
102 2177 268 2222 virtute
291 2176 480 2230 infinita,
506 2185 556 2220 ut
585 2190 720 2236 supra
747 2177 807 2233 (c.
831 2176 923 2234 20.)
957 2186 1193 2221 ostensum
1227 2186 1306 2221 est.
1330 2176 1616 2235 Relinquitur
1639 2177 1776 2236 igitur
1806 2177 1896 2222 Dei
1921 2191 2068 2222 essen-

9 2265 11 2267 ·
102 2243 216 2290 tiam
246 2257 346 2289 esse
370 2243 611 2288 infinitam.
2073 2235 2078 2240 ’

0 2351 2 2368 2
193 2310 320 2356 Haec
347 2320 500 2357 autern
525 2310 641 2355 ratio
669 2319 736 2354 est
761 2310 1010 2354 secundum
1039 2320 1261 2368 ponentes
1301 2311 1613 2356 aeternitatem
1647 2311 1819 2365 mundi,
1852 2326 1939 2370 qua
1971 2325 2065 2355 non

0 2373 2 2388 ¹
103 2378 268 2438 ponta,
293 2377 441 2422 adhuc
467 2377 615 2436 magis
653 2376 949 2421 confirmatur
988 2378 1146 2436 opinio
1190 2377 1245 2421 de
1271 2377 1492 2422 infinitate
1526 2378 1706 2422 divinae
1731 2378 1931 2432 virtutis;
1957 2393 2065 2422 nam

35 2442 81 2506 ἦ
99 2445 462 2504 unumquodque
488 2458 628 2503 agens
644 2453 772 2488 tanto
799 2454 869 2489 est
892 2445 1137 2488 virtuosius
1162 2444 1209 2488 in
1233 2445 1427 2503 agendo,
1455 2454 1624 2503 quanto
1647 2445 1901 2503 potentiam
1918 2446 2066 2503 magis

48 2507 71 2523 ”
103 2519 331 2559 remotam
358 2512 412 2556 ab
438 2520 555 2567 actu,
581 2511 628 2555 in
656 2521 810 2555 actum
845 2511 1034 2564 reducit,
1053 2511 1169 2556 sicut
1201 2513 1365 2569 majori
1390 2512 1554 2556 virtute
1582 2526 1696 2570 opus
1724 2522 1791 2556 est
1818 2512 1873 2556 ad
1900 2511 2066 2556 calefa-

105 2579 317 2627 ciendum
344 2592 511 2638 aquam
537 2592 675 2638 quam
703 2592 870 2622 aerem.
889 2578 980 2622 Sed
1005 2577 1118 2622 illud
1145 2579 1267 2638 quod
1295 2579 1486 2623 omnino
1509 2593 1604 2622 non
1631 2589 1712 2632 est,
1733 2578 1906 2623 infinite
1933 2580 2068 2623 distat

0 2639 71 2710 Ἓξ(
91 2646 162 2693 11)
193 2656 297 2692 actu
327 2660 412 2691 nec
439 2655 507 2691 est
532 2644 685 2704 aliquo
712 2645 854 2690 modo
879 2645 927 2689 in
959 2645 1185 2704 potentia;
1218 2646 1356 2704 igitur
1387 2647 1425 2690 si
1451 2646 1648 2690 mundus
1682 2645 1829 2690 factus
1857 2656 1924 2690 est
1948 2656 2068 2705 post-

0 2710 65 2774 'sq
103 2726 243 2775 quam
269 2713 461 2759 omnino
486 2713 610 2772 prius
636 2726 730 2757 non
763 2721 872 2767 erat,
899 2722 1079 2771 oportet
1103 2711 1289 2757 factoris
1315 2713 1530 2757 virtutem
1565 2727 1663 2757 esse
1696 2712 1935 2756 infinitam.

0 2820 1 2823 ,
176 2780 320 2826 .Haec
348 2789 502 2825 autem
527 2780 659 2833 ratio,
686 2779 825 2824 etiam
842 2779 1095 2823 secundum
1120 2794 1214 2833 eos,
1242 2780 1318 2838 qui
1341 2790 1517 2839 ponunt
1543 2780 1859 2824 aeternitatem
1891 2780 2065 2834 mundi,

0 2836 31 2883 '3⁵
64 2846 80 2893 i
95 2846 226 2909 ,valet
241 2847 298 2893 ad
313 2847 599 2908 probandum
620 2845 891 2890 infinitatem
918 2845 1097 2890 divinae
1124 2847 1326 2901 virtutis;
1353 2846 1628 2891 confitentur
1646 2848 1768 2891 enim
1789 2848 1944 2891 Deum
1967 2861 2066 2892 esse

0 2920 2 2940 ἕ
104 2927 292 2961 causam
308 2914 566 2959 mundanae
593 2914 884 2968 substantiae,
911 2914 1120 2973 quamvis
1147 2927 1251 2958 eam
1272 2914 1599 2972 sempiternam
1618 2914 1901 2969 arbitrentur,
1918 2915 2068 2958 dicen-

22 2977 181 3042 tes
195 2981 288 3028 hoc
319 2981 463 3027 modo
489 2982 643 3026 Deum
675 2991 912 3026 aeternum
949 2981 1214 3039 sempiterni
1241 2982 1400 3025 mundi
1427 2995 1614 3025 causam
1651 2992 1818 3035 extare,
1844 2982 1961 3025 sicut
1985 2995 2065 3039 pes

106 3049 163 3094 ab
189 3059 374 3095 aeterno
404 3048 563 3094 fuisset
595 3062 733 3093 causa
757 3048 952 3107 vestigii,
980 3048 1019 3092 si
1041 3049 1095 3092 ab
1124 3059 1309 3093 aeterno
1334 3048 1493 3094 fuisset
1522 3049 1770 3107 impressus
1796 3049 1842 3091 in
1865 3047 2065 3107 pulvere.
2101 3040 2107 3045 ¹

25 3130 69 3153 r.-
106 3115 204 3161 Hac
228 3127 385 3162 autern
408 3116 635 3176 positione
660 3116 780 3161 facta
811 3115 1065 3160 secundum
1091 3115 1318 3160 rationem
1345 3116 1640 3175 praedictam,
1667 3114 1966 3158 nihilominus
2001 3128 2067 3161 se-

105 3184 257 3243 quitur
278 3183 369 3228 Dei
387 3183 600 3229 virtutem
624 3183 851 3228 infinitam
868 3197 990 3237 esse;
1008 3197 1117 3226 nam
1135 3182 1228 3226 sive
1256 3196 1311 3226 ex
1335 3192 1545 3241 tempore
1572 3181 1826 3225 secundum
1850 3195 1952 3236 nos,
1968 3181 2065 3226 sive

106 3249 174 3295 ab.
193 3245 380 3296 aeterno
406 3251 659 3296 secundum
685 3264 765 3296 eos
789 3264 861 3295 res
893 3249 1167 3309 produxerit,
1200 3248 1316 3292 nihil
1348 3263 1446 3293 esse
1480 3256 1630 3306 potest
1656 3249 1702 3291 in
1729 3261 1791 3301 re,
1815 3247 1938 3306 quod
1968 3260 2064 3292 non

75 3327 84 3372 ξ
104 3315 204 3376 ipse
226 3316 501 3376 produxerit,
528 3331 635 3362 cum
660 3317 717 3362 sit
732 3316 987 3361 universale
1014 3316 1191 3361 essendi
1218 3315 1505 3374 principium,
1532 3325 1577 3358 et
1608 3314 1688 3370 sic,
1709 3313 1835 3358 nulla
1857 3328 2066 3373 praesup-

103 3382 254 3443 posita
278 3383 485 3438 materia,
516 3383 590 3428 vel
620 3384 838 3443 potentia,
863 3383 1086 3460 produxit.
1108 3383 1307 3441 Oportet
1333 3392 1484 3426 autern
1519 3380 1866 3457 proportionem
1887 3380 2063 3425 virtutis

107 3451 281 3497 activae
303 3452 508 3511 accipere
524 3450 775 3496 secundum
797 3450 1143 3510 proportionem
1170 3449 1400 3508 potentiae
1418 3448 1647 3507 passivae;
1669 3461 1778 3491 nam
1800 3457 1970 3524 quanto
1988 3461 2068 3507 po·

104 3518 249 3564 tentia
273 3520 453 3597 passiva
479 3519 628 3577 major
657 3517 951 3577 praeexsistit,
982 3515 1057 3560 vel
1082 3514 1473 3574 praeintelligitur,
1498 3524 1626 3558 tanto
1654 3527 1680 3557 a
1706 3514 1871 3573 maj0ri
1900 3514 2066 3559 virtute

4 3583 6 3585 ’
34 3578 90 3658 ζ
91 3584 257 3630 activa
273 3585 328 3630 in
350 3595 505 3631 actum
531 3583 803 3645 completur.
828 3582 1143 3642 Relinquitur
1132 3583 1282 3640 igitur,
1300 3595 1405 3626 cum
1431 3580 1571 3626 virtus
1597 3580 1722 3625 finita
1749 3580 1972 3640 producat
1991 3580 2067 3625 ali-
