2332 3854
224 218 334 285 246
869 231 1025 269 mni-:R
1063 231 1118 268 11.
1163 230 1282 268 CAP.
1325 230 1529 268 Lxxxn.

226 329 430 388 ejusdem
457 331 625 390 speciei
652 330 859 375 similiter
891 339 1151 390 operantur,
1185 329 1314 389 quasi
1346 345 1369 374 a
1402 339 1563 375 natura
1595 340 1750 376 motae
1786 341 1831 376 et
1865 344 1960 375 non
2001 346 2056 376 ex
2088 341 2182 377 arte

226 407 491 456 operantes;
520 398 670 442 omnis
697 398 820 442 enirn
843 398 1041 441 hirundo
1064 396 1272 441 similiter
1297 396 1406 441 facit
1426 397 1600 452 nidum,
1627 407 1672 442 et
1697 398 1848 442 omnis
1875 411 2039 442 aranea
2063 398 2185 442 sirni-

223 463 325 508 liter
351 464 504 509 telam.
532 464 670 509 Nulla
697 465 833 523 igitur
860 464 1066 523 operatio
1094 473 1161 507 est
1188 463 1369 508 animae
1394 463 1631 508 brutorum
1655 478 1771 523 quae
1796 465 1942 522 possit
1965 465 2062 508 sine
2088 477 2185 508 cor·
2226 500 2239 514 .

223 545 335 590 pore
361 545 474 576 esse.
506 531 665 583 Quum
692 531 827 589 igitur
854 530 1005 574 omnis
1031 530 1282 574 substantia
1308 530 1505 590 aliquam
1541 531 1857 590 operationem
1881 531 2062 586 habeat,
2086 544 2183 576 non

223 599 390 658 poterit
416 599 568 642 anima
594 599 711 641 bruti
739 598 907 656 absque
935 611 1128 656 corpore
1156 611 1279 651 esse;
1307 612 1431 657 ergo,
1459 608 1674 657 pereunte
1702 611 1910 657 corpore,
1935 598 2063 656 perit.

311 666 451 710 Item:
486 664 636 708 omnis
663 663 811 707 forma
837 674 1045 723 separata
1078 679 1103 707 a
1136 665 1325 708 materia
1362 674 1429 709 est
1461 664 1690 709 intellecta
1722 665 1769 707 in
1802 673 1930 719 actu3
1963 665 2027 709 sic
2061 664 2183 710 enim

222 731 478 776 intellectus
507 745 646 789 agens
679 730 787 774 facit
818 731 993 789 species
1025 730 1332 789 intelligibiles
1359 741 1477 785 actu,
1509 732 1555 774 in
1588 741 1809 790 quantum
1843 731 2061 775 abstrahit
2090 742 2181 787 eas,

221 809 271 843 ut
298 814 350 843 ex
378 798 645 856 supradictis
672 798 732 855 (c.
763 797 855 855 77.)
883 807 1017 856 patet.
1047 797 1138 841 Sed
1164 798 1201 841 si
1225 798 1378 841 anima
1398 798 1516 842 bruti
1542 808 1709 852 manet,
1737 807 1951 858 corrupto
1975 811 2183 857 corpore,

224 866 308 909 erit
333 865 483 909 forma
510 880 534 908 a
562 865 752 908 materia
778 874 999 923 separata.
1027 864 1149 923 Ergo
1177 867 1261 908 erit
1286 863 1433 908 forma
1459 864 1689 909 intellecta
1715 865 1762 908 in
1790 875 1907 909 actu.
1935 864 2026 909 Sed
2048 865 2095 908 in
2117 878 2182 910 se-

222 933 388 991 paratis
418 946 442 974 a
469 932 660 975 materia
686 931 810 975 idem
838 941 906 975 est
931 930 1191 990 intelligens
1219 941 1263 975 et
1287 931 1585 985 intellectum,
1613 942 1662 976 ut
1692 931 1964 976 Aristoteles
1995 932 2105 976 dicit
2134 931 2182 975 in

220 999 353 1042 tertio
381 999 451 1042 De
482 998 634 1041 anima
657 999 708 1056 (t.
743 1012 781 1041 c.
815 996 917 1055 16.).
945 998 1067 1056 Ergo
1097 998 1248 1042 anima
1273 998 1406 1052 bruti,
1433 1000 1469 1042 si
1496 1008 1600 1057 post
1625 1012 1790 1057 corpus
1817 1008 1986 1053 manet,
2013 1000 2097 1044 erit
2120 998 2185 1042 in-

223 1065 517 1119 tellectualis;
546 1065 668 1123 quod
697 1075 764 1109 est
788 1065 1087 1124 impossibile.

315 1132 507 1175 Adhuc:
540 1132 586 1175 in
614 1131 815 1191 qualibet
839 1146 902 1185 re,
929 1145 1044 1190 quae
1076 1141 1226 1193 potest
1251 1131 1506 1190 pertingere
1535 1132 1590 1175 ad
1618 1131 1816 1190 aliquam
1843 1130 2186 1191 perfectionem,

221 1199 447 1243 invenitur
472 1198 690 1242 naturalis
718 1200 942 1258 appetitus
961 1198 1082 1242 illius
1110 1197 1427 1257 perfectionis;
1453 1197 1629 1241 bonum
1653 1198 1774 1241 enim
1794 1207 1862 1243 est
1882 1198 2005 1257 quod
2030 1198 2186 1243 omnia

222 1275 454 1325 appetunt,
481 1268 542 1309 ita
568 1275 724 1309 tamen
751 1265 874 1324 quod
901 1265 1262 1324 unumquodque
1294 1265 1528 1324 proprium
1560 1265 1749 1309 bonum.
1777 1266 1827 1309 In
1859 1265 1999 1309 brutis
2033 1274 2186 1310 autem

219 1347 314 1377 non
339 1333 566 1377 invenitur
592 1332 754 1391 aliquis
782 1333 1005 1392 appetitus
1042 1333 1098 1376 ad
1132 1346 1230 1376 esse
1265 1342 1550 1391 perpetuum,
1577 1331 1666 1376 nisi
1698 1341 1747 1376 ut
1778 1341 2098 1391 perpetuentur
2122 1345 2188 1376 se-

224 1401 422 1444 cundum
440 1400 656 1458 speciem,
673 1400 720 1443 in
748 1410 969 1459 quantum
986 1400 1032 1443 in
1050 1399 1115 1443 eis
1132 1399 1359 1443 invenitur
1377 1399 1599 1458 appetitus
1623 1399 1929 1458 generationis
1950 1413 2031 1459 per
2046 1412 2185 1460 quam

221 1467 395 1526 species
422 1477 733 1526 perpetuatur3
767 1467 888 1526 quod
922 1466 1108 1526 quidem
1139 1466 1368 1510 invenitur
1401 1476 1445 1510 et
1469 1466 1516 1509 in
1547 1465 1712 1524 plantis
1739 1477 1784 1510 et
1813 1466 2019 1511 in'rebus
2045 1466 2189 1511 inani-

222 1536 371 1589 matis,
398 1550 492 1579 non
520 1545 671 1579 autem
699 1545 919 1594 quantum
950 1535 1005 1578 ad
1027 1534 1263 1592 proprium
1287 1533 1538 1593 appetitum
1565 1533 1775 1578 animalis
1800 1534 1848 1577 in
1874 1542 2095 1593 quantum
2119 1543 2188 1579 est

223 1602 410 1656 animal,
430 1603 507 1661 qui
525 1613 592 1647 est
616 1602 838 1662 appetitus
858 1602 1271 1661 apprehensionem
1291 1614 1597 1659 consequens;
1619 1614 1742 1654 nam,
1761 1614 1902 1660 quum
1924 1601 2077 1645 anima
2093 1613 2190 1645 sen-

222 1669 354 1713 sitiva
379 1683 474 1713 non
502 1669 812 1728 apprehendat
837 1669 925 1712 nisi
956 1669 1031 1712 hic
1066 1678 1111 1712 et
1141 1682 1278 1721 nunc,
1310 1666 1593 1725 impossibile
1622 1677 1689 1711 est
1720 1667 1842 1726 quod
1875 1666 2186 1727 apprehendat

223 1750 322 1780 esse
349 1746 633 1795 perpetuum,
659 1750 808 1795 neque
835 1750 945 1795 ergo
980 1735 1149 1794 appetit
1176 1737 1377 1794 appetitu
1405 1734 1604 1778 animali.
1632 1734 1740 1779 Non
1767 1745 1835 1780 est
1866 1736 2003 1794 igitur
2035 1735 2188 1780 anima

221 1803 340 1847 bruti
367 1818 508 1862 capax
535 1804 742 1862 perpetui
768 1817 879 1847 esse.

312 1870 547 1928 Amplius:
577 1885 716 1928 quum
739 1869 1065 1913 delectationes
1089 1868 1377 1927 operationes
1400 1867 1648 1927 perficiant,
1674 1878 1723 1912 ut
1748 1877 1870 1927 patet
1901 1883 1982 1928 per
2007 1868 2182 1913 Aristo-

222 1936 358 1981 telem
387 1937 433 1980 in
461 1937 641 1980 decimo
670 1937 816 1980 Ethic.
845 1938 905 1994 (c.
935 1936 1007 1993 5.),
1032 1935 1086 1978 ad
1112 1936 1204 1979 hoc
1231 1935 1465 1979 ordinatur
1492 1934 1697 1994 operatio
1731 1934 1971 1994 cuiuslibet
1990 1935 2056 1979 rei
2072 1935 2190 1980 sicut

222 2004 269 2046 in
301 2003 456 2057 finem,
473 2003 519 2046 in
553 2018 643 2062 quo
678 2017 758 2047 sua
785 2002 1027 2046 delectatio
1062 2001 1227 2060 figitur.
1254 2001 1597 2045 Delectationes
1636 2011 1788 2045 autem
1815 2002 2052 2046 brutorum
2085 2002 2187 2046 ani-

223 2070 414 2114 malium
441 2085 602 2115 omnes
629 2069 882 2114 referuntur
910 2070 965 2113 ad
994 2070 1362 2113 conservantiam
1381 2069 1611 2127 corporis;
1639 2083 1732 2112 non
1760 2069 1885 2113 enim
1907 2067 2190 2114 delectantur

222 2138 268 2180 in
301 2138 440 2192 sonis,
465 2137 680 2182 odoribus
699 2148 743 2181 et
770 2137 1040 2195 aspectibus,
1066 2136 1153 2180 nisi
1180 2135 1432 2180 secundum
1452 2135 1573 2194 quod
1593 2146 1696 2179 sunt
1713 2135 1958 2180 indicativa
1980 2136 2189 2181 ciborum

222 2204 297 2249 vel
323 2219 639 2260 venereorum,
667 2205 788 2248 circa
815 2218 931 2263 quae
959 2214 1027 2247 est
1049 2203 1201 2247 omnis
1219 2196 1380 2247 eorum
1404 2202 1661 2247 delectatio.
1682 2201 1804 2247 Tota
1829 2202 1968 2262 igitur
1982 2202 2190 2263 operatio

223 2287 386 2316 eorum
410 2282 615 2316 versatur
648 2272 703 2315 ad
731 2272 1130 2315 conservationem
1157 2284 1254 2314 esse
1284 2270 1496 2329 corporei
1522 2270 1641 2314 sicut
1665 2269 1712 2313 in
1738 2269 1893 2316 finem.
1918 2269 2028 2315 Non
2052 2270 2191 2330 igitur

224 2349 292 2384 est
323 2341 387 2383 eis
421 2339 606 2398 aliquod
634 2352 733 2383 esse
761 2339 930 2397 absque
958 2351 1164 2396 corpore.

314 2405 432 2448 Huic
461 2414 613 2448 autem
645 2404 896 2449 sententiae
924 2403 1132 2447 doctrina
1160 2402 1416 2447 catholicae
1443 2401 1549 2446 fidei
1575 2402 1851 2457 concordat;
1878 2401 2044 2446 dicitur
2064 2401 2190 2447 enim

225 2472 390 2530 (Levit.
407 2471 552 2515 XVII.
585 2472 672 2528 11.)
700 2471 754 2515 de
782 2469 1053 2514 animalibus
1078 2469 1242 2515 brutis:
1269 2470 1432 2514 Anima
1462 2471 1572 2514 enim
1600 2471 1731 2513 omnis
1763 2470 1902 2514 carnis
1925 2470 1972 2513 in
1992 2469 2191 2528 sanguine

223 2545 291 2593 est,
321 2539 451 2597 quasi
476 2538 619 2583 dicat:
647 2538 714 2581 Ex
749 2537 983 2596 sanguinis
1019 2537 1334 2596 permanentia
1367 2550 1466 2580 esse
1492 2535 1613 2579 illius
1647 2531 1885 2595 dependet.
1911 2535 1969 2580 Et
2001 2537 2047 2580 in
2073 2534 2189 2580 libro

222 2606 294 2650 De
322 2605 641 2650 ecclesiasticis
669 2604 962 2663 dogmatibus
989 2604 1050 2662 (c.
1084 2601 1150 2647 16.
1175 2612 1218 2647 et
1246 2604 1358 2661 17.):
1397 2619 1420 2644 (ε
1445 2602 1610 2647 Solum
1635 2603 1876 2647 hominem
1899 2602 2094 2647 dicimus
2114 2602 2192 2646 ha-

222 2674 329 2717 bere
363 2673 564 2716 animam
598 2672 927 2716 substantivam
965 2670 1031 2728 (id
1059 2680 1126 2714 est
1151 2685 1231 2729 per
1257 2684 1306 2714 se
1331 2669 1566 2726 vitalem);
1602 2669 1839 2714 brutorum
1870 2682 1982 2713 vero
2015 2668 2190 2713 animas

225 2755 331 2783 cum
350 2740 615 2798 corporibus
631 2739 864 2783 interire».
880 2737 1147 2782 Aristoteles
1167 2737 1304 2781 etiam
1323 2737 1430 2782 dicit
1445 2737 1491 2780 in
1509 2737 1711 2781 secundo
1729 2737 1800 2781 De
1814 2736 1966 2780 anima
1979 2736 2030 2793 (t.
2043 2749 2082 2780 c.
2096 2734 2190 2792 22.)

225 2807 347 2866 quod
380 2806 659 2851 intellectiva
684 2820 788 2864 pars
815 2806 996 2850 animae
1018 2814 1253 2864 separatur
1275 2804 1329 2848 ab
1358 2803 1457 2848 aliis
1480 2806 1596 2848 sicut
1620 2801 1963 2863 incorruptibile
1989 2817 2015 2847 a
2041 2816 2192 2847 corru-

224 2874 383 2933 ptibili.
866 2910 872 2915 ,
1946 2928 1948 2930 ¹

313 2942 401 2986 Per
425 2942 515 2986 hoc
540 2952 695 2987 autern
722 2940 974 2987 excluditur
996 2940 1164 2995 positio
1191 2936 1398 2981 Platonis
1426 2937 1580 2994 (tertio
1607 2936 1678 2981 De
1700 2936 1914 2996 legibus),
1940 2937 2018 2997 qui
2038 2936 2191 2997 posuit

225 3008 362 3053 etiam
393 3010 631 3053 brutorum
658 3009 834 3047 animas
862 3017 962 3047 esse
988 3003 1293 3048 immortales.

309 3071 503 3116 'Videtur
527 3082 683 3116 tamen
716 3085 850 3131 posse
883 3071 1065 3130 probari
1095 3071 1334 3116 brutorum
1362 3074 1536 3116 animas
1570 3086 1668 3116 esse
1694 3071 1993 3117 immortales.

313 3138 455 3196 Cujus
492 3140 615 3182 enim
657 3149 723 3182 est
756 3137 907 3197 aliqua
944 3139 1150 3194 operatio
1188 3152 1269 3198 per
1305 3153 1352 3183 se
1385 3141 1645 3198 separatim,
1678 3149 1721 3184 et
1751 3139 1902 3198 ipsum
1929 3149 1998 3186 est
2028 3152 2109 3199 per
2140 3151 2189 3183 se

223 3205 483 3249 subsistens.
512 3205 601 3250 Sed
630 3205 809 3249 animae
842 3205 1084 3249 sensitivae
1110 3205 1157 3249 in
1189 3205 1330 3250 brutis
1365 3216 1431 3250 est
1473 3206 1625 3266 aliqua
1658 3208 1864 3266 operatio
1899 3221 1981 3267 per
2012 3220 2060 3252 se
2092 3205 2190 3250 sub-

223 3273 399 3326 sistens,
430 3273 477 3315 in
509 3286 597 3331 qua
623 3286 718 3316 non
752 3273 1068 3316 communicat
1106 3286 1287 3331 corpus,
1320 3273 1495 3318 scilicet
1536 3288 1584 3318 se
1617 3287 1830 3328 movere3
1860 3283 2022 3319 natura
2063 3271 2188 3318 enim

225 3353 417 3384 movens
451 3339 743 3399 componitur
779 3354 832 3384 ex
865 3340 1055 3394 duobus,
1088 3353 1285 3399 quorum
1317 3355 1459 3384 unum
1498 3350 1565 3385 est
1600 3354 1791 3385 movens
1827 3350 1872 3386 et
1897 3340 2089 3386 alterum
2118 3349 2190 3385 est

226 3417 433 3462 motum3
466 3406 599 3461 unde,
633 3421 774 3466 quum
807 3421 973 3466 corpus
1016 3407 1072 3451 sit
1111 3418 1305 3462 motum,
1339 3407 1606 3467 relinquitur
1639 3408 1762 3468 quod
1804 3407 1957 3453 anima
1996 3406 2095 3452 sola
2131 3406 2189 3452 sit

225 3487 431 3517 movens.
464 3473 586 3532 Ergo
620 3483 686 3518 est
725 3487 805 3532 per
837 3487 885 3518 se
925 3473 1187 3519 subsistens.
1218 3474 1326 3518 Non
1367 3475 1505 3533 igitur
1531 3485 1680 3535 potest
1722 3488 1803 3535 per
1835 3474 2047 3520 accidens
2079 3487 2187 3519 cor-

223 3540 388 3599 rumpi,
412 3554 603 3599 corpore
630 3551 873 3600 corrupto;
905 3539 984 3585 illa
1017 3540 1140 3586 enirn
1166 3540 1319 3586 solum
1345 3555 1424 3600 per
1450 3541 1664 3587 accidens
1691 3550 2044 3603 corrumpuntur
2070 3554 2186 3601 quae

222 3622 304 3668 per
330 3622 378 3654 se
404 3621 498 3652 non
524 3607 693 3653 habent
726 3622 848 3664 esse;
875 3622 955 3668 per
988 3622 1035 3654 se
1064 3618 1217 3654 autem
1249 3621 1343 3653 non
1380 3617 1530 3667 potest
1572 3610 1819 3669 corrumpi,
1855 3620 1996 3669 quum
2036 3608 2186 3668 neque
