2332 3854
239 164 350 216 266
879 178 1034 217 LIBER
1074 179 1130 216 11.
1172 179 1293 218 CAP.
1328 179 1551 218 Lxxxtx.

239 278 363 323 enim
390 278 518 323 detur
544 279 666 338 quod
694 293 856 338 corpus
882 279 1084 323 hominis
1109 278 1332 324 formetur
1356 279 1620 338 priusquam
1653 280 1806 324 anima
1840 289 2029 335 creetur,
2062 291 2138 327 aut
2169 297 2193 327 e

240 359 479 400 converso,
501 361 595 390 non
618 347 819 405 sequitur
841 346 962 404 quod
989 346 1110 389 idem
1134 346 1280 390 homo
1298 346 1354 390 sit
1369 346 1493 405 prior
1513 347 1687 406 seipso;
1713 361 1807 390 non
1826 347 1949 390 enim
1966 347 2111 392 homo
2133 360 2199 393 est

239 427 373 457 suum
400 427 564 472 corpus
591 427 738 471 neque
765 427 845 456 sua
873 413 1039 455 anima.
1069 412 1284 471 Sequitur
1310 422 1462 457 autem
1491 413 1613 472 quod
1640 413 1791 472 aliqua
1816 427 1919 472 pars
1945 414 2041 472 ejus
2061 414 2121 459 sit
2140 414 2202 459 al-

238 489 335 523 tera
360 480 497 539 prior,
524 480 646 538 quod
668 493 761 522 non
785 489 850 522 est
867 479 1222 534 inconveniens;
1245 493 1354 523 nam
1371 480 1562 524 materia
1577 489 1786 539 tempore
1804 490 1873 524 est
1888 479 2013 539 prior
2026 480 2200 537 forma;

239 547 478 591 materiam
505 547 624 600 dico,
648 546 898 590 secundum
926 545 1048 604 quod
1076 556 1142 590 est
1168 546 1215 589 in
1240 547 1444 605 potentia
1480 547 1535 590 ad
1571 546 1785 600 formam,
1820 561 1916 590 non
1947 547 2200 592 secundum

239 614 362 672 quod
390 623 492 657 actu
520 623 587 657 est
612 627 691 671 per
717 611 913 656 formam
940 611 1164 670 perfecta;
1192 613 1256 657 sic
1283 613 1406 657 enim
1433 623 1500 658 est
1525 613 1661 657 simul
1683 628 1790 657 cum
1820 612 1983 657 forma.
2017 613 2199 686 Corpus

238 681 375 738 igitur
400 681 670 733 humanum,
693 678 945 723 secundum
973 679 1095 738 quod
1118 689 1185 723 est
1211 680 1257 723 in
1292 682 1494 739 potentia
1528 681 1583 724 ad
1619 680 1836 734 animam,
1869 690 2026 739 utpote
2057 694 2200 740 quum

240 747 446 791 nondum
470 747 607 790 habet
630 746 847 799 animam,
875 755 943 789 est
966 746 1089 804 prius
1114 756 1323 806 ternpore
1346 761 1484 805 quam
1512 747 1690 801 anima3
1711 757 1820 791 tunc
1847 757 2002 792 autem
2018 761 2120 792 non
2134 757 2203 792 est

239 815 494 858 humanum
523 823 641 867 actu,
668 812 746 857 sed
773 813 973 871 potentia
1000 823 1202 868 tantum3
1230 828 1371 872 quum
1397 829 1510 858 vero
1537 823 1605 858 est
1635 815 1891 858 humanum
1915 801 2041 869 ⁸actu,
2073 814 2202 874 quasi

242 895 323 939 per
349 881 551 924 animam
577 880 831 923 humanam
857 878 1123 938 perfectum,
1147 894 1242 924 non
1269 891 1336 925 est
1361 881 1484 940 prius
1510 895 1658 941 neque
1682 881 1907 941 posterius
1932 882 2101 936 anima,
2122 881 2201 926 sed

241 946 378 991 simul
405 961 510 990 cum
538 961 607 991 ea.

329 1014 491 1072 Neque
515 1014 652 1057 etiam
679 1013 894 1072 sequitur,
920 1013 960 1057 si
997 1014 1150 1058 anima
1179 1028 1237 1058 ‚ex
1269 1015 1434 1059 virtute
1466 1015 1652 1059 seminis
1687 1029 1783 1059 non
1814 1015 2091 1074 producitur,
2124 1014 2202 1059 sed

241 1080 392 1125 solum
420 1095 599 1140 corpus,
618 1081 740 1139 quod
763 1081 819 1124 sit
840 1080 1105 1140 imperfecta
1122 1082 1327 1140 operatio
1350 1092 1445 1126 tam
1468 1083 1556 1126 Dei
1572 1097 1710 1141 quam
1728 1092 1930 1137 naturae,
1947 1092 1996 1126 ut
2011 1081 2203 1141 septima

240 1148 357 1192 ratio
384 1148 673 1206 procedebat.
700 1147 878 1192 Virtute
906 1148 1028 1191 enirn
1054 1148 1144 1192 Dei
1169 1158 1412 1207 utrumque
1444 1149 1507 1203 fit,
1537 1160 1581 1192 et
1617 1163 1782 1208 corpus
1818 1159 1863 1193 et
1899 1149 2066 1203 anima,
2097 1148 2206 1192 licet

241 1215 456 1258 formatio
485 1215 689 1273 corporis
715 1215 772 1258 sit
798 1215 851 1258 ab
872 1228 927 1258 eo
945 1214 1175 1258 mediante
1200 1215 1363 1259 virtute
1382 1216 1568 1259 seminis
1583 1215 1814 1270 naturalis,
1831 1216 2203 1260 animamautem

241 1282 506 1326 immediate
534 1282 766 1341 producat.
794 1282 955 1340 Neque
991 1282 1130 1325 etiam
1165 1283 1366 1341 sequitur
1403 1283 1526 1341 quod
1564 1283 1683 1327 actio
1722 1283 1896 1327 virtutis
1931 1282 2118 1328 seminis
2148 1283 2206 1326 sit

241 1348 522 1408 imperfecta,
545 1364 686 1408 quum
712 1348 918 1408 perficiat
943 1349 1032 1392 hoc
1063 1349 1117 1392 ad
1144 1349 1267 1407 quod
1291 1358 1370 1393 est.

333 1416 582 1460 Sciendum
609 1426 676 1460 est
702 1416 839 1460 etiarn
866 1416 920 1472 in·
939 1416 1114 1460 semine
1139 1416 1303 1460 virtute
1331 1417 1553 1460 contineri
1581 1416 1738 1460 omnia
1762 1415 1842 1460 illa
1859 1430 1976 1475 quae
1990 1417 2205 1462 virtutem

243 1497 512 1541 corpoream
539 1498 633 1527 non
661 1483 897 1536 excedunt,
919 1483 1036 1527 sicut
1052 1482 1255 1537 foenum,
1275 1482 1468 1541 culmus,
1490 1484 1746 1528 internodia
1769 1494 1814 1528 et
1830 1483 2021 1538 similia;
2042 1481 2098 1529 ex
2113 1497 2205 1543 quo

243 1550 456 1594 concludi
477 1564 572 1594 non
599 1560 749 1609 potest
765 1550 886 1608 quod
904 1550 950 1593 id
967 1550 1168 1594 hominis
1187 1551 1311 1609 quod
1327 1560 1474 1595 totam
1491 1552 1704 1595 virtutem
1724 1564 1997 1609 corpoream
2014 1550 2205 1605 excedit,

244 1617 289 1661 in
317 1617 493 1662 semine
518 1618 682 1662 virtute
710 1617 1011 1672 contineatur,
1034 1628 1083 1661 ut
1109 1627 1271 1661 octava
1297 1618 1412 1662 ratio
1441 1618 1755 1663 concludebat.

337 1684 477 1736 Quod
505 1694 657 1728 autem
680 1686 970 1742 operationes
998 1684 1178 1728 animae
1204 1685 1414 1728 videntur
1438 1685 1661 1743 proficere
1692 1685 1739 1729 in
1771 1699 1989 1744 processu
2021 1697 2206 1743 genera-

243 1752 380 1796 tionis
408 1751 639 1795 humanae
666 1752 781 1796 sicut
807 1751 1051 1810 proficiunt
1077 1754 1282 1811 corporis
1308 1763 1473 1811 partes,
1499 1766 1593 1796 non
1612 1752 1809 1797 ostendit
1825 1752 2027 1796 animam
2049 1752 2223 1796 huma-—

244 1833 353 1862 nam
384 1828 429 1862 et
465 1833 629 1876 corpus
669 1819 792 1862 idem
827 1819 1100 1877 principium
1133 1819 1316 1876 habere,
1353 1819 1469 1863 sicut
1503 1833 1625 1863 nona
1648 1821 1764 1863 ratio
1797 1818 2094 1878 procedebat3
2127 1817 2206 1863 sed

249 1886 445 1930 ostendit
477 1886 599 1945 quod
627 1885 862 1944 dispositio
894 1885 1092 1944 partium
1125 1886 1329 1945 corporis
1363 1896 1430 1930 est
1460 1887 1717 1931 necessaria
1749 1885 1805 1930 ad
1838 1886 2020 1930 animae
2052 1898 2208 1945 opera-

246 1954 436 1997 tionem.
586 1967 591 1971 *
1803 1970 1805 1972 ·

336 2019 476 2072 Quod
504 2030 655 2064 autem
684 2019 864 2063 decimo
885 2019 1108 2077 objicitur,
1138 2033 1301 2079 corpus
1330 2020 1509 2064 animae
1539 2019 1829 2078 configurari,
1851 2030 1899 2064 et
1918 2019 1976 2063 ob
2002 2018 2095 2063 hoc
2118 2018 2207 2063 ani·

244 2101 370 2131 marn
392 2087 478 2130 sibi
504 2101 668 2146 corpus
695 2085 843 2131 simile
869 2101 1153 2145 praeparare,
1180 2087 1344 2145 partim
1372 2087 1556 2146 quidem
1581 2097 1649 2131 est
1668 2101 1843 2141 verum,
1865 2085 2030 2145 partim
2053 2095 2206 2129 autern

243 2154 424 2198 falsum.
454 2154 504 2198 Si
530 2155 655 2198 enim
681 2154 959 2212 intelligatur
991 2154 1046 2197 de
1081 2154 1235 2197 anima
1268 2155 1540 2212 generantis,
1574 2164 1641 2198 est
1670 2167 1831 2198 verum
1863 2152 1987 2212 quod
2018 2152 2208 2207 dicitur;

242 2221 407 2265 falsum
436 2231 605 2275 autern,
632 2221 670 2265 si
701 2221 980 2279 intelligatur
1014 2221 1069 2265 de
1097 2223 1249 2265 anima
1284 2221 1502 2279 generati.
1534 2221 1641 2265 Non
1674 2220 1798 2264 enim
1827 2220 1993 2264 virtute
2026 2219 2208 2263 animae

243 2289 448 2347 generati
472 2287 693 2332 formatur
721 2302 886 2346 corpus
909 2298 1132 2347 quantum
1159 2288 1215 2332 ad
1243 2289 1413 2346 primas
1446 2297 1490 2331 et
1515 2287 1783 2346 praecipuas
1820 2296 1984 2346 partes,
2010 2285 2092 2331 sed
2123 2287 2210 2330 vir-
2266 2314 2278 2329 .

242 2365 338 2400 tute
362 2355 542 2399 animae
575 2355 848 2414 generantis,
876 2365 925 2399 ut
956 2370 1092 2414 supra
1123 2355 1366 2413 probatum
1399 2365 1480 2399 est.
1515 2354 1735 2398 Similiter
1766 2354 1904 2398 etiam
1930 2354 2082 2398 omnis
2114 2366 2209 2396 ma-

243 2422 356 2467 teria
384 2436 493 2466 suae
520 2421 696 2466 formae
725 2421 1056 2480 configuratur;
1083 2436 1178 2465 non
1209 2432 1365 2466 tamen
1391 2421 1507 2466 haec
1536 2421 1839 2479 configuratio
1870 2419 1921 2464 fit
1952 2434 2006 2464 ex
2028 2419 2208 2464 actione

245 2489 462 2548 generati,
489 2489 567 2533 sed
596 2503 649 2533 ex
677 2490 856 2532 actione
882 2488 1058 2532 formae
1082 2489 1353 2546 generantis.

338 2555 478 2607 Quod
506 2565 660 2599 autem
693 2556 938 2599 undecimo
968 2556 1180 2614 objicitur
1206 2556 1261 2599 de
1288 2555 1476 2599 seminis
1503 2555 1595 2598 vita
1620 2555 1667 2598 in
1699 2554 1921 2613 principio
1949 2553 2208 2608 decisionis,

245 2633 368 2682 patet
393 2623 579 2681 quidem
606 2637 659 2666 ex
687 2623 817 2666 dictis
845 2636 939 2666 non
968 2636 1066 2666 esse
1093 2622 1248 2665 vivum
1281 2622 1368 2665 nisi
1394 2622 1440 2665 in
1467 2622 1693 2681 potentia3
1720 2621 1840 2666 unde
1871 2631 1978 2665 tunc
2006 2620 2208 2664 animam

247 2701 350 2734 actu
377 2704 470 2734 non
496 2690 650 2743 habet,
677 2690 755 2733 sed
781 2690 962 2733 virtute.
989 2690 1040 2732 In
1067 2703 1286 2747 processu
1314 2699 1466 2732 autern
1494 2689 1802 2747 generationis
1834 2688 1972 2732 habet
2004 2687 2207 2732 animam

246 2756 551 2816 vegetabilem
579 2766 624 2800 et
655 2755 932 2810 sensibilem,
961 2770 1015 2800 ex
1047 2756 1211 2799 virtute
1244 2756 1451 2810 seminis;
1484 2770 1599 2814 quae
1625 2770 1720 2799 non
1758 2765 1958 2809 manent,
1985 2754 2064 2799 sed
2095 2763 2212 2798 tran-

247 2834 391 2878 seunt,
420 2824 573 2867 anima
599 2823 812 2867 rationali
838 2823 1125 2867 succedente.

333 2891 497 2949 Neque
525 2890 678 2944 etiarn,
706 2890 743 2933 si
768 2889 983 2934 formatio
1013 2890 1218 2947 corporis
1247 2890 1448 2932 animam
1472 2889 1722 2932 humanam
1746 2887 1989 2947 praecedit,
2010 2887 2212 2946 sequitur

247 2957 370 3016 quod
398 2957 552 3000 anima
578 2957 635 3000 sit
668 2967 853 3013 propter
886 2969 1063 3013 corpus,
1091 2965 1140 2999 ut
1172 2956 1446 2999 duodecima
1478 2956 1593 3000 ratio
1627 2955 1859 3000 inferebat.
1883 2955 1964 3000 Est
1988 2956 2110 2999 enim
2136 2953 2213 2999 ali-

242 3021 354 3080 'quid
380 3032 566 3080 propter
592 3020 785 3065 alterurn
820 3021 1082 3079 dupliciter:
1117 3037 1209 3065 uno
1244 3023 1384 3066 modo
1422 3032 1606 3081 propter
1641 3023 1737 3080 ejus
1773 3022 2087 3081 operationem
2114 3021 2210 3066 sive

246 3089 644 3132 conservationem
671 3087 744 3131 vel
771 3088 989 3146 quidquid
1016 3088 1282 3146 hujusmodi
1310 3099 1377 3133 est
1395 3089 1517 3147 quod
1545 3089 1746 3147 sequitur
1778 3089 1833 3133 ad
1861 3102 1975 3143 esse,
2003 3087 2213 3146 ethujus-

246 3155 373 3198 modi
399 3165 503 3199 sunt
529 3155 786 3213 posteriora
813 3169 868 3199 eo
901 3165 1086 3214 propter
1123 3155 1244 3214 quod
1279 3166 1397 3209 sunt,
1431 3156 1547 3200 sicut
1582 3157 1855 3201 vestimenta
1891 3165 1997 3200 sunt
2026 3163 2211 3215 propter

244 3221 500 3275 hominem,
529 3233 573 3266 et
598 3222 897 3266 instrumenta
934 3231 1119 3280 propter
1157 3221 1400 3277 artificem3
1429 3223 1518 3266 alio
1560 3223 1700 3267 modo
1729 3233 1798 3267 est
1835 3221 2004 3282 aliquid
2029 3230 2212 3283 propter

245 3288 452 3343 alterum,
485 3289 528 3332 id
557 3299 625 3332 est
650 3299 832 3348 propter
858 3303 956 3332 esse
985 3289 1096 3345 ejus,
1124 3299 1167 3332 et
1195 3289 1260 3332 sic
1289 3289 1411 3347 quod
1439 3300 1507 3333 est
1544 3299 1729 3348 propter
1764 3289 1959 3334 alterum
1986 3299 2055 3334 est
2085 3288 2206 3349 prius

246 3365 453 3415 tempore
481 3365 525 3399 et
547 3366 706 3400 natura
732 3356 968 3414 posterius.
1004 3356 1105 3399 Hoc
1139 3366 1291 3400 autem
1321 3357 1461 3400 modo
1491 3370 1656 3415 corpus
1690 3366 1757 3401 est
1782 3366 1967 3416 propter
1993 3355 2210 3410 animam,

248 3423 364 3466 sicut
389 3422 526 3466 etiam
549 3423 699 3467 omnis
726 3423 916 3467 materia
949 3432 1132 3481 propter
1158 3421 1371 3467 formam.
1399 3423 1542 3468 Secus
1570 3433 1722 3468 autem
1749 3431 1882 3478 esset,
1907 3423 1947 3468 si
1971 3436 2025 3468 ex
2058 3421 2210 3467 anima

251 3499 295 3533 ct
322 3503 512 3547 corpore
539 3504 632 3533 non
660 3489 786 3534 fieret
808 3505 949 3534 unum
976 3489 1229 3535 secundum
1253 3503 1365 3545 esse,
1383 3489 1501 3535 sicut
1526 3490 1685 3535 dicunt
1706 3490 1784 3550 qui
1807 3499 1986 3550 ponunt
2006 3489 2209 3534 animam

252 3570 345 3600 non
373 3571 471 3601 esse
494 3557 698 3616 corporis
724 3556 935 3602 formam.
