2332 3854
307 2967 309 2969 ,
329 2927 521 2985 Spiritus
541 2937 690 2972 autem
714 2926 907 2971 Sanctus
936 2941 960 2970 a
982 2926 1116 2971 Patre
1143 2935 1187 2970 et
1212 2925 1343 2980 Filio,
1369 2927 1663 2984 processione
1690 2925 1874 2980 amoris,
1900 2939 1990 2985 qua
2014 2925 2070 2971 ab
2090 2933 2315 2985 utroque

311 215 415 284 598
990 229 1145 267 LmER
1185 228 1259 266 1v.
1302 229 1422 267 CAP.
1456 228 1585 267 xxv.

307 341 423 374 trem
433 329 599 375 referre
612 328 742 384 solet,
757 343 782 373 a
793 342 884 388 quo
896 328 1034 372 habet
1043 327 1260 387 quidquid
1269 327 1426 380 habet;
1444 327 1562 372 sicut
1569 341 1710 388 quum
1724 327 1833 372 dicit
1846 327 1891 387 (J
1894 327 2135 374 oan'n.VII.
2148 326 2235 387 16.)
2250 344 2262 375 :

309 397 408 441 Mea
433 396 622 441 doctrina
647 411 730 440 non
757 402 812 439 est
832 408 939 449 mea,
964 394 1029 438 sed
1055 397 1141 452 ejus
1166 395 1238 452 qui
1259 396 1375 439 misit
1398 409 1477 450 me,
1504 394 1672 450 Patris3
1700 404 1744 439 et
1770 394 1913 438 multa
1937 395 2277 454 hujusmodiin‘-

308 463 457 508 verbis
483 463 675 507 Domini
706 462 995 505 inveniuntur
1027 461 1082 504 ad
1111 460 1527 505 commendandam
1558 461 1605 504 in
1636 429 1770 505 P’atre
1803 461 2119 506 auctoritatem
2149 461 2278 521 prim

310 529 431 588 cipii.
458 529 556 573 Nec
583 538 737 572 tamen
762 527 809 570 in
836 526 1105 579 auctoritate
1136 527 1386 586 praemissa
1418 527 1608 572 omnino
1641 527 1832 572 obticuit
1861 542 1912 572 se
1942 541 2042 573 esse
2075 525 2270 588 Spiritus

308 595 464 640 Sancti
486 595 772 654 principium,
800 607 941 652 quum
968 593 1077 637 dixit
1098 607 1205 637 eum
1225 595 1421 652 spiritum
1442 595 1662 648 veritatis;
1690 608 1737 638 se
1765 603 1921 638 autem
1942 594 2066 654 prius
2093 593 2267 641 &xerat

311 664 541 707 veritatem.

403 727 639 784 Objiciunt
671 726 809 770 etiam
841 725 964 785 quod
1004 725 1051 769 in
1084 726 1356 784 quibusdam
1384 727 1604 772 Conciliis
1635 727 1864 772 invenitur
1898 726 1979 772 sub
2009 727 2270 772 intermina-

309 795 434 838 tione
462 792 763 836 anathematis
790 792 1071 851 prohibitum
1097 806 1154 835 ne
1178 791 1346 851 aliquid
1373 793 1563 838 addatur
1587 795 1633 838 in
1647 793 1862 854 symbolo
1882 794 1930 838 in
1953 793 2175 840 Conciliis
2196 809 2269 839 or-

311 861 481 914 dinato,
514 860 559 902 in
587 874 678 917 quo
704 869 859 903 tamen
887 859 941 902 de
968 858 1261 917 processione
1289 858 1479 918 Spiritus
1508 860 1666 904 Sancti
1691 874 1717 904 a
1741 859 1857 904 Filio
1880 860 2053 905 mentio
2078 874 2173 905 non
2193 860 2270 904 ha-

307 927 461 980 betur;
479 926 597 969 unde
614 935 807 984 arguunt
824 926 1012 972 Latinos
1032 925 1332 970 anathematis
1350 941 1469 981 reos,
1487 927 1563 986 qui
1579 927 1670 970 hoc
1688 927 1735 971 in
1757 926 1969 986 symbolo
1987 926 2268 973 addiderunt.

403 993 493 1037 Sed
519 993 633 1036 haec
662 991 915 1036 efficaciam
940 1006 1035 1036 non
1060 992 1242 1036 habent.
1269 992 1391 1036 Nam
1416 993 1464 1036 in
1490 993 1867 1038 determinatione
1888 993 2054 1053 synodi
2078 993 2271 1039 Chalce-

311 1060 525 1104 donensis
560 1059 737 1112 dicitur,
765 1059 887 1118 quod
912 1059 1068 1103 Patres
1095 1058 1214 1118 apud
1241 1059 1695 1119 Constantinopolim
1722 1060 1989 1120 congregati
2013 1060 2269 1105 doctrinam

311 1127 544 1171 Nicaenae
568 1126 732 1185 synodi
758 1126 1184 1180 corroboraverunt,
1211 1139 1306 1170 non
1334 1128 1462 1185 quasi
1487 1126 1657 1185 aliquid
1683 1126 1834 1171 minus
1868 1135 1987 1172 esset
2005 1126 2271 1181 inferentes;

311 1193 394 1238 sed
421 1193 476 1237 de
510 1193 679 1252 Spiritu
707 1192 878 1236 Sancto
905 1191 1188 1236 intellectum
1221 1206 1397 1247 eorum,
1425 1193 1639 1238 adversus
1672 1207 1752 1238 eos
1778 1193 1856 1253 qui
1876 1193 2132 1238 Dominum
2164 1208 2270 1239 eum

311 1273 524 1318 respuere
551 1269 852 1313 tentaverunt,
887 1259 1224 1318 Scripturarum
1254 1260 1525 1312 testimoniis
1557 1259 1855 1304 declarantes.
1887 1259 1944 1305 Et
1972 1260 2181 1317 similiter
2211 1259 2274 1304 di·

315 1326 511 1371 cendum
544 1335 612 1370 est
643 1325 764 1384 quod
797 1325 1030 1384 processio
1065 1325 1257 1384 Spiritus
1290 1325 1448 1370 Sancti
1481 1340 1506 1370 a
1537 1325 1654 1370 Filio
1690 1326 1914 1386 implicite
1938 1327 2196 1382 continetur
2221 1326 2272 1372 ‘in

315 1391 829 1451 Constantinopolitano
856 1391 1086 1451 symbolo,
1117 1391 1165 1436 in
1189 1392 1282 1437 hoc
1307 1392 1430 1451 quod
1456 1392 1517 1437 ibi
1543 1393 1720 1448 dicitur,
1753 1393 1876 1453 quud
1906 1393 2152 1454 procedit}
2168 1394 2274 1454 quia

316 1459 438 1518 quod
465 1459 520 1503 de
551 1459 685 1502 Patre
710 1458 978 1518 intelligitur
1004 1467 1185 1534 oportet
1211 1468 1255 1503 et
1281 1459 1336 1503 de
1363 1458 1479 1503 Filio
1505 1458 1712 1519 intelligi,
1738 1469 1788 1504 ut
1812 1459 1984 1505 dictum
2016 1470 2098 1506 est.
2129 1460 2188 1506 Et
2218 1461 2276 1505 ad

314 1527 405 1571 hoc
440 1525 698 1570 addendum
724 1524 890 1570 sufficit
915 1525 1160 1570 auctoritas
1193 1525 1394 1569 Romani
1424 1525 1674 1581 Pontificis,
1705 1540 1786 1586 per
1816 1540 1955 1586 quam
1987 1528 2126 1572 etiam
2154 1527 2277 1596 inve-

313 1593 499 1637 niuntur
526 1594 709 1651 antiqua
737 1591 950 1637 Concilia
983 1606 1081 1636 esse
1115 1591 1398 1636 confirmata

404 1659 630 1703 Inducunt
655 1659 793 1703 etiam
810 1659 933 1718 quod
961 1658 1152 1717 Spiritus
1182 1658 1391 1713 Sanctus,
1419 1673 1560 1718 quum
1586 1659 1643 1703 sit
1667 1658 1874 1719 simplex,
1893 1643 1989 1705 non
2005 1669 2156 1720 potest
2176 1674 2277 1706 esse

319 1741 344 1770 a
371 1726 562 1780 duobus,
580 1735 624 1770 et
649 1726 773 1784 quod
796 1725 989 1784 Spiritus
1013 1725 1221 1779 Sanctus,
1239 1726 1277 1770 si
1293 1726 1490 1785 perfecte
1507 1725 1727 1784 procedat
1742 1740 1769 1770 a
1790 1725 1939 1781 Patre,
1955 1740 2050 1771 non
2070 1726 2289 1787 procedit·
2320 1763 2329 1765 t

320 1809 345 1837 a
367 1793 497 1847 Filio,
526 1802 570 1837 et
592 1793 678 1837 alia
705 1793 982 1851 hujusmodi,
1015 1806 1131 1852 quae
1157 1791 1290 1837 facile
1317 1803 1385 1837 est
1409 1793 1588 1838 solvere
1614 1793 1754 1838 etiam
1778 1807 1945 1853 parum*
1965 1793 2014 1838 in
2038 1792 2277 1854 theologia

320 1860 587 1905 exercitatis.

409 1927 531 1972 Nam
559 1928 692 1971 Pater
718 1936 761 1971 et
794 1926 931 1971 Filius
955 1936 1058 1971 sunt
1083 1941 1228 1970 unum
1252 1927 1523 1986 principium
1561 1926 1753 1986 Spiritus
1786 1927 1942 1972 Sancti
1967 1937 2154 1988 propter
2177 1928 2278 1973 uni-

316 2004 459 2039 tatem
482 1993 661 2038 divinae
678 1994 868 2048 virtutis,
895 2003 938 2038 et
954 2008 1044 2037 una
1060 1993 1360 2052 productione
1378 1993 1635 2053 producunt
1661 1993 1879 2052 Spiritum
1898 1992 2142 2050 Sanctum:
2162 1995 2280 2040 sicut
2330 2043 2332 2045 .

320 2063 459 2106 etiam
486 2071 575 2105 tres
601 2075 823 2118 personae
849 2071 953 2106 sunt
978 2074 1120 2105 unum
1147 2061 1422 2120 principium
1449 2071 1696 2117 creaturae,
1724 2071 1768 2105 et
1791 2075 1882 2106 una
1905 2061 2086 2107 actione
2110 2072 2279 2108 creatu·

318 2143 419 2173 ram
450 2128 720 2188 producunt.
2320 2134 2332 2227 'i

549 2409 707 2458 QUOD
749 2410 866 2452 NON
906 2409 1048 2450 SUNT
1089 2411 1198 2450 NISI
1238 2411 1372 2451 TRES
1412 2410 1694 2450 PERSONAE
1734 2410 1792 2451 IN
1830 2409 2057 2462 DIVINIS,
2324 2441 2332 2481 Ξ

622 2486 875 2525 SCILICET
907 2486 1101 2537 PATER,
1132 2485 1307 2523 FILIUS
1335 2486 1406 2524 ET
1435 2485 1677 2524 SPIRITUS
1713 2484 1977 2526 SANCTUS.
2319 2494 2332 2552 j

412 2593 478 2638 Ex
493 2593 565 2638 his
590 2593 728 2653 igitur
745 2608 861 2653 quae
883 2593 1002 2638 dicta
1032 2603 1136 2638 sunt
1161 2594 1367 2653 accipere
1395 2602 1574 2652 oportet
1595 2593 1718 2653 quod
1742 2593 1790 2637 in
1815 2593 1970 2638 divina
2000 2601 2161 2640 natura
2190 2598 2282 2639 tres
2309 2574 2332 2612 ά

325 2674 548 2721 personae
575 2660 836 2714 subsistunt,
860 2661 994 2704 Pater
1020 2668 1063 2703 et
1089 2658 1228 2703 Filius
1256 2669 1300 2703 et
1327 2659 1518 2718 Spiritus
1546 2659 1755 2713 Sanctus,
1782 2668 1827 2704 et
1843 2658 1970 2720 ‚quod
1995 2658 2046 2704 hi
2067 2668 2158 2704 tres
2179 2667 2283 2704 sunt
2314 2711 2315 2722 2

325 2743 440 2772 unus
466 2728 608 2782 Deus,
635 2726 743 2772 solis
775 2726 1069 2771 relationibus
1097 2726 1150 2770 ab
1175 2727 1372 2771 invicem
1406 2726 1619 2771 distincti.
1635 2727 1770 2771 Pater
1787 2726 1911 2770 enim
1937 2738 1963 2770 a
1988 2725 2105 2771 Filio
2130 2724 2327 2772 ‹linha-„21

327 2795 479 2852 guitur
495 2793 775 2852 paternitatis
792 2793 1013 2838 relatione
1036 2802 1080 2837 et
1105 2792 1480 2847 innascibilitate;
1498 2792 1637 2836 Filius
1666 2802 1818 2837 autem
1840 2806 1867 2837 a
1891 2792 2040 2847 Patre,
2061 2790 2324 2839 relationem¹

327 2860 583 2914 filiationis;
608 2861 743 2904 Pater
766 2870 916 2904 autem
946 2869 990 2904 et
1013 2859 1153 2903 Filius
1182 2873 1207 2903 a
1235 2859 1403 2917 Spiritu
1432 2859 1619 2913 Sancto,
1645 2858 1907 2936 spiratione,
1933 2868 1982 2903 ut
1998 2858 2063 2904 ita
2085 2858 2300 2914 dicatur3
2306 2867 2310 2870 ”

326 2994 546 3053 procedit.

417 3061 602 3104 Praeter
632 3060 716 3104 has
748 3069 837 3104 tres
863 3061 1080 3119 personas
1105 3073 1199 3104 non
1227 3069 1294 3104 est
1319 3068 1524 3118 quartam
1553 3059 1600 3102 in
1627 3058 1779 3103 divina
1799 3069 1962 3104 natura
1990 3066 2174 3119 ponere.
2302 3093 2332 3119 ,3

417 3127 646 3171 Personae
665 3128 788 3171 enim
815 3126 1007 3180 divinae,
1035 3140 1176 3185 quum
1207 3125 1254 3170 in
1277 3126 1470 3170 essentia
1489 3125 1777 3180 conveniant,
1802 3134 1897 3171 non
1917 3134 2116 3184 possunt
2131 3123 2327 3179 ‘disum

329 3194 423 3251 gui,
448 3194 536 3237 nisi
567 3208 647 3252 per
669 3193 942 3238 relationem
975 3193 1178 3251 originis,
1205 3202 1254 3236 ut
1285 3206 1340 3237 ex
1366 3192 1496 3236 dictis
1521 3193 1582 3250 (e.
1609 3192 1701 3249 24.)
1728 3200 1865 3251 patet.
1891 3191 1986 3241 Has
2012 3201 2166 3239 autem
2207 3213 2218 3229 ·

329 3260 447 3318 ginis
472 3259 716 3304 relationes
750 3260 955 3319 accipere
995 3269 1175 3318 oportet
1204 3273 1298 3308 non
1331 3258 1585 3303 secundum
1611 3257 1953 3317 processionem
1982 3258 2031 3302 in
2062 3255 2306 3318 exterior&
2327 3270 2331 3274 ’

328 3326 607 3379 tendentem,
649 3326 713 3370 sic
749 3327 872 3370 enim
904 3326 1155 3385 procedens
1189 3339 1282 3369 non
1321 3334 1438 3369 esset
1475 3323 1777 3369 coessentiale
1807 3336 1891 3370 suo
1928 3307 2323 3449 Ρινίιιειρέκοᾏὲἰέἒ

331 3403 510 3450 oportet
553 3393 674 3452 qnod
708 3393 941 3470 processio
976 3392 1162 3436 interius
1196 3391 1427 3436 consistat.
1474 3390 1615 3443 Quod
1659 3400 1813 3436 autem
1843 3388 2017 3450 aliquid
2053 3404 2106 3450 pr
2274 3388 2277 3391 ’

332 3473 522 3503 manens
547 3459 664 3503 intra
696 3473 830 3502 suum
856 3458 1143 3518 principium,
1169 3458 1394 3502 invenitur
1425 3456 1610 3501 solum
1598 3471 1646 3501 m
1672 3456 1938 3517 operatione
1961 3446 2332 3523 mtellectusssig¹

330 3525 592 3580 voluntatis,
613 3535 662 3570 ut
678 3539 732 3569 ex
751 3525 880 3570 dictis
907 3535 1042 3602 patet.
1070 3525 1204 3570 Unde
1221 3537 1444 3602 personae
1462 3524 1641 3568 divinae
1659 3518 1951 3582 multiplicari
1968 3534 2064 3574 non
2081 3528 2305 3586 possunt*

330 3590 417 3635 nisi
448 3591 701 3636 secundum
728 3590 850 3651 quod
882 3591 1020 3650 ‹xigit
1045 3590 1279 3651 processio
1310 3589 1568 3636 intellectus
1601 3599 1646 3635 et
1676 3588 1924 3635 voluntatis
1940 3587 1995 3635 in
2025 3587 2144 3638 Deo
2174 3570 2293 3638 Ndu
