2332 3854
290 179 358 235 88
969 194 1123 233 LIBER
1162 194 1197 233 1.
1240 194 1358 233 cAP.
1400 193 1566 234 Lxxn.

1007 405 1265 462 CAPUT
1299 405 1531 462 LXXII.

805 541 991 587 QUOD
1053 541 1220 579 DEUS
1275 542 1399 580 EST
1456 542 1735 583 VOLENS.

927 642 980 699 (J.
994 649 1109 702 part.
1128 649 1279 702 quaest.
1293 643 1407 689 XIX.
1427 651 1506 690 art.
1521 661 1555 691 1.
1554 645 1593 702 ).

379 754 607 813 Expeditis
629 754 700 798 his
717 768 832 812 quae
857 753 911 797 ad
929 754 1072 798 divini
1087 754 1344 800 intellectus
1363 757 1678 815 cognitionem
1703 756 1942 815 pertinent,
1967 769 2087 800 nunc
2108 759 2248 800 restat

291 821 579 865 considerare
607 821 661 864 de
687 821 776 864 Dei
801 820 1049 866 voluntate.
1083 821 1150 866 Ex
1181 823 1271 868 hoc
1305 825 1442 877 enim,
1476 823 1598 882 quod
1629 823 1756 868 Deus
1789 833 1855 868 est
1886 822 2160 882 intelligens,
2185 835 2251 866 se-

291 889 441 946 quitur
468 888 589 946 quod
617 887 673 931 sit
698 886 874 934 volens.
903 888 1025 932 Cum
1053 891 1175 933 enim
1200 889 1374 934 bonum
1396 890 1651 934 intellectus
1678 890 1735 934 sit
1761 890 1991 949 objectum
2016 888 2250 949 proprium

289 955 549 1008 voluntatis,
579 964 758 1013 oportet
785 955 906 1013 quod
932 955 1106 999 bonum
1139 956 1436 1011 intellectum,
1462 957 1509 1001 in
1536 967 1757 1016 quantum
1787 956 2067 1016 hujusmodi,
2093 956 2151 1000 sit
2173 968 2251 1000 vo-

292 1021 449 1075 litum;
483 1020 766 1065 intellectum
800 1031 953 1066 autem
985 1022 1148 1066 dicitur
1174 1023 1227 1066 ad
1254 1023 1597 1083 intelligentem.
1624 1024 1825 1069 Necesse
1857 1032 1923 1068 est
1953 1023 2110 1083 igitur,
2129 1022 2251 1082 quod

287 1087 543 1146 intelligens
572 1088 761 1143 bonum,
788 1088 834 1132 in
861 1099 1082 1147 quantum
1107 1090 1387 1148 hujusmodi,
1413 1093 1470 1135 sit
1494 1090 1668 1135 volens.
1701 1091 1828 1135 Deus
1857 1100 2010 1135 autem
2041 1089 2252 1148 intelligit
2300 1115 2304 1118 -

287 1155 486 1209 bonum;
515 1169 620 1198 cum
639 1155 762 1199 enim
785 1156 842 1199 sit
867 1155 1066 1214 perfecte
1089 1156 1363 1215 intelligens,
1390 1168 1439 1202 ut
1464 1172 1519 1201 ex
1544 1157 1812 1216 supradictis
1837 1167 1960 1216 patet
1974 1158 2036 1216 (c.
2058 1157 2169 1214 44.),
2189 1156 2253 1201 in-

288 1221 453 1280 telligit
483 1235 562 1265 ens
589 1221 725 1265 simul
752 1236 857 1265 cum
884 1222 1059 1266 ratione
1084 1223 1219 1277 boni;
1245 1233 1312 1267 est
1335 1223 1473 1282 igitur
1498 1223 1673 1268 volens.

377 1288 567 1332 Adhuc:
596 1289 869 1347 cuicumque
890 1289 1009 1333 inest
1036 1289 1186 1348 aliqua
1208 1289 1476 1344 formarum,
1499 1291 1637 1335 habet
1656 1304 1736 1348 per
1755 1290 1884 1334 illam
1909 1289 2110 1336 formam
2130 1289 2253 1335 habi-

292 1356 498 1400 tudinem
526 1356 582 1400 ad
609 1370 663 1400 ea
689 1370 804 1415 quae
827 1366 932 1400 sunt
956 1356 1002 1400 in
1028 1370 1181 1400 rerum
1207 1367 1382 1411 natura,
1405 1358 1521 1402 sicut
1546 1357 1723 1416 lignum
1751 1357 1905 1401 album
1931 1371 2010 1417 per
2036 1370 2167 1402 suam
2194 1356 2253 1402 al-

292 1423 507 1467 bedinem
535 1433 602 1467 est
628 1423 854 1482 aliquibus
880 1423 1043 1478 simile,
1077 1434 1121 1468 et
1153 1425 1423 1483 quibusdam
1450 1423 1682 1469 dissimile.
1710 1425 1762 1468 In
1787 1423 2068 1484 intelligente
2100 1433 2253 1469 autem

292 1500 337 1534 et
362 1490 584 1534 sentiente
610 1500 678 1534 est
702 1489 851 1534 forma
876 1491 943 1535 rei
967 1490 1225 1536 intellectae
1249 1501 1292 1536 et
1318 1501 1539 1546 sensatae,
1564 1506 1670 1536 cum
1693 1491 1844 1536 omnis
1867 1490 2072 1551 cognitio
2093 1490 2252 1551 sitper

291 1557 491 1616 aliquam
519 1557 879 1602 similitudinem.
909 1558 1106 1616 Oportet
1132 1558 1269 1616 igitur
1295 1573 1393 1603 esse
1419 1559 1734 1603 habitudinem
1759 1557 2055 1618 intelligentis
2081 1566 2128 1603 et
2150 1570 2252 1604 sen-

289 1626 440 1670 tientis
468 1625 524 1670 ad
551 1640 617 1680 ea,
645 1640 761 1684 quae
784 1634 887 1670 sunt
912 1625 1144 1670 intellecta
1177 1635 1222 1670 et
1252 1636 1446 1680 sensata,
1474 1621 1726 1670 secundum¹
1751 1625 1874 1685 quod
1898 1634 2005 1670 sunt
2026 1625 2075 1669 in
2099 1636 2254 1670 rerum

291 1703 475 1737 natura:
502 1707 597 1736 non
625 1702 776 1736 autem
794 1693 885 1736 hoc
904 1702 971 1736 est
992 1707 1071 1751 per
1087 1692 1193 1747 hoc,
1217 1693 1338 1751 quod
1355 1692 1616 1751 intelligunt
1631 1702 1675 1737 et
1692 1692 1905 1747 sentiunt,
1930 1706 2040 1737 nam
2065 1705 2146 1751 per
2160 1691 2253 1736 hoc

289 1760 438 1818 magis
466 1760 769 1804 attenderetur
801 1759 1019 1804 habitudo
1053 1774 1206 1804 rerum
1234 1760 1289 1804 ad
1314 1760 1647 1820 intelligentem
1675 1770 1719 1805 et
1744 1760 2031 1814 sentientem,
2057 1761 2163 1819 quia
2191 1759 2255 1813 in-

290 1827 495 1886 telligere
513 1837 557 1871 et
573 1827 739 1871 sentire
759 1837 826 1871 est
837 1827 1088 1871 secundum
1106 1827 1228 1886 quod
1245 1842 1316 1872 res
1339 1838 1443 1872 sunt
1458 1829 1504 1871 in
1521 1827 1753 1873 intellectu
1771 1837 1815 1872 et
1831 1840 1980 1882 sensu,
2002 1826 2254 1872 secundum

293 1895 486 1938 modum
512 1895 758 1953 utriusque.
788 1894 938 1938 Habet
965 1906 1117 1938 autem
1149 1895 1463 1939 habitudinem
1489 1895 1687 1940 sentiens
1719 1904 1765 1940 et
1794 1893 2053 1952 intelligens
2079 1893 2136 1938 ad
2156 1907 2255 1938 rem

290 1975 405 2020 quae
433 1972 499 2005 est
526 1971 649 2005 extra
676 1961 877 2005 animam
903 1976 984 2020 per
1008 1960 1295 2005 voluntatem
1323 1971 1366 2006 et
1393 1963 1657 2021 appetitum,
1689 1961 1810 2006 unde
1833 1961 1991 2006 omnia
2015 1961 2256 2007 sentientia

291 2038 335 2072 et
360 2027 660 2086 intelligentia
687 2037 904 2087 appetunt
929 2037 974 2072 et
998 2028 1173 2073 volunt.
1199 2027 1425 2073 Voluntas
1449 2039 1605 2074 tamen
1627 2029 1809 2089 proprie
1831 2029 1879 2073 in
1899 2026 2135 2075 intellectu
2160 2037 2252 2083 est;

291 2109 396 2138 cum
418 2095 555 2153 igitur
579 2095 706 2139 Deus
733 2096 789 2138 sit
812 2094 1086 2153 intelligens,
1109 2105 1288 2154 oportet
1315 2096 1438 2154 quod
1464 2097 1520 2140 sit
1545 2096 1720 2141 volens.

378 2161 615 2220 Amplius:
642 2161 755 2205 illud
782 2162 904 2221 quod
930 2163 1223 2222 consequitur
1242 2177 1380 2207 omne
1399 2178 1495 2218 ens,
1520 2164 1736 2208 convenit
1757 2164 1863 2218 enti,
1883 2163 1931 2208 in
1949 2172 2169 2223 quantum
2188 2172 2255 2209 est

290 2244 393 2283 ens;
423 2229 546 2288 quod
573 2239 725 2274 autem
744 2239 811 2273 est
826 2229 1104 2287 hujusmodi,
1129 2240 1310 2290 oportet
1326 2231 1449 2290 quod
1466 2232 1513 2275 in
1537 2245 1592 2276 eo
1611 2231 1811 2275 maxime
1836 2231 2107 2287 inveniatur,
2132 2231 2255 2290 quod

291 2307 358 2340 est
383 2297 582 2355 primum
611 2311 704 2342 ens,
733 2296 935 2341 Cuilibet
961 2307 1117 2341 autem
1150 2298 1243 2342 enti
1275 2299 1498 2358 competit
1529 2308 1742 2358 appetere
1769 2312 1900 2343 suam
1925 2297 2255 2358 perfectionem

290 2375 335 2408 et
358 2365 755 2409 conservationem
781 2364 851 2408 sui
877 2378 998 2409 esse:
1027 2365 1271 2424 unicuique
1290 2375 1446 2410 tamen
1473 2365 1723 2410 secundum
1745 2379 1880 2410 suum
1901 2365 2109 2419 modum,
2129 2363 2258 2410 intel·

291 2430 557 2474 lectualibus
581 2430 766 2489 quidem
793 2445 872 2489 per
897 2430 1199 2486 voluntatem,
1224 2432 1496 2477 animalibus
1514 2446 1593 2491 per
1611 2431 1872 2477 sensibilem
1899 2431 2164 2491 appetitum,
2187 2445 2256 2476 ca-

290 2498 489 2542 rentibus
516 2511 627 2542 vero
655 2511 789 2541 sensu
817 2512 895 2556 per
923 2499 1174 2557 appetitum
1200 2498 1470 2544 naturalem.
1505 2499 1652 2543 Aliter
1675 2509 1846 2554 tamen,
1873 2513 1990 2558 quae
2015 2498 2187 2544 habent
2210 2508 2257 2544 et

292 2579 406 2623 quae
433 2579 526 2608 non
553 2564 744 2610 habent:
771 2578 881 2608 nam
899 2579 951 2608 ea
974 2579 1089 2623 quae
1108 2580 1202 2610 non
1228 2561 1412 2622 habent,
1433 2567 1675 2626 appetitiva
1700 2566 1865 2611 virtute
1887 2566 1958 2611 sui
1984 2566 2162 2625 generis
2185 2566 2256 2611 de-

290 2631 455 2675 siderio
488 2632 679 2675 tendunt
712 2631 767 2676 ad
802 2632 1130 2690 acquirendum
1164 2633 1287 2692 quod
1321 2634 1384 2678 eis
1417 2634 1562 2688 deest3
1596 2648 1711 2693 quae
1744 2643 1897 2677 autem
1928 2633 2100 2678 habent
2133 2633 2254 2693 quie·

290 2708 441 2742 tantur
466 2698 512 2742 in
539 2698 654 2757 ipso.
680 2699 781 2742 Hoc
805 2699 942 2757 igitur
964 2699 1113 2758 primo
1135 2700 1241 2755 enti,
1265 2700 1387 2759 quod
1414 2701 1539 2746 Deus
1557 2710 1638 2755 est,
1657 2701 1813 2746 deesse
1838 2714 1933 2744 non
1949 2709 2123 2759 potest3
2149 2714 2256 2744 cum

289 2766 426 2823 igitur
450 2765 546 2824 ipse
574 2766 631 2810 sit
655 2765 930 2824 intelligens,
956 2767 1074 2811 inest
1100 2767 1185 2811 sibi
1201 2767 1414 2812 voluntas
1438 2782 1526 2827 qua
1547 2766 1698 2826 placet
1723 2767 1809 2812 sibi
1833 2780 1967 2812 suum
1991 2780 2090 2812 esse
2107 2775 2152 2812 et
2173 2781 2254 2812 sua

290 2832 483 2876 bonitas.

379 2900 516 2943 Item:
543 2899 797 2958 intelligere
824 2895 994 2958 q‘uanto
1018 2901 1259 2959 perfectius
1279 2912 1358 2957 est,
1375 2912 1502 2947 tanto
1530 2901 1840 2948 delectabilius
1861 2901 2145 2962 intelligenti.
2163 2901 2254 2948 Sed

290 2967 416 3011 Deus
433 2966 660 3025 intelligit,
687 2976 731 3010 et
757 2981 892 3011 suum
920 2967 1173 3027 intelligere
1193 2980 1259 3014 est
1276 2968 1672 3028 perfectissimum,
1694 2980 1743 3014 ut
1763 2984 1897 3029 supra
1915 2970 1976 3028 (c.
1991 2970 2088 3028 44.)
2109 2978 2257 3015 osten-

291 3048 391 3078 sum
420 3044 507 3088 est;
535 3048 646 3093 ergo
672 3033 925 3092 intelligere
961 3045 1029 3079 est
1060 3036 1102 3080 ei
1136 3035 1599 3081 delectabilissimum.
1625 3036 1885 3082 Delectatio
1917 3047 2072 3082 autem
2094 3035 2257 3082 intelli—

292 3101 440 3159 gibilis
470 3111 537 3146 est
562 3115 642 3160 per
667 3101 967 3156 voluntatem,
1000 3103 1116 3146 sicut
1145 3102 1386 3148 delectatio
1414 3102 1637 3148 sensibilis
1664 3113 1731 3148 est
1751 3117 1832 3163 per
1859 3102 2256 3164 concupiscentiae

294 3169 566 3227 appetitum3
597 3178 664 3212 est
687 3168 824 3227 igitur
850 3169 895 3212 in
923 3169 1025 3213 Deo
1053 3168 1281 3215 voluntas.

382 3235 641 3280 Praeterea:
682 3235 830 3280 forma
865 3250 945 3295 per
979 3235 1262 3281 intellectum
1301 3237 1585 3281 considerata
1622 3251 1717 3282 non
1758 3247 1929 3292 movet,
1959 3250 2046 3284 nec
2085 3234 2254 3297 aliquid

293 3313 448 3346 causat
472 3302 560 3347 nisi
586 3303 815 3348 mediante
837 3302 1088 3358 voluntate,
1109 3305 1236 3362 cujus
1259 3303 1491 3362 objectum
1509 3314 1576 3348 est
1594 3303 1709 3359 finis,
1737 3314 1782 3350 et
1804 3304 1980 3350 bonum
2002 3317 2028 3349 a
2049 3318 2142 3364 quo
2153 3315 2255 3350 mo-

292 3378 470 3412 veretur
496 3369 657 3429 aliquis
686 3370 741 3415 ad
770 3371 1015 3430 agendum,
1042 3370 1161 3415 unde
1188 3370 1445 3416 intellectus
1461 3370 1766 3429 speculativus
1791 3384 1888 3417 non
1913 3381 2084 3426 movet,
2106 3383 2255 3431 neque

291 3435 560 3494 imaginatio
588 3451 699 3496 pura
726 3439 894 3498 absque
922 3438 1239 3483 aestimatione
1258 3438 1368 3483 boni
1387 3437 1461 3482 vel
1483 3438 1606 3483 mali.
1635 3438 1726 3483 Sed
1753 3436 2173 3489 formainteuectus
2194 3436 2258 3484 di-

292 3502 386 3546 vini
413 3513 480 3547 est
507 3517 643 3548 causa
669 3515 821 3550 motus
848 3515 893 3551 et
918 3519 1015 3551 esse
1042 3505 1089 3550 in
1117 3505 1238 3551 aliis:
1271 3505 1365 3564 agit
1391 3505 1514 3550 enim
1540 3519 1610 3550 res
1637 3519 1716 3565 per
1740 3500 2039 3560 intellectum,
2065 3514 2115 3550 ut
2139 3502 2255 3557 insta

294 3570 558 3615 ostendetur
586 3571 706 3629 (Lib.
729 3573 783 3616 II.
807 3586 844 3617 c.
866 3573 980 3631 24.);
1005 3582 1048 3618 et
1074 3573 1137 3618 sic
1166 3582 1346 3633 oportet
1372 3571 1494 3632 quod
1520 3571 1615 3632 ipse
1643 3574 1698 3617 sit
1722 3571 1896 3618 volens.
