2332 3854
754 255 926 304 unna
945 262 1004 303 11.
1045 263 1165 303 cap,
1206 261 1407 302 Lxxxv.
1950 262 1981 301 2
1990 263 2058 317 57

106 366 428 427 quodcumque
454 365 576 411 aliud
602 365 874 425 principium
908 367 1161 425 ponebant;
1195 375 1240 411 et
1274 365 1330 410 de
1366 362 1824 422 naturahujusmodi
1856 364 2060 421 corporis

107 434 308 480 animam
332 447 431 479 esse
463 433 699 487 dicebant;
730 447 839 476 nam
872 446 1032 477 omnes
1066 433 1110 477 id
1148 432 1270 492 quod
1306 431 1539 493 ponebant
1570 429 1842 490 principium
1881 430 2062 474 animae

42 552 43 558 ἵ
106 500 421 554 attribuebant,
444 510 492 544 ut
514 508 634 559 patet
661 513 741 557 per
762 498 1057 543 Aristotelem
1080 499 1126 542 in
1153 499 1302 557 primo
1324 498 1395 542 De
1424 497 1576 542 anima
1603 498 1654 554 (t.
1683 511 1721 540 c.
1754 509 1820 556 19.
1843 506 1888 540 et
1909 496 2062 553 infra),

38 558 45 562 ’
106 576 151 612 et
174 567 239 615 sic
262 568 532 626 sequebatur
557 567 759 610 animam
781 579 880 609 esse
903 566 1231 620 dessubstantia
1256 565 1420 628 divina.
1444 564 1499 608 Et
1530 578 1583 608 ex
1615 563 1702 607 hac
1735 563 1888 607 radice
1922 562 2064 622 pullu-

105 633 216 678 lavit
240 633 407 693 positio
434 632 705 685 Manichaei,
729 632 806 691 qui
832 632 1104 675 existimavit
1130 633 1280 676 Deum
1308 645 1406 676 esse
1434 631 1682 691 quamdam
1714 628 1879 675 lucem·
1902 643 2060 687 corpo-

104 713 232 745 ream
267 714 347 759 per
380 699 550 743 infinita
584 700 727 758 spatia
757 698 1018 752 distensam,
1056 700 1184 756 cujus
1221 699 1468 757 quamdam
1505 696 1774 756 particulam
1810 697 2062 740 humanam

106 766 308 811 animam
336 780 435 811 esse
468 766 656 810 dicebat.
685 765 810 809 Haec
838 774 990 808 autem
1017 765 1183 823 positio
1217 779 1350 822 supra
1383 764 1505 822 (Lib.
1539 763 1572 807 Ι.
1607 778 1645 807 c.
1681 764 1772 821 20.)
1805 763 2063 822 improbata

104 842 187 887 est,
208 847 286 892 per
303 833 392 877 hoc
416 833 537 892 quod
561 842 795 876 ostensum
818 841 888 875 est
912 831 1062 875 Deum
1086 845 1179 874 non
1199 845 1295 875 esse
1315 844 1494 889 corpus,
1513 840 1558 875 et
1574 845 1653 890 per
1667 829 1759 874 hoc
1777 830 1899 890 quod
1917 840 2065 874 osten-

104 915 207 947 sum
233 911 300 945 est
326 902 387 958 (c.
412 912 483 957 49.
513 910 555 944 et
581 899 673 957 65.)
701 901 900 942 animam
928 899 1178 942 humanam
1208 912 1371 957 corpus
1398 913 1488 942 non
1518 912 1632 952 esse,
1654 911 1740 942 nec
1768 897 1969 957 aliquam
1999 898 2065 942 in-

102 964 411 1013 tellectualem
443 967 754 1011 substantiam.
1748 979 1752 983 ·

194 1033 399 1087 Quidam
426 1047 536 1078 vero
564 1042 812 1091 posuerunt
833 1031 1113 1076 intellectum
1148 1033 1357 1076 omniurn
1388 1032 1631 1076 hominum
1665 1045 1764 1076 esse
1796 1046 1956 1086 unum,
1987 1031 2063 1077 vel

63 1116 69 1124 ·
104 1110 317 1162 agentem
341 1109 532 1155 tantum,
554 1099 628 1144 vel
651 1109 862 1157 agentem
886 1109 930 1143 et
955 1098 1218 1157 possibilem
1241 1098 1389 1152 simul,
1409 1100 1525 1144 sicut
1541 1113 1675 1157 supra
1697 1099 1757 1156 (c.
1778 1097 1870 1156 76.)
1889 1099 2063 1143 dictum

104 1176 204 1222 est}
221 1176 267 1212 et
287 1167 392 1226 quia
419 1165 666 1226 quamlibet
692 1167 990 1210 substantiam
1024 1175 1279 1224 separatam
1314 1166 1486 1224 antiqui
1517 1166 1669 1209 Deum
1702 1179 1801 1209 esse
1833 1165 2072 1226 dicebant,

102 1231 376 1295 sequebatur
401 1234 603 1277 animam
629 1243 851 1286 nostram,
878 1233 920 1276 id
939 1243 1007 1277 est
1022 1232 1304 1276 intellectum
1327 1247 1419 1291 quo
1437 1231 1748 1290 intelligimus,
1766 1245 1865 1276 esse
1883 1231 2064 1276 divinae

101 1298 315 1354 naturae3
340 1300 461 1344 unde
484 1310 529 1345 et
555 1314 580 1343 a
602 1299 873 1359 quibusdam
896 1300 1039 1344 nostri
1059 1300 1276 1358 temporis
1299 1300 1571 1344 christianae
1588 1299 1693 1343 fidei
1715 1298 2063 1358 professoribus,

100 1367 375 1427 ponentibus
396 1366 679 1411 intellectum
702 1377 914 1426 agentem
942 1377 1214 1424 separatum,
1241 1367 1413 1410 dictum
1442 1377 1509 1410 est
1535 1380 1745 1424 expresse
1779 1366 1902 1425 quod
1933 1364 2063 1410 intel-

101 1433 246 1479 lectus
271 1447 411 1492 agens
439 1434 495 1478 sit
520 1434 660 1478 Deus.
688 1434 814 1478 Haec
838 1444 991 1477 autem
1018 1434 1183 1492 positio
1209 1434 1263 1477 de
1290 1434 1462 1478 unitate
1488 1432 1744 1477 intellectus
1765 1433 1909 1478 nostri
1926 1447 2062 1493 supra

102 1501 164 1558 (c.
191 1512 262 1559 73.
289 1509 332 1544 et
353 1503 446 1558 75.)
473 1500 730 1558 improbata
757 1510 836 1544 est.

128 1572 130 1575 ’
184 1566 344 1611 Potuit
369 1577 522 1611 autem
550 1581 604 1611 ex
630 1567 726 1625 ipsa
753 1565 1049 1611 similitudine
1076 1567 1256 1610 animae
1282 1575 1464 1610 nostrae
1493 1566 1547 1610 ad
1575 1567 1727 1610 Deum
1753 1566 1869 1611 haec
1904 1566 2061 1625 opinio

100 1633 239 1679 nasci.
266 1633 522 1692 Intelligere
541 1634 678 1687 enim,
697 1634 818 1692 quod
838 1634 1035 1677 maxime
1059 1634 1323 1678 aestimatur
1346 1634 1580 1692 proprium
1602 1633 1708 1687 Dei,
1730 1633 1845 1677 nulli
1861 1634 2064 1678 substan-

23 1727 30 1744 ι,
56 1726 59 1729 -
100 1701 191 1746 tiae
225 1700 272 1744 in
305 1700 479 1744 mundo
514 1699 714 1744 inferiori
746 1701 991 1745 convenire
1023 1702 1262 1754 invenitur,
1288 1700 1375 1743 nisi
1403 1700 1582 1744 homini
1614 1710 1799 1759 propter
1831 1701 2062 1756 animam3

29 1824 31 1827 ¹
101 1766 220 1811 unde
245 1767 386 1811 videri
411 1769 558 1826 potuit
580 1767 780 1811 animam
809 1768 863 1811 ad
881 1778 1091 1812 naturam
1114 1767 1316 1811 divinam
1333 1767 1573 1826 pertinere,
1598 1777 1641 1811 et
1658 1768 1924 1826 praesertim
1943 1768 2062 1827 apud

101 1834 315 1878 homines
346 1834 394 1878 in
425 1848 620 1893 quorum
654 1834 944 1892 opinionibus
977 1844 1073 1878 erat
1104 1834 1336 1878 firmatum
1368 1834 1490 1893 quod
1525 1834 1678 1877 anima
1709 1834 1911 1879 hominis
1945 1844 2063 1879 esset

100 1900 384 1945 immortalis.
410 1901 576 1945 Adhuc
605 1903 741 1945 etiarn
775 1902 1047 1960 coadjuvare
1078 1901 1257 1945 videtur
1289 1901 1411 1960 quod
1445 1900 1584 1957 (Gen.
1612 1901 1646 1945 Ι.
1674 1898 1782 1958 26.),
1814 1911 2058 1960 postquam

31 1977 33 2001 ῑ
101 1967 273 2013 dictum
300 1978 390 2013 est:
417 1969 646 2013 Faciamus
666 1969 871 2013 hominem
894 1968 949 2013 ad
968 1970 1194 2027 imaginem
1216 1975 1254 2013 et
1272 1969 1588 2013 similitudinem
1609 1975 1809 2023 nostram,
1833 1970 2059 2015 subditur:

17 2032 47 2089 ῗ
99 2035 325 2080 Formavit
348 2035 462 2080 Deus
487 2036 694 2079 hominem
720 2035 766 2079 de
789 2036 888 2079 limo
915 2042 1062 2088 terrae,
1097 2042 1135 2080 et
1165 2037 1397 2094 inspiravit
1429 2037 1473 2078 in
1496 2036 1655 2094 faciem
1686 2038 1773 2094 ejus
1803 2037 2061 2096 spiraculum

16 2103 24 2149 f
97 2102 212 2146 vitae
238 2101 377 2158 (Gen.
401 2101 456 2145 II.
485 2101 562 2158 7.).
590 2101 655 2145 Ex
681 2116 772 2160 quo
796 2101 979 2159 quidam
1009 2103 1215 2159 accipere
1243 2101 1485 2146 voluerunt
1511 2103 1632 2160 quod
1661 2103 1813 2146 anima
1840 2103 1897 2147 sit
1914 2104 1968 2147 de
1985 2117 2061 2146 na-

17 2162 34 2218 ssj
99 2179 199 2212 tura
226 2169 402 2222 divina3
425 2168 502 2227 qui
529 2168 652 2212 enim
674 2169 719 2211 in
742 2167 908 2212 faciem
935 2168 1118 2213 alterius
1144 2169 1344 2227 inspirat,
1372 2169 1493 2212 idem
1520 2183 1712 2213 numero
1740 2169 1863 2228 quod
1886 2170 1932 2212 in
1958 2170 2059 2228 ipso

25 2235 30 2246 ”
99 2243 197 2279 erat
219 2234 267 2278 in
293 2233 435 2278 alium
460 2235 651 2289 emittit3
680 2245 724 2279 et
747 2235 812 2278 sic
838 2235 1015 2279 videtur
1037 2235 1269 2293 Scriptura
1296 2236 1486 2279 innuere
1509 2236 1631 2294 quod
1660 2235 1828 2295 aliquid
1855 2236 2059 2280 divinum

37 2299 40 2303 ’
98 2314 125 2345 a
145 2301 247 2347 Deo
272 2301 319 2345 in
345 2301 601 2354 hominem,
628 2302 683 2344 ad
710 2301 859 2360 ipsum
885 2301 1226 2355 vivificandum,
1250 2301 1511 2346 immissum
1539 2302 1608 2346 sit.

27 2366 49 2430 Ῐ
110 2391 115 2396 ·
186 2367 279 2413 Sed
304 2366 554 2413 similitudo
582 2369 811 2426 praedicta
832 2382 927 2412 non
954 2369 1151 2412 ostendit
1173 2368 1375 2412 animam
1402 2369 1603 2412 hominis
1630 2383 1728 2413 esse
1757 2369 1927 2428 aliquid
1959 2370 2061 2414 sub-

96 2434 290 2480 stantiae
311 2434 507 2488 divinae,
533 2449 674 2494 quum
695 2435 742 2478 in
768 2434 1067 2494 intelligendo
1095 2435 1323 2480 defectum
1345 2435 1656 2494 multipliciter
1681 2437 1902 2494 patiatur3
1936 2438 2059 2496 quod

97 2500 154 2546 de
171 2500 281 2546 Deo
307 2500 398 2545 dici
417 2515 512 2544 non
534 2511 696 2560 potest.
724 2502 857 2546 Unde
879 2502 993 2547 haec
1017 2502 1266 2546 similitudo
1294 2503 1441 2560 magis
1468 2513 1535 2546 est
1556 2503 1798 2546 indicativa
1820 2505 2058 2561 cujusdam

95 2566 390 2626 imperfectae
419 2567 633 2626 imaginIS
664 2582 802 2627 quam
835 2568 1026 2627 alicujus
1059 2569 1469 2623 substantialitatis3
1503 2570 1625 2628 quod
1653 2570 1790 2613 etiam
1825 2570 2058 2629 Scriptura

94 2634 255 2688 innuit,
281 2649 422 2694 quum
448 2634 556 2679 dicit
587 2635 643 2678 ad
674 2635 926 2694 imaginem
959 2636 1047 2680 Dei
1077 2636 1316 2680 hominem
1350 2636 1536 2680 factum.
1574 2636 1708 2680 Unde
1743 2647 1787 2681 et
1818 2637 2056 2696 inspiratio

42 2707 48 2717 ²
96 2700 327 2760 praedicta
352 2714 617 2760 processum
644 2702 764 2746 vitae
792 2715 816 2745 a
843 2703 944 2746 Deo
972 2703 1018 2746 in
1050 2703 1306 2756 hominem,
1330 2703 1591 2747 secundum
1625 2704 1873 2762 quamdam
1905 2703 2059 2748 simili-

94 2767 315 2822 tudinem,
341 2766 638 2822 demonstrat,
664 2782 758 2812 non
785 2769 1038 2813 secundum
1064 2770 1286 2813 unitatem
1313 2770 1617 2824 substantiae3
1644 2780 1828 2830 propter
1859 2770 1981 2829 quod
2014 2780 2059 2815 et

44 2859 50 2875 ι.
94 2833 144 2878 in
167 2833 334 2884 faciem
359 2834 540 2893 spiritus
566 2835 685 2879 vitae
713 2835 876 2879 dicitur
900 2836 1158 2896 inspiratus,
1186 2837 1291 2896 quia
1319 2851 1460 2896 quum
1493 2837 1540 2881 in
1571 2838 1659 2881 hac
1693 2847 1819 2896 parte
1853 2838 2058 2896 corporis

0 2916 1 2920 ¹
36 2892 42 2922 3
96 2901 188 2947 sint
209 2901 407 2962 plurium
431 2916 648 2947 sensuum
675 2916 848 2966 organa
873 2904 972 2956 sita,
998 2905 1045 2948 in
1077 2905 1174 2963 ipsa
1206 2904 1323 2949 facie
1357 2905 1608 2950 evidentius
1643 2906 1732 2950 vita
1764 2916 2056 2950 monstratur.

98 2970 179 3014 Sic·
202 2969 337 3028 igitur
361 2970 487 3014 Deus
511 2970 752 3029 inspirasse
779 2970 825 3013 in
850 2969 1015 3013 faciem
1042 2969 1244 3029 hominis
1276 2971 1556 3028 spiraculum
1589 2973 1708 3017 vitae
1741 2973 1918 3026 dicitur,
1951 2973 2057 3032 quia

51 3035 64 3089 ξ
96 3036 304 3096 spiritum
326 3036 448 3080 vitae
469 3036 646 3080 homini
673 3036 809 3090 dedit,
835 3050 930 3080 non
956 3050 1062 3080 eum
1089 3050 1142 3080 ex
1170 3050 1251 3080 sua
1277 3036 1527 3080 substantia
1560 3036 1838 3089 decidend03
1870 3053 1980 3079 nam
2012 3050 2058 3081 et

55 3128 74 3161 ἱχ
98 3104 175 3163 qui
201 3102 498 3163 corporaliter
528 3102 726 3148 insufflat
756 3103 803 3147 in
828 3102 994 3147 faciem
1026 3102 1231 3162 alicujus,
1264 3102 1384 3147 unde
1418 3102 1595 3146 videtur
1626 3111 1806 3161 sumpta
1833 3115 1932 3146 esse
1964 3116 2059 3146 me-

97 3170 305 3230 taphora,
332 3174 485 3214 aerem
511 3170 557 3214 in
582 3169 747 3215 faciem
774 3171 870 3229 ejus
894 3169 1103 3230 impellit,
1129 3184 1223 3214 non
1247 3179 1399 3214 autem
1424 3168 1622 3228 aliquam
1647 3182 1754 3213 suae
1778 3168 2055 3213 substantiae

98 3246 274 3297 partem
298 3237 448 3296 ipsum
471 3237 648 3282 emittit.

234 3738 271 3776 S.
297 3739 452 3776 'runnu
477 3741 609 3776 Summa
634 3747 743 3775 contra
764 3740 917 3777 Gentiles.
1881 3751 1919 3787 ¹7
