2332 3854
222 201 332 256 422
913 204 1068 244 LIBER
1107 205 1185 243 111.
1226 205 1349 244 CAP.
1388 206 1480 245 XC.

223 301 410 359 (Ezech.
442 302 519 348 IX.
552 306 638 363 9.):
670 305 906 363 Dereliquit
936 307 1147 350 Dominus
1179 312 1351 361 terram,
1385 313 1423 352 et
1452 308 1663 353 Dominus
1693 323 1776 354 non
1801 309 1938 363 vide.;
1972 319 2042 355 et:
2069 310 2175 368 Quis

221 375 275 412 est
306 370 379 426 qui
409 368 519 414 dixit
549 377 596 415 ut
615 372 737 430 fieret
768 373 956 415 Domino
989 387 1072 415 non
1093 373 1293 430 jubente?
1326 372 1520 430 (Thren.
1551 374 1629 418 III.
1659 375 1764 432 37.).

311 435 503 481 Videtur
550 448 702 482 autem
744 438 969 496 quaedam
1002 439 1051 485 in
1078 453 1209 483 sacra
1241 439 1447 489 doctrina
1479 442 1731 485 secundum
1763 442 2044 500 praedictam
2083 457 2182 488 sen·

220 503 411 547 tentiam
441 518 619 548 sonare.
651 505 829 548 Dicitur
862 505 986 548 enim
1019 504 1179 562 (Eccli.
1213 505 1315 550 XV.
1347 507 1458 563 14.):
1492 509 1606 552 Deus
1631 509 1683 552 ab
1715 510 1838 553 initio
1871 508 2081 555 constituit
2110 509 2181 553 ho-

221 571 391 624 minem,
426 577 464 614 et
494 571 662 628 reliquit
692 571 812 615 illum
844 572 889 614 in
921 584 1050 619 manu
1083 573 1246 616 consilii
1284 575 1348 618 sui
1359 588 1375 625 ;
1411 583 1463 618 et
1484 573 1601 620 infra
1638 575 1733 631 (17.
1758 583 1804 621 et
1833 575 1945 631 18..):
1978 576 2182 636 Proposui

223 637 300 681 tibi
331 650 486 694 aquam
511 643 549 680 et
579 638 729 694 ignem,
764 637 817 680 ad
848 637 955 695 quod
979 638 1160 682 volueris
1181 641 1350 699 porrige
1372 654 1546 684 manum
1579 646 1694 684 tuam
1704 655 1720 693 ;
1749 646 1844 685 ante
1866 640 2071 686 hominem
2089 643 2183 686 vita

222 709 261 747 et
291 717 417 756 mors,
438 705 588 746 bonum
606 709 644 747 et
662 704 836 757 malum,
856 703 964 761 quod
977 704 1189 762 placuerit
1204 707 1256 760 ei,
1285 705 1452 750 dabitur
1469 707 1534 750 illi
1548 722 1565 758 ;
1602 715 1645 751 et
1672 706 1879 764 (Deuter.
1897 706 2043 752 XXX.
2071 708 2182 766 15.):

222 768 454 812 Considera
486 769 594 826 quod
626 769 744 813 hodie
770 772 1063 829 proposuerim
1096 773 1139 815 in
1171 779 1381 832 conspectu
1413 780 1500 828 tuo,
1532 775 1667 818 vitam
1698 779 1735 817 et
1766 774 1934 828 bonum,
1968 780 2006 819 et
2036 790 2057 819 e
2087 789 2183 820 con-

219 849 336 879 verso
370 841 543 878 mortam
575 842 613 880 et
643 836 815 879 malum.

311 901 436 945 Haec
470 911 623 946 autern
662 902 800 946 verba
843 902 899 948 ad
935 903 1029 948 hoc
1065 904 1354 960 inducuntur,
1381 916 1430 950 ut
1460 906 1674 951 homines
1705 921 1804 952 esse
1842 906 1979 954 liberi
2013 907 2182 953 arbitrii

222 968 543 1022 ostendandur,
576 982 670 1012 non
702 979 751 1013 ut
784 982 953 1014 eorum&
987 970 1235 1017 electiones
1278 987 1304 1016 a
1346 973 1499 1017 divina
1530 973 1814 1032 providentia
1849 973 2190 1021 subtrahantur..

219 1034 276 1079 Et
306 1034 513 1079 similiter
544 1035 667 1094 quod
692 1035 944 1095 Gregorius
975 1037 1211 1096 Nyssenus
1242 1039 1355 1084 dicit
1375 1040 1422 1084 in
1454 1039 1571 1084 libro
1604 1054 1743 1098 quem
1769 1040 1826 1085 de
1857 1039 1958 1086 finez
1978 1040 2182 1085 hominis

218 1102 339 1155 fecit,
373 1103 495 1160 quod
518 1102 810 1161 providentia.
830 1113 900 1149 est
923 1118 1083 1150 eorum
1105 1120 1221 1164 quae
1243 1120 1338 1151 non
1363 1116 1470 1151 sunt
1489 1107 1536 1151 in
1562 1107 1710 1161 nobis,
1730 1117 2183 1154 nouantemeorum

222 1182 338 1226 quae
380 1178 484 1212 sunt
514 1169 562 1213 in
593 1169 740 1214 nobis·
774 1169 836 1217 Et,
868 1171 1201 1227 Damascenus,
1242 1187 1350 1217 eum
1390 1187 1600 1232 sequens,
1632 1174 1740 1218 dicit
1780 1174 1828 1218 in
1868 1173 2083 1221 secundo.
2107 1173 2183 1219 De

220 1234 400 1280 orthod.
431 1234 520 1279 fide
547 1236 607 1293 (c.
637 1236 744 1294 30.),
777 1238 901 1295 quod
934 1252 988 1282 ea
1020 1253 1136 1298 quae
1169 1249 1274 1284 sunt
1303 1241 1350 1284 in
1375 1241 1507 1285 nobis
1539 1241 1667 1286 Deus
1687 1240 1961 1300 praenoscit,
1991 1241 2183 1289 sednon

217 1301 613 1360 praedeterminat‚
640 1305 911 1362 exponenda
941 1315 1060 1359 sunt,
1093 1315 1143 1349 ut
1173 1305 1487 1364 intelligantur
1519 1321 1574 1351 ea
1605 1321 1723 1366 quae
1755 1317 1861 1352 sunt
1891 1306 1948 1352 in·
1964 1307 2105 1352 nohis
2119 1307 2185 1351 di-

218 1369 352 1413 vinae
383 1369 695 1427 providentiae
727 1369 1097 1417 determinationi
1126 1386 1222 1417 non
1254 1387 1352 1418 esse
1386 1374 1605 1432 subjecta,
1639 1374 1769 1433 quasi
1799 1373 1854 1419 ab
1894 1387 1950 1419 ea
1986 1374 2185 1427 necessi&-

219 1445 360 1480 tatem
393 1435 676 1495 accipientia,

972 1594 1228 1651 CAPUT
1269 1594 1421 1651 XCI.

274 1726 562 1773 QUOMODO
595 1728 690 1767 RES
725 1727 993 1769 HUMANAE
1025 1730 1100 1768 AD
1136 1730 1462 1769 SUPERIORES
1497 1730 1703 1769 CAUSAS
1735 1712 2127 1771 REDveANwmtss
2171 1743 2173 1746 ·
2205 1722 2211 1724 ”

310 1834 377 1879 Ex
406 1835 478 1881 his
510 1851 620 1896 ergo
646 1852 763 1896 quae
796 1853 932 1897 supra
965 1848 1147 1884 ostensa
1179 1850 1297 1894 sunt,
1325 1839 1542 1899 colligere
1567 1854 1810 1899 possumus
1837 1838 2183 1899 quomodahw

226 1915 365 1946 mana
396 1902 453 1946 ad
485 1905 746 1962 superiores.
772 1918 929 1949 causas
963 1906 1254 1960 reducuntur,
1281 1916 1327 1950 et
1355 1921 1452 1951 non
1483 1917 1676 1965 aguntur
1706 1906 1909 1953 fortuito.
1938 1906 2068 1953 Nam
2098 1904 2186 1951 de·

222 1968 412 2022 ctiones,
445 1980 491 2013 et
515 1969 805 2015 voluntatum
838 1982 991 2016 motus
1023 1973 1288 2017 immediate
1321 1987 1347 2016 a
1372 1974 1475 2017 Deo
1495 1975 1824 2031 disponuntur;
1848 1972 2052 2031 cognitio
2073 1984 2185 2018 veto

219 2035 424 2078 humana
456 2035 513 2080 ad
545 2036 831 2082 intellectum
861 2039 1090 2098 pertinens
1124 2054 1150 2083 a
1182 2040 1286 2084 Deo
1313 2040 1618 2084 mediantibus
1646 2039 1823 2100 angelis
1847 2039 2115 2094 ordinauit-¹
2130 2052 2185 2084 ea

218 2115 330 2146 vero
354 2116 470 2160 quae
497 2103 554 2146 ad
577 2104 834 2163 corporalia
856 2106 1097 2163 pertinent,
1115 2108 1210 2151 sive
1236 2106 1326 2151 sint
1346 2107 1578 2165 interiora,
1601 2107 1696 2152 sive
1719 2107 1968 2163 exteriora,
1981 2106 2028 2151 in
2051 2118 2187 2153 usum

217 2168 421 2213 hominis
454 2170 698 2225 venientia,
739 2185 766 2215 a·
804 2172 916 2218 Deo
950 2173 1255 2218 mediantibus
1297 2174 1488 2233 angelis,
1520 2183 1565 2219 et
1609 2173 1883 2220 coelestibus
1917 2172 2192 2266 corporibus

220 2234 552 2294 dispensantur.

312 2303 457 2361 Hujus
491 2314 645 2349 autem
675 2305 791 2350 ratio
825 2307 1096 2365 generaliter
1128 2322 1219 2352 una
1250 2317 1332 2352 est.
1365 2308 1489 2352 Nam
1516 2317 1699 2368 oportet
1722 2321 1873 2353 omne
1871 2283 2182 2362 multiforme,

221 2379 266 2413 et
298 2369 530 2424 mutabile,
563 2380 608 2415 et
638 2370 834 2416 deficere
868 2383 1045 2431 potens,
1077 2374 1235 2418 reduci
1264 2375 1381 2419 sicut
1411 2376 1457 2419 in
1489 2375 1763 2434 principium
1793 2374 1848 2419 in
1874 2373 2061 2451 aliquod
2090 2373 2205 2433 uni:->

220 2436 383 2490 sorme,
417 2446 462 2480 et
493 2437 793 2492 immutabile,
826 2448 871 2483 et
902 2439 1096 2484 deficere
1129 2454 1223 2484 non
1254 2440 1427 2486 valens.
1459 2441 1633 2486 Omnia
1664 2450 1817 2486 autem
1844 2455 1961 2500 quae
1982 2441 2029 2484 in
2048 2439 2209 2487 nobis·-

218 2512 322 2547 sunt
353 2503 645 2549 inveniuntur
676 2518 774 2549 esse
797 2505 1082 2565 multiplicia,
1109 2507 1357 2563 variabilia,
1384 2518 1429 2552 et
1445 2507 1732 2552 defectibilia.
1753 2507 1894 2556 Patet
1910 2507 2040 2554 enim
2060 2506 2184 2566 quod

221 2569 471 2615 electiones
501 2580 685 2615 nostrae
717 2572 1103 2631 multiplicitatem
1134 2574 1318 2630 habent,
1352 2589 1458 2619 cum
1491 2576 1537 2619 in
1571 2575 1763 2620 diversis
1786 2585 1890 2620 eta
1908 2573 2096 2621 diversis
2122 2573 2194 2621 ‹ii-1

220 2650 352 2681 versa
386 2636 623 2696 eligantur.
650 2638 893 2684 Mutabiles
917 2641 1055 2684 etiam
1083 2651 1199 2695 sunt,
1226 2651 1325 2685 tum
1351 2651 1534 2701 propter
1560 2642 1700 2686 animi
1722 2641 1972 2695 levita-tem,
1987 2639 2080 2700 qui
2089 2654 2194 2687 ηοω

224 2713 292 2748 est
322 2703 526 2748 firmatus
558 2704 605 2749 in
637 2704 800 2750 ultimo
826 2705 931 2761 fine,
956 2717 1055 2751 tum
1081 2708 1219 2753 etiam
1246 2718 1431 2767 propter
1456 2709 1759 2753 mutationem
1784 2720 1937 2755 rerum
1957 2721 2075 2773 qune
2098 2718 2200 2755 no&

224 2780 348 2815 extra
371 2771 679 2817 circumstant.
706 2772 846 2825 Quod
873 2784 1026 2818 autem
1045 2773 1322 2819 defectibiles
1346 2775 1450 2829 sint,
1475 2775 1718 2820 hominum
1746 2783 1936 2834 peccata
1951 2782 2195 2821 testantur.
2206 2812 2208 2817 ,

221 2837 393 2882 Divina
418 2848 570 2882 autem
596 2839 808 2884 voluntas
841 2840 1080 2885 uniformis
1107 2852 1188 2895 est,
1216 2842 1322 2900 quia
1348 2857 1491 2886 unum
1517 2841 1718 2886 volendo
1752 2841 1909 2888 omnia
1935 2840 2037 2887 alia
2059 2839 2193 2888 vult-z

221 2914 289 2948 est
316 2905 454 2949 eti-am
475 2905 787 2962 immutabilis,
810 2917 854 2951 et
876 2907 1156 2962 indeficiens,
1183 2918 1232 2952 ut
1257 2909 1304 2952 in
1327 2910 1477 2968 primo
1505 2919 1740 2954 ostensum
1762 2918 1829 2954 est
1851 2909 1997 2966 (tt-23.
2016 2908 2186 2966 et-75.).

225 2970 422 3030 Oportet
453 2985 562 3031 ergo
595 2973 806 3018 omnium
836 2973 1126 3019 voluntatum
1161 2984 1203 3019 et
1236 2975 1515 3020 electionum
1549 2985 1701 3020 motus
1727 2975 1775 3020 in
1801 2974 2004 3022 divinam
2028 2973 2202 3021 volum·-

221 3046 364 3082 tatem
404 3039 574 3093 reduci,
606 3053 701 3084 non
734 3051 887 3084 autem
919 3041 965 3084 in
1012 3041 1212 3100 aliquam
1246 3041 1383 3085 aliam
1418 3057 1618 3096 causam,
1651 3042 1758 3102 quia
1788 3040 1920 3089 solus
1943 3041 2078 3089 Deus
2107 3054 2201 3089 nor.

222 3113 417 3149 strarum
448 3106 736 3152 voluntatum
769 3116 813 3152 et
839 3107 1118 3153 electionum
1151 3122 1288 3154 causa
1319 3118 1401 3153 est.
2039 3139 2040 3142 =

308 3171 527 3218 Similiter
552 3183 705 3219 autem
721 3173 1020 3233 intelligentia
1037 3185 1193 3220 nostra
1210 3174 1639 3252 multiplicationem
1654 3174 1810 3230 habet,
1821 3152 1931 3235 quia
1947 3188 2013 3221 ex
2025 3172 2192 3223 multi·

221 3238 506 3284 sensibilibus
531 3241 770 3286 veritatem
795 3241 1129 3300 intelligibilem
1157 3243 1285 3301 quasi
1313 3255 1666 3301 congregamus.
1689 3241 1773 3287 Est
1784 3241 1924 3289 etiam
1939 3239 2205 3296 mutabnha.
2232 3251 2235 3254 ’

218 3305 324 3363 quia
350 3319 404 3349 ex
436 3321 528 3351 uno
554 3307 601 3351 in
629 3307 751 3352 aliud
793 3308 1085 3353 discurrendo
1128 3309 1349 3368 procedit,
1377 3324 1432 3354 ex
1458 3311 1579 3354 notis
1606 3309 1664 3354 ad
1694 3309 1857 3368 ignota
1894 3310 2210 3369 proveniens„
2279 3314 2324 3364 ,ἕω

218 3372 298 3415 Est
324 3372 463 3417 etiam
489 3372 754 3420 defectibilis
780 3385 962 3435 propter
987 3376 1338 3434 permixtionem
1365 3376 1647 3434 phantasiae,
1673 3386 1719 3421 et
1739 3389 1914 3431 sensus,
1935 3375 1988 3421 ut
2009 3385 2207 3423 mus*

219 3438 463 3483 hominum
495 3441 753 3486 ostendunt.
780 3442 1070 3501 Angelorum
1097 3452 1251 3488 autern
1273 3443 1561 3501 cognitiones
1585 3453 1689 3489 sunt
1712 3441 1979 3498 uniformes,-
1993 3441 2205 3502 quittbc·
2316 3478 2320 3488 .

217 3504 320 3563 ipso
349 3520 440 3550 uno
472 3508 671 3553 veritatis
698 3508 838 3564 fonte,
865 3509 1040 3554 scilicet
1079 3510 1197 3564 Deo,
1238 3509 1468 3569 accipiunt
1508 3508 1710 3555 veritatis
1742 3509 2070 3569 cognitinnm.
2102 3508 2194 3554 Est<

221 3571 359 3616 etiam
386 3573 651 3630 immobilis,
678 3576 782 3634 quia
807 3590 901 3622 non
928 3575 1221 3622 discurrendo
1265 3576 1319 3621 ab
1363 3575 1597 3622 effectibus
1629 3577 1683 3622 in>
1709 3590 1887 3631 causam
1924 3582 2209 3634 anvecono„
