2332 3854
243 249 352 317 466
896 259 1051 297 LIBER
1090 258 1167 296 111.
1208 258 1329 296 CAP.
1371 257 1538 296 cxvn.

242 365 379 422 ligatis
409 365 589 408 invicem
599 377 615 415 ;
645 371 689 407 et
720 362 775 420 (Ι.
802 361 933 419 Joan.
959 359 1037 410 IV.
1071 360 1188 416 21.):
1219 359 1314 405 Hoc
1346 358 1596 405 mandatum
1625 359 1819 405 habemus
1849 373 1876 404 a
1906 361 2015 415 Deo,
2038 367 2094 410 ‚ut
2121 363 2199 420 qui,

240 431 376 488 diligit
413 431 569 483 Deum,
613 429 758 486 diligat
788 434 823 471 et
855 428 1041 485 fratrem
1071 440 1219 478 suum,·
1255 435 1300 471 et
1343 426 1526 484 (Matth.
1558 425 1703 473 XXII.
1734 427 1822 485 39.)
1871 425 2033 471 dicitur
2071 427 2199 486 quod.

243 497 497 542 secundum
530 495 795 539 mandatum
829 503 920 538 est:
953 493 1113 551 Diliges
1138 494 1384 551 proximum
1417 499 1534 538 tuum
1565 494 1671 538 sicut
1701 493 1888 551 teipsum.
1918 539 1922 542 ,
1948 536 1950 539 ,

937 645 1192 702 CAPUT
1235 646 1496 702 CXVIII.

242 784 401 829 QUOD
427 784 525 820 PER
554 781 791 820 DIVINAM
810 781 994 819 LEGEM
1020 780 1266 841 HOMINES
1290 782 1363 820 AD
1386 781 1610 821 RECTAM
1634 782 1805 819 FIDEM
1824 780 2193 842 OBLIGANTUR.

328 889 393 932 Ex
418 889 508 932 hoc
538 898 689 933 autern
719 899 904 948 apparet
921 889 1043 948 quod
1065 903 1145 947 per
1162 889 1365 935 divinam
1384 889 1536 949 legem
1558 890 1770 935 homines
1791 889 1849 935 ad
1868 877 2043 939 rectam
2058 889 2196 936 fidem

238 955 508 1014 obligantur.
2096 993 2099 996 1

329 1022 612 1066 Sicutvenim
639 1023 880 1067 amationis
916 1022 1166 1080 corporalis
1191 1023 1465 1082 principium
1491 1033 1560 1068 est
1583 1023 1715 1078 visio,
1748 1037 1866 1083 quae
1891 1033 1959 1074 est
1987 1037 2067 1084 per
2091 1037 2197 1073 ocu-

237 1089 332 1133 lum
361 1089 662 1148 corporalem,
688 1090 749 1133 ita
778 1090 916 1135 etiam
942 1089 1197 1134 dilectionis
1231 1090 1474 1149 spiritualis
1506 1091 1686 1136 initium
1717 1105 1816 1136 esse
1849 1101 2031 1150 oportet
2058 1091 2196 1141 visio·

236 1171 345 1200 nem
375 1156 710 1215 intelligibssem
736 1156 964 1214 diligibilis
997 1156 1253 1216 spiritualis.
1287 1156 1417 1202 Visio
1451 1167 1603 1202 autem
1634 1157 1754 1203 illius
1785 1157 2197 1218 intelligibilis.spi·

235 1222 422 1277 ritualis,
461 1223 583 1282 quod
616 1233 683 1267 est
721 1224 862 1277 Deus,
904 1225 950 1267 in
991 1223 1218 1299 praesenti
1248 1224 1406 1268 haberi
1444 1238 1539 1268 non
1570 1233 1720 1283 potest
1753 1239 1780 1269 a
1810 1224 1956 1270 nobis
1995 1224 2202 1285 nisi-sper>

235 1289 387 1343 fidem,
415 1304 470 1334 eo
498 1290 621 1348 quod
652 1290 908 1334 naturalem
940 1290 1166 1334 rationem
1198 1291 1402 1344 excedit3
1436 1300 1480 1336 et
1511 1291 1755 1350 praecipue
1782 1291 2044 1355 secundum.
2066 1285 2203 1351 quod}

233 1357 282 1400 in
313 1357 427 1414 ejus
422 1356 652 1402 fruitione
678 1367 835 1401 nostra
867 1357 1099 1402 beatitudo
1134 1358 1353 1403 consistit.
1387 1326 1531 1415 Igitur
1561 1371 1615 1402 ex
1647 1356 1751 1417 lege
1782 1357 1947 1404 divina
1955 1358 2021 1407 in
2057 1357 2197 1407 fidem

235 1433 406 1468 rectam
433 1423 704 1468 inducimur.
2118 1448 2123 1453 ν

325 1491 461 1535 Item.
495 1490 569 1534 lex
600 1490 751 1534 divina
787 1491 842 1535 ad
870 1492 958 1536 hoc
987 1491 1166 1536 ordinat
1197 1469 1452 1545 hominem,
1475 1501 1524 1541 ut
1548 1490 1606 1539 sit
1629 1490 1828 1536 totaliter
1852 1458 2056 1541 subditus
2076 1450 2196 1541 Deo.

239 1557 344 1611 Sed,
371 1557 487 1601 sicut
522 1557 667 1602 homo
701 1557 904 1602 subditur
939 1559 1041 1603 Deo
1084 1558 1298 1612 amando,
1340 1568 1561 1617 quantum
1594 1557 1651 1602 ad
1680 1557 1997 1614 voluntatem,
2011 1558 2090 1606 ita
2091 1558 2200 1609 sub·-

235 1625 356 1669 ditur
386 1625 489 1669 Deo
518 1625 758 1679 credendo,
792 1636 1013 1684 quantum
1041 1626 1096 1669 ad
1128 1625 1439 1679 intellectum3
1471 1639 1565 1669 non
1599 1634 1751 1669 autem
1775 1625 2002 1675 credendo
2027 1624 2199 1686 aliquid

232 1691 413 1749 falsum,
446 1692 551 1751 quia
585 1706 610 1735 a
642 1693 759 1746 Deo,
792 1693 869 1751 qui
903 1703 970 1737 est
1001 1694 1179 1747 veritas,
1205 1692 1383 1736 nullum
1408 1692 1574 1736 falsum
1597 1692 1776 1736 homini
1801 1693 1998 1752 proponi
2018 1701 2218 1752 potest}

234 1759 354 1802 unde
387 1759 463 1817 qui
497 1759 639 1802 credit
680 1759 864 1817 aliquod
895 1758 1063 1802 falsum
1089 1773 1183 1803 non
1216 1759 1358 1804 credit
1388 1759 1506 1804 Deo.
1544 1759 1610 1803 Ex
1640 1759 1743 1818 lege
1773 1759 1910 1818 igitur
1945 1759 2097 1804 divina
2129 1773 2198 1804 or-

236 1826 446 1869 dinantur
471 1826 684 1870 homines
708 1826 763 1869 ad
791 1826 928 1869 fidem
960 1836 1147 1870 rectam.

324 1893 513 1936 Adhuc:
549 1893 824 1951 quicumque
857 1904 974 1937 errat
1007 1893 1126 1937 circa
1160 1893 1358 1952 aliquod,
1389 1893 1512 1952 quod
1558 1902 1625 1937 est
1667 1893 1722 1936 de
1763 1892 1959 1947 essentia
1989 1892 2069 1949 rei,
2100 1906 2196 1937 non

238 1959 478 2017 cognoscit
501 1958 629 2002 illam
656 1973 768 2012 rem,
801 1958 918 2003 sicut
944 1959 981 2003 si
1004 1959 1165 2018 aliquis
1189 1959 1551 2018 apprehenderet
1578 1957 1748 2002 animal
1768 1957 2047 2014 irrationale,
2069 1959 2198 2004 aesti-

237 2040 367 2069 mans
400 2026 489 2069 hoc
523 2039 620 2070 esse
651 2025 906 2079 hominem,
938 2040 1033 2070 non
1067 2035 1368 2084 cognosceret
1410 2026 1673 2080 hominem;
1705 2039 1836 2070 secus
1868 2035 2023 2071 autem
2062 2036 2197 2080 esset,

234 2093 272 2136 si
305 2102 473 2136 erraret
505 2093 625 2137 circa
658 2092 842 2151 aliquod
867 2093 1169 2137 accidentium
1198 2094 1310 2150 ejus.
1330 2093 1434 2147 Sed,
1460 2093 1506 2136 in
1530 2094 1812 2151 compositis,
1837 2093 1916 2152 qui
1939 2102 2061 2148 err-at
2073 2091 2197 2137 citca

234 2159 417 2218 aliquod
450 2160 777 2218 principiorum
811 2160 1136 2214 essentialium,
1170 2160 1253 2204 etsi
1284 2174 1378 2204 non
1413 2169 1664 2218 cognoscat
1694 2173 1794 2204 rem
1819 2159 2102 2219 simpliciter,
2131 2168 2197 2205 tt-

237 2241 344 2270 men
387 2227 628 2285 cognoscit
676 2241 778 2271 eam
819 2227 1072 2271 secundum
1105 2227 1227 2286 quid,
1268 2227 1386 2270 sicut
1431 2227 1508 2285 qui
1549 2225 1776 2271 existimat
1815 2226 2196 2273 hominem‹·esse

235 2293 406 2337 animal
437 2293 700 2338 irrationale
743 2294 982 2352 cognoscit
1014 2308 1119 2338 eum
1153 2293 1404 2337 secundum
1442 2307 1585 2351 genus
1630 2307 1788 2347 suum;
1820 2293 1876 2338 ,in
1912 2293 2197 2352 simplicibus

235 2370 402 2414 autem,
429 2361 519 2404 hoc
551 2375 646 2404 non
678 2370 827 2419 potest
861 2360 1080 2414 accidere,
1114 2361 1194 2405 sed
1221 2359 1409 2418 quilibet
1435 2373 1560 2404 error
1585 2359 1785 2404 totaliter
1804 2358 2193 2419 .excludit1›cogni-

232 2428 408 2471 tionem
435 2428 513 2471 rei.
546 2428 672 2471 Deus
706 2437 860 2471 autem
893 2437 961 2472 est
988 2429 1186 2471 maxime
1218 2425 1423 2486 simplex.
1455 2426 1580 2485 Ergo
1612 2426 1893 2486 quicumque
1921 2435 2042 2471 ermt
2071 2427 2196 2472 circa

233 2495 386 2538 Deum
418 2508 512 2538 non
540 2494 780 2552 cognoscit
804 2494 973 2547 Deum,
999 2494 1117 2538 sicut
1143 2494 1220 2552 qui
1252 2494 1394 2538 credit
1424 2493 1578 2538 Deum
1596 2507 1693 2538 esse
1716 2503 1881 2552 corpus
1902 2491 2192 2539 nullomodo

234 2561 476 2620 cognoscit
505 2561 675 2615 Deum,
702 2560 780 2605 sed
813 2561 1111 2619 apprehendit
1144 2560 1312 2619 aliquid
1346 2559 1466 2604 aliud
1492 2559 1598 2604 l'oco
1621 2561 1724 2606 Dei.
1751 2560 2025 2608 Secundum,
2037 2568 2194 2618 autem

234 2628 358 2687 quod
391 2627 560 2686 aliquid
590 2627 897 2686 cognoscitur,
925 2627 1178 2671 secundum
1210 2628 1300 2671 hoc
1334 2637 1510 2672 amatur
1543 2636 1587 2671 et
1629 2626 1920 2673 desideratur.
1953 2626 2051 2680 Qxi
2075 2638 2192 2687 ergo

235 2705 353 2739 errat
386 2695 506 2739 circa
533 2695 700 2748 Deum,
732 2708 818 2739 nec
852 2709 1006 2738 amare
1032 2703 1184 2753 potest
1207 2695 1375 2747 Deum,
1402 2708 1486 2738 nec
1514 2693 1768 2738 desiderare
1789 2693 1939 2753 ipsum
1964 2703 2015 2739 ut
2037 2692 2193 2739 fine-m.

237 2762 395 2814 Quum
428 2763 565 2821 igitur
596 2761 667 2806 lex
700 2761 852 2806 divina
895 2762 950 2806 ad
991 2762 1080 2806 hoc
1123 2763 1291 2816 tendat,
1324 2771 1373 2806 ut
1414 2761 1626 2806 homines
1669 2771 1823 2806 ament
1854 2771 1899 2807 et
1937 2761 2196 2812 desiderent

234 2830 402 2883 Deum,
436 2839 616 2888 oportet
648 2829 770 2888 quod
803 2828 904 2888 lege
938 2829 1090 2873 divina
1121 2825 1335 2873 homines
1368 2828 1624 2887 obligentur
1657 2829 1713 2872 ad
1743 2838 1931 2873 rectam
1947 2828 2097 2874 fid'em
2117 2827 2195 2873 ha·

233 2897 430 2940 bendam
458 2898 511 2940 de
544 2897 660 2940 Deo.

292 2963 549 3022 Amplius:
583 2962 696 3007 falsa
729 2963 885 3021 opinio
918 2963 979 3006 ita
1012 2977 1059 3007 se
1086 2962 1223 3007 habet
1254 2963 1300 3006 in
1331 2961 1688 3020 intelligibilibus
1720 2962 1836 3007 sicut
1859 2962 2020 3007 vitium
2036 2961 2195 3007 virtuti

234 3031 496 3088 oppositum
529 3031 574 3073 in
606 3029 880 3083 moralibus;
914 3044 1022 3073 nam
1048 3029 1222 3074 bonum
1254 3029 1510 3074 intellectus
1543 3038 1611 3073 est
1635 3042 1808 3074 verum.
1835 3029 1928 3074 Sed
1953 3029 2011 3075 ad
2040 3028 2193 3089 legem

234 3097 435 3141 divinam
462 3097 655 3156 pertinet
685 3096 793 3140 vitia
825 3097 1080 3155 prohibere.
1109 3097 1230 3155 Ergo
1262 3096 1317 3140 ad
1351 3110 1453 3140 eam
1478 3096 1615 3140 etiam
1642 3095 1835 3155 pertinet
1858 3094 1995 3141 falsas
2021 3096 2193 3155 opinio·

235 3177 315 3207 nes
342 3164 397 3207 de
430 3165 532 3207 Deo
559 3174 603 3207 et
629 3163 684 3207 de
711 3163 781 3206 his
815 3177 931 3221 quae
963 3172 1066 3207 sunt
1097 3163 1186 3206 Dei
1212 3162 1464 3206 excludere.

326 3231 442 3274 Hinc
477 3241 543 3275 est
569 3244 679 3289 quo
667 3229 692 3272 l
718 3229 880 3273 dicitur
906 3230 1063 3288 (Hebr.
1088 3230 1166 3273 XI.
1192 3228 1279 3286 6.)
1312 3230 1409 3274 Sine
1430 3228 1515 3287 fide
1538 3230 1785 3289 impossibile
1805 3235 1862 3275 est
1880 3229 2048 3289 placere
2068 3230 2190 3282 Dum

235 3308 279 3341 et
304 3298 511 3355 (Deuter.
543 3296 619 3340 VI.
639 3297 704 3353 4.)
723 3306 967 3354 antequam
986 3295 1072 3340 alia
1093 3305 1333 3355 praecepta
1350 3295 1462 3353 legis
1482 3305 1722 3354 ponantur,
1740 3296 2043 3354 praestituitur*
2064 3305 2189 3341 reeta

235 3364 345 3407 fides
364 3365 418 3407 de
442 3364 559 3417 Deo,
577 3378 716 3422 quum
740 3363 921 3406 dicitur:
946 3363 1078 3417 Audi,
1103 3363 1260 3407 Israel:
1278 3364 1489 3407 Dominus
1515 3363 1629 3407 Deus
1655 3369 1746 3408 tuus
1763 3363 1981 3408 Dominus
1998 3368 2192 3407 unusest.

326 3431 413 3475 Per
439 3431 528 3474 hoc
556 3441 707 3474 autem
735 3430 986 3474 excluditur
1013 3444 1137 3474 error
1163 3429 1468 3489 quorumdam
1500 3429 1748 3474 dicentium
1772 3429 1895 3489 quod
1919 3428 2035 3475 nihil
2058 3427 2193 3475 refert

237 3497 291 3541 ad
327 3497 519 3542 salutem
551 3497 753 3542 hominis
781 3511 885 3541 cum
919 3510 1207 3556 quacumque
1238 3496 1326 3540 fide
1353 3497 1518 3541 serviat
1548 3496 1665 3541 Deo.
2008 3520 2009 3525 =
2174 3519 2176 3522 v
