2332 3854
787 229 941 268 LIBER
980 227 1036 267 11.
1078 228 1198 267 CAP.
1240 226 1444 265 LXXVII.
1983 226 2087 281 235

139 329 331 390 pertinet
347 329 402 373 ad
418 328 699 373 intellectum
712 329 991 388 possibilem,
1004 339 1048 374 et
1060 328 1196 374 faciat
1212 342 1264 374 ea
1284 338 1400 384 actu,
1413 327 1536 387 quod
1549 337 1616 372 est
1633 327 1887 373 intellectus
1901 329 2094 388 agentis,

137 410 278 457 quum
303 395 416 440 nihil
443 406 547 454 agat
571 396 823 440 secundum
850 396 971 455 quod
999 406 1065 440 est
1086 396 1132 440 in
1159 395 1376 455 potentia,
1404 395 1482 439 sed
1509 395 1761 439 secundum
1794 395 1916 454 quod
1949 405 2015 439 est
2046 397 2092 439 in

139 472 256 509 actu.
283 462 416 507 Unde
443 476 537 507 non
561 462 784 507 videbitur
809 463 931 521 quod
960 477 1099 522 agens
1126 473 1170 507 et
1196 462 1421 521 possibilis
1448 461 1703 506 intellectus
1730 462 1904 521 possint
1933 461 1979 505 in
2003 475 2093 505 una

137 529 386 575 substantia
413 531 592 574 animae
619 529 877 573 convenire.

226 595 275 640 Si
302 596 401 655 quis
428 606 581 640 autem
617 605 738 640 recte
774 596 996 654 inspiciat,
1033 595 1147 639 nihil
1182 595 1511 640 inconveniens
1547 604 1623 640 aut
1659 593 1840 639 difficile
1877 595 2091 653 sequitur.

135 661 264 722 Nihil
288 662 411 707 enim
437 662 648 722 prohibet
667 662 774 715 hoc,
801 671 1007 720 respectu
1042 661 1162 706 illius
1194 677 1293 708 esse
1327 662 1578 707 secundum
1610 661 1780 721 aliquid
1811 662 1859 705 in
1890 662 2094 720 potentia

137 738 183 775 et
205 729 458 773 secundum
484 728 606 772 aliud
630 729 677 772 in
704 737 822 782 actu,
850 728 968 772 sicut
993 728 1038 771 in
1066 729 1198 772 rebus
1224 728 1502 777 naturalibus
1527 728 1757 784 videmus;
1784 732 1860 773 aer
1882 728 2004 772 enirn
2027 737 2095 772 est

136 805 239 841 actu
265 795 479 840 humidus
506 805 551 840 et
574 795 777 854 potentia
803 794 966 849 siccus,
992 804 1112 839 terra
1139 805 1291 839 autem
1318 809 1342 839 e
1370 809 1611 840 converso.
1635 795 1761 840 Haec
1790 804 1941 840 autern
1971 808 2096 838 com-

132 862 307 922 paratio
332 861 557 906 invenitur
579 876 676 906 esse
698 862 815 906 inter
833 861 1034 905 animam
1052 861 1377 906 intellectivam
1398 872 1442 906 et
1459 862 1791 921 phantasmata.
1806 861 1954 906 Habet
1970 861 2093 905 enim

132 929 286 973 anima
317 927 596 973 intellectiva
621 927 790 987 aliquid
817 928 863 971 in
891 938 1009 981 actu,
1037 927 1093 971 ad
1120 928 1242 986 quod
1269 929 1540 987 phantasma
1567 938 1634 973 est
1656 929 1701 972 in
1727 927 1958 988 potentia3
1975 937 2019 972 et
2036 927 2092 972 ad

133 994 302 1054 aliquid
328 1005 396 1040 est
420 996 466 1039 in
493 995 710 1054 potentia,
737 994 859 1054 quod
886 995 932 1038 in
959 987 1350 1053 phantasmatibus
1379 1005 1482 1039 actu
1514 995 1754 1039 invenitur.
1789 994 1938 1039 Habet
1969 994 2091 1039 enim

69 1109 76 1116 ,
130 1062 379 1108 substantia
401 1061 582 1117 animae
607 1062 838 1106 humanae
864 1061 1324 1115 immaterialitatem;
1343 1071 1400 1115 et,
1419 1062 1534 1106 sicut
1551 1076 1605 1105 ex
1623 1061 1753 1106 dictis
1771 1070 1908 1120 patet,
1930 1075 1983 1105 ex
2000 1060 2091 1105 hoc

130 1129 268 1175 habet
290 1138 501 1173 naturam
526 1127 899 1183 intellectualem,
926 1129 1031 1187 quia
1057 1129 1210 1173 omnis
1236 1129 1485 1173 substantia
1511 1128 1825 1173 immaterialis
1852 1137 1918 1173 est
1943 1128 2094 1186 hujus—

129 1196 272 1244 modi.
298 1196 366 1241 Ex
389 1195 480 1240 hoc
508 1205 660 1241 autem
686 1197 892 1241 nondum
920 1196 1057 1240 habet
1082 1196 1205 1255 quod
1233 1195 1506 1240 assimiletur
1527 1196 1634 1239 huic
1656 1195 1731 1239 vel
1756 1194 1821 1239 illi
1855 1195 1921 1240 rei
1952 1195 2093 1240 deter-

23 1243 54 1292 i·
129 1263 316 1318 minate,
341 1262 465 1322 quod
491 1263 732 1322 requiritur
758 1263 813 1307 ad
839 1262 930 1307 hoc
957 1262 1080 1322 quod
1108 1263 1260 1307 anima
1287 1273 1443 1307 nostra
1469 1263 1587 1306 hanc
1621 1262 1694 1306 vel
1725 1261 1852 1306 illam
1886 1276 1983 1306 rem
2017 1262 2088 1306 de-

128 1330 369 1376 terminate
387 1340 659 1388 cognoscat3
678 1330 827 1374 omnis
846 1330 967 1374 enim
988 1330 1191 1387 cognitio
1211 1329 1258 1373 fit
1281 1328 1532 1374 secundum
1550 1328 1895 1373 similitudinem
1920 1329 2094 1388 cogniti

126 1397 176 1443 in
201 1406 524 1456 cognoscente.
553 1397 781 1442 Remanet
805 1397 941 1455 igitur
966 1397 1066 1454 ipsa
1093 1396 1245 1440 anima
1271 1395 1547 1440 intellectiva
1575 1397 1619 1439 in
1641 1396 1846 1455 potentia
1868 1396 1925 1440 ad
1953 1396 2095 1440 deter-

27 1463 51 1502 ἶ
103 1463 321 1509 'minatas
347 1463 663 1508 similitudines
703 1478 855 1508 rerum
883 1462 1264 1522 cognoscibilium
1303 1477 1327 1506 a
1354 1463 1501 1516 nobis,
1529 1476 1645 1521 quae
1670 1472 1776 1506 sunt
1799 1472 1987 1506 naturae
2014 1476 2089 1506 re-

125 1545 229 1575 rum
254 1530 550 1577 sensibilium.
578 1530 634 1574 Et
673 1530 755 1575 has
797 1529 982 1589 quidem
1024 1529 1345 1574 determinatas
1386 1539 1569 1573 naturas
1609 1543 1761 1572 rerum
1803 1528 2088 1573 sensibilium

124 1607 415 1657 praesentant
437 1597 570 1641 nobis
595 1596 928 1655 phantasmata,
956 1610 1071 1656 quae
1097 1606 1252 1640 tamen
1274 1595 1482 1639 nondum
1505 1605 1807 1654 pervenerunt
1829 1595 1884 1639 ad
1908 1610 2007 1640 esse
2028 1596 2092 1640 in-

124 1662 373 1723 telligibile,
396 1677 536 1723 quum
553 1663 642 1708 sint
659 1662 978 1707 similitudines
1001 1677 1154 1707 rerum
1177 1661 1477 1717 sensibilium,
1502 1662 1640 1725 etiam
1663 1662 1916 1707 secundum
1940 1663 2077 1707 condi

124 1731 274 1777 tiones
298 1729 569 1785 materiales,
598 1743 713 1789 quae
740 1739 844 1774 sunt
869 1731 1166 1789 proprietates
1189 1728 1489 1773 individuales
1508 1739 1552 1773 et
1567 1738 1672 1773 sunt
1689 1729 1827 1773 etiam
1842 1729 1890 1773 in
1908 1731 2091 1788 organis

127 1797 448 1842 materialibus.
473 1797 582 1841 Non
607 1797 744 1856 igitur
769 1807 873 1842 sunt
897 1796 1199 1856 intelligibilia
1226 1807 1354 1852 actu;
1393 1807 1436 1841 et
1477 1807 1632 1841 tamen
1675 1798 1795 1856 quia,
1821 1797 1868 1842 in
1895 1797 1985 1842 hoc
2011 1798 2093 1842 ho-

127 1864 251 1910 mine
279 1865 406 1923 cujus
432 1863 778 1908 similitudinem
804 1874 1145 1923 repraesentant
1170 1864 1503 1923 phantasmata,
1531 1874 1597 1909 est
1635 1865 1841 1922 accipere
1876 1874 2088 1909 naturam

127 1931 431 1976 universalem
458 1930 732 1975 denudatam
761 1931 814 1974 ab
843 1931 1055 1975 omnibus
1084 1931 1424 1975 conditionibus
1451 1931 1852 1986 individuantibus,
1887 1941 1992 1976 sunt
2027 1932 2091 1975 in·

126 1996 379 2056 telligibilia
402 1997 449 2041 in
475 1997 692 2057 potentia.
721 1997 798 2041 Sic
824 1997 961 2055 igitur
986 1998 1156 2042 habent
1182 1997 1598 2056 intelligibilitatem
1624 1998 1672 2042 in
1697 1998 1916 2056 potentia,
1951 1999 2092 2043 deter-

126 2064 426 2108 minationem
452 2074 606 2108 autem
632 2063 938 2109 similitudinis
966 2078 1118 2108 rerum
1145 2066 1191 2109 in
1218 2074 1335 2109 actu.
1373 2064 1408 2108 E
1437 2065 1664 2109 contrario
1709 2075 1863 2110 autem
1905 2075 2001 2110 erat
2039 2066 2087 2109 in

19 2154 27 2161 ν
92 2147 98 2153 ·
126 2130 279 2174 anima
303 2130 594 2175 intellectiva.
622 2130 702 2175 Est
726 2131 864 2189 igitur
888 2131 935 2174 in
963 2131 1115 2175 anima
1139 2130 1420 2175 intellectiva
1446 2132 1586 2176 virtus
1629 2133 1777 2176 activa
1819 2132 1865 2175 in
1903 2132 2090 2191 phanta-

123 2207 284 2252 smata,
309 2196 480 2242 faciens
506 2211 559 2242 ea
585 2197 886 2256 intelligibilia
914 2208 1042 2252 actu;
1071 2209 1116 2243 et
1140 2199 1255 2242 haec
1283 2198 1487 2257 potentia
1532 2199 1713 2243 animae
1745 2209 1937 2243 vocatur
1963 2199 2091 2244 intel-

122 2263 267 2309 lectus
292 2278 445 2324 agens.
467 2264 547 2308 Est
567 2265 705 2309 etiam
732 2265 777 2307 in
801 2279 853 2309 ea
878 2265 1032 2318 virtus,
1051 2279 1167 2324 quae
1195 2275 1263 2309 est
1288 2266 1334 2309 in
1360 2266 1565 2324 potentia
1594 2266 1649 2309 ad
1677 2266 2002 2311 determinatas
2035 2266 2088 2310 si-

123 2329 400 2375 militudines
426 2345 576 2375 rerum
611 2331 919 2386 sensibilium;
947 2342 991 2376 et
1007 2332 1122 2376 haec
1142 2342 1210 2376 est
1230 2332 1435 2390 potentia
1453 2332 1710 2377 intellectus
1727 2333 1972 2392 possibilis.
1995 2332 2090 2377 Dif-

120 2396 208 2443 fert
231 2407 386 2443 tamen
410 2399 502 2443 hoc
529 2398 651 2458 quod
677 2399 904 2443 invenitur
929 2399 975 2443 in
1003 2399 1157 2442 anima
1184 2399 1238 2442 ab
1267 2413 1323 2443 eo
1350 2400 1474 2459 quod
1499 2400 1728 2444 invenitur
1763 2401 1809 2444 in
1848 2401 2086 2459 agentibus

122 2464 418 2520 naturalibus,
446 2465 551 2524 quia
575 2466 637 2509 ibi
669 2479 811 2509 unum
840 2475 908 2511 est
932 2466 978 2509 in
1005 2466 1208 2525 potentia
1235 2467 1291 2510 ad
1316 2466 1436 2511 aliud
1464 2467 1713 2511 secundum
1754 2469 1967 2511 eumdem
1995 2481 2091 2511 mo-

122 2531 232 2577 dum
259 2546 349 2591 quo
375 2532 421 2576 in
448 2531 591 2577 altero
618 2533 845 2577 invenitur
871 2543 1003 2588 actu;
1029 2547 1138 2577 narn
1166 2533 1357 2577 materia
1385 2534 1498 2578 aeris
1527 2544 1593 2578 est
1618 2535 1664 2577 in
1691 2535 1896 2593 potentia
1924 2535 1978 2579 ad
2001 2533 2089 2578 for-

122 2613 248 2644 mam
274 2613 418 2659 aquae
446 2614 502 2644 eo
529 2600 670 2644 modo
696 2614 787 2660 quo
815 2611 882 2645 est
903 2601 948 2644 in
976 2614 1118 2659 aqua3
1152 2610 1196 2644 et
1221 2601 1326 2644 ideo
1354 2610 1548 2659 corpora
1574 2601 1798 2646 naturalia
1824 2616 1940 2661 quae
1965 2616 2089 2646 com-

24 2665 39 2724 ᾗ
121 2666 417 2711 municabant
439 2666 484 2710 in
512 2666 717 2728 materia,
741 2667 906 2711 eodem
930 2667 1088 2711 ordine
1116 2670 1261 2726 agunt
1280 2678 1323 2712 et
1349 2669 1579 2726 patiuntur
1606 2669 1660 2712 ad
1687 2669 1908 2723 invicem;
1936 2669 2088 2712 anima

124 2742 276 2778 autem
307 2733 583 2778 intellectiva
608 2747 703 2777 non
736 2743 804 2777 est
828 2734 874 2778 in
901 2734 1104 2793 potentia
1131 2735 1186 2778 ad
1215 2734 1532 2779 similitudines
1567 2749 1719 2780 rerum
1757 2750 1873 2795 quae
1911 2746 2015 2780 sunt
2039 2736 2087 2779 in

121 2799 528 2860 phantasmatibus,
554 2815 634 2858 per
655 2801 848 2844 modum
872 2800 1002 2844 illum
1030 2815 1122 2860 quo
1148 2811 1252 2845 sunt
1278 2801 1353 2855 ibi,
1381 2802 1458 2845 sed
1482 2801 1733 2846 secundum
1760 2803 1882 2861 quod
1907 2802 2012 2847 illae
2034 2802 2089 2846 si-

4 2859 57 2912 'f
121 2867 399 2913 militudines
425 2867 660 2911 elevantur
693 2867 747 2911 ad
774 2866 943 2927 aliquid
971 2867 1118 2922 altius,
1145 2878 1194 2912 ut
1218 2867 1392 2912 scilicet
1418 2868 1507 2912 sint
1534 2869 1786 2914 abstractae
1815 2884 1841 2913 a
1868 2870 2087 2913 conditio-

6 2937 63 2994 ⁴:⁴³
120 2933 252 2979 nibus
276 2934 659 2978 individuantibus
692 2934 1019 2988 materialibus,
1053 2949 1108 2979 ex
1141 2949 1232 2994 quo
1259 2935 1372 2979 fiunt
1397 2935 1705 2995 intelligibiles
1739 2946 1867 2990 actu;
1903 2947 1948 2981 et
1980 2937 2085 2981 ideo

122 3000 242 3046 actio
267 3001 523 3046 intellectus
551 3002 726 3060 agentis
762 3001 807 3045 in
846 3002 1165 3061 phantasmata
1206 3003 1437 3061 praecedit
1474 3005 1786 3062 receptionem
1828 3004 2085 3050 intellectus

32 3067 52 3126 gf
120 3066 360 3125 possibilis,
393 3082 444 3112 ac
473 3069 536 3111 sic
569 3067 876 3127 principalitas
919 3069 1111 3113 actionis
1137 3083 1231 3113 non
1259 3069 1512 3113 attribuitur
1552 3070 1962 3128 phantasmatibus,
2006 3071 2085 3115 sed

48 3152 55 3161 -
119 3131 369 3178 intellectui
395 3134 570 3192 agenti3
597 3146 782 3193 propter
809 3135 930 3194 quod
958 3136 1228 3180 Aristoteles
1257 3137 1365 3180 dicit
1390 3137 1545 3194 (tertio
1572 3137 1643 3181 De
1671 3137 1838 3192 anima,
1865 3147 1896 3183 t.
1925 3151 1962 3181 e.
1996 3138 2084 3195 17.)

119 3200 242 3259 quod
267 3213 315 3244 se
340 3200 478 3244 habet
503 3202 559 3245 ad
584 3201 848 3260 possibilem
875 3203 992 3246 sicut
1018 3217 1088 3247 ars
1112 3203 1166 3246 ad
1195 3204 1451 3247 materiam.
1474 3204 1619 3261 Huius
1644 3214 1797 3247 autem
1822 3204 2084 3263 exemplum

121 3265 312 3310 omnino
337 3266 485 3310 simile
512 3278 643 3321 esset,
670 3268 707 3311 si
729 3268 904 3323 oculus,
932 3269 1069 3312 simul
1096 3284 1200 3314 cum
1223 3270 1313 3314 hoc
1341 3270 1463 3328 quod
1494 3280 1561 3314 est
1593 3270 1846 3329 diaphanus
1873 3281 1918 3315 et
1938 3285 2086 3316 susce-

120 3332 267 3391 ptivus
294 3332 518 3388 colorum,
544 3333 733 3379 haberet
757 3345 934 3379 tantum
962 3336 1018 3380 de
1046 3336 1147 3380 luce
1176 3338 1297 3395 quod
1322 3347 1475 3396 posset
1501 3336 1680 3381 colores
1706 3336 1855 3382 facere
1881 3337 2081 3382 visibiles

120 3407 248 3453 actu;
273 3399 389 3444 sicut
419 3400 644 3458 quaedam
672 3401 887 3446 animalia
913 3402 1125 3447 dicuntur
1150 3404 1220 3446 sui
1246 3402 1369 3447 oculi
1405 3402 1508 3447 luce
1541 3402 1816 3448 sufficienter
1857 3405 1940 3449 sibi
1974 3404 2077 3448 illu-

10 3464 57 3512 ‘Sssizr
119 3464 293 3510 minare
325 3466 519 3524 objecta,
546 3477 730 3526 propter
756 3469 878 3526 quod
905 3469 961 3512 de
987 3479 1123 3513 nocte
1160 3470 1314 3513 vident
1346 3470 1510 3528 magis,
1552 3470 1599 3513 in
1641 3471 1713 3515 die
1755 3485 1866 3515 vero
1906 3472 2082 3526 minus;

118 3540 223 3575 sunt
247 3531 370 3576 enim
398 3532 614 3576 debilium
642 3533 898 3588 oculorum,
916 3536 1021 3594 quia
1040 3550 1064 3579 a
1082 3550 1220 3594 parva
1237 3535 1339 3580 luce
1356 3546 1613 3595 moventur,
1633 3537 1688 3581 ad
1707 3537 1900 3583 multam
1923 3549 2076 3583 aute-m

121 3595 470 3643 confunduntur.
505 3598 591 3643 Cui
619 3600 758 3644 etiam
782 3601 930 3646 simile
953 3612 1022 3646 est
1043 3603 1089 3646 in
1116 3601 1348 3648 intellectu
1375 3614 1548 3658 nostro,
1576 3605 1652 3665 qui
1675 3605 1729 3649 ad
1755 3619 1807 3650 ea
1835 3620 1951 3665 quae
1975 3615 2082 3651 sunt
