2332 3854
53 0 134 14 :·.=.·

797 232 951 272 unm<
990 231 1034 271 1.Δ
1067 231 1188 272 εΑΡ.
1229 231 1378 271 xcvr.
1617 290 1619 293 Ι
1964 235 2060 289 113

106 334 310 393 bonum3
333 333 432 379 vult
455 333 592 392 igitur
618 333 848 380 actionem
879 347 1011 379 suam
1041 347 1137 379 non
1168 346 1282 389 esse,
1314 332 1420 393 quia
1451 332 1563 378 illud
1594 333 1642 377 in
1674 347 1773 378 esse
1803 335 2067 393 producitur

59 445 69 449 ,,
104 399 180 447 vel
203 400 416 455 mediate,
446 399 523 446 vel
547 400 836 446 immediate:
865 411 1100 446 ostensum
1126 410 1195 446 est
1215 400 1336 446 enim
1364 413 1499 460 supra
1524 401 1586 459 (c.
1614 399 1722 459 83.),
1739 400 1862 459 quod
1885 401 1925 444 si
1939 401 2066 446 Deus

47 464 65 515 ζ’
106 466 276 528 aliquid
295 467 408 522 vult,
435 477 616 527 oportet
641 468 763 526 quod
789 468 868 512 illa
893 467 1004 512 velit
1024 481 1140 527 quae
1163 467 1219 512 ad
1245 467 1355 512 illud
1378 467 1679 527 requiruntur.
1704 466 1805 511 Hoc
1825 477 1977 511 autem
2000 478 2068 512 est

44 531 66 592 ᾗ
104 535 407 596 impossibile;
433 535 556 595 quod
582 535 767 594 quidem
793 545 929 594 patet,
956 535 995 579 si
1019 549 1091 580 res
1123 549 1202 595 per
1226 534 1510 579 voluntatem
1536 534 1677 594 ipsius
1710 534 1756 577 in
1784 547 1882 578 esse
1912 548 2067 592 proce-

38 610 69 655 ξ,
105 601 228 655 dant,
249 602 355 661 quia
381 612 488 646 tunc
515 611 696 661 oportet
721 602 953 645 actionem
979 616 1068 660 qua
1093 615 1164 646 res
1190 602 1501 661 producuntur
1527 614 1625 645 esse
1648 599 1967 645 voluntariam.
2003 601 2068 645 Si-

57 688 66 725 5
105 666 287 723 militer,
313 669 350 713 si
375 668 640 713 naturaliter
664 669 720 712 sit
746 682 898 712 rerum
926 681 1077 721 causa,
1105 669 1208 727 quia
1236 669 1353 713 sicut
1384 668 1533 726 placet
1564 667 1648 712 sibi
1679 681 1762 712 sua
1792 678 1969 722 natura,
2000 668 2066 712 sic

40 782 45 786 ,
106 733 257 795 placet
281 735 365 780 sibi
391 749 529 780 omne
554 734 666 779 illud
692 734 815 794 quod
837 748 918 778 sua
934 745 1094 778 natura
1112 735 1310 794 requirit.
1330 734 1516 779 Nullam
1534 734 1671 793 igitur
1686 748 1784 779 rem
1806 735 1934 779 Deus
1956 735 2064 779 odit.

40 799 67 851 ζ
160 804 163 805 ’
192 802 456 847 Praeterea:
482 801 594 846 illud
620 802 742 861 quod
764 802 992 845 invenitur
1007 803 1052 845 in
1070 803 1282 846 omnibus
1301 805 1448 847 causis
1469 803 1626 846 activis
1644 801 1923 856 naturaliter,
1945 816 2067 861 prae·
2094 828 2105 835 „

106 869 239 930 cipue
263 870 310 913 in
335 869 486 928 primo
513 879 676 927 agente
701 882 888 912 necesse
916 878 982 912 est
1007 868 1212 913 inveniri.
1234 868 1406 913 Omnia
1435 878 1586 913 autem
1616 869 1797 929 agentia
1819 882 1902 914 suo
1925 869 2066 913 modo

104 950 212 983 suos
238 936 424 981 effectus
453 946 609 980 amant
635 935 886 980 secundum
913 935 1034 994 quod
1061 936 1341 993 hujusmodi,
1369 936 1485 980 sicut
1511 946 1719 995 parentes
1741 935 1876 991 filios,
1902 940 2067 995 poetae

36 1016 53 1024 ·
104 1008 333 1065 poemata,
361 1004 554 1050 artifices
580 1019 661 1049 sua
688 1018 840 1063 opera.
867 1002 1014 1047 Multo
1041 1003 1178 1062 igitur
1203 1003 1350 1062 magis
1376 1004 1502 1047 Deus
1527 1004 1702 1048 nullam
1716 1018 1814 1049 rem
1833 1003 1942 1057 odit,
1961 1017 2067 1047 cum

26 1071 36 1086 ²
102 1071 200 1132 ipse
225 1072 283 1117 sit
308 1072 516 1116 omnium
545 1085 695 1116 causa.

37 1140 77 1149 ’“
192 1138 296 1184 Hoc
323 1148 476 1184 autem
509 1148 576 1183 est
607 1138 730 1198 quod
762 1138 926 1182 dicitur
957 1137 1088 1197 (Sap.
1121 1138 1200 1182 XI.
1236 1137 1354 1196 25.)·
1387 1138 1545 1197 Diligis
1577 1139 1721 1182 omnia
1751 1151 1856 1197 quae
1887 1144 1996 1192 sunt,
2028 1144 2066 1183 et

50 1216 55 1219 “
101 1205 209 1252 nihil
233 1206 356 1252 odisti
384 1221 529 1252 eorum
555 1221 659 1265 quae
675 1207 829 1265 fecisti.

31 1308 55 1334 4
191 1273 372 1318 Dicitur
397 1283 550 1318 autem
577 1274 703 1317 Deus
730 1272 881 1332 aliqua
907 1273 1033 1318 odire
1055 1272 1433 1327 similitudinarie,
1458 1283 1502 1318 et
1521 1273 1613 1317 hoc
1636 1273 1886 1333 dupliciter.
1910 1273 2067 1318 Primo

103 1334 245 1385 modo
271 1354 326 1385 ex
349 1340 442 1385 hoc
464 1340 587 1400 quod
604 1340 731 1385 Deus
758 1340 956 1384 amando
983 1354 1069 1394 res,
1087 1340 1247 1384 volens
1273 1354 1432 1384 earum
1448 1340 1622 1384 bonum
1641 1354 1754 1394 esse,
1780 1339 1878 1384 vult
1894 1350 2070 1385 contra·

43 1422 58 1467 ²,
102 1407 221 1452 rium
235 1407 375 1464 bono,
393 1407 569 1453 scilicet
585 1406 759 1452 malum
772 1421 866 1451 non
885 1421 1006 1463 esse;
1024 1407 1144 1452 unde
1162 1407 1391 1451 malorum
1411 1407 1567 1451 odium
1585 1407 1753 1452 habere
1771 1407 1948 1462 d1c1tur,
1959 1421 2069 1452 nam

103 1487 222 1535 quae
240 1488 335 1519 non
360 1488 459 1519 esse
480 1474 710 1528 volumus,
733 1474 927 1518 dicimur
945 1475 1051 1518 odio
1069 1473 1252 1527 habere,
1270 1473 1521 1518 secundum
1539 1472 1650 1517 illud
1671 1474 1795 1533 (Zac.
1814 1473 1937 1519 VIII.
1963 1475 2066 1532 17.):

42 1559 61 1602 g
112 1541 398 1602 Unusquisque
417 1542 579 1586 malum
610 1548 757 1587 contra
783 1543 966 1586 amicum
991 1556 1110 1585 suum
1136 1556 1184 1584 ne
1211 1541 1395 1599 cogitetis
1415 1542 1460 1584 in
1486 1540 1676 1585 cordibus
1699 1542 1862 1595 vestris,
1889 1547 1925 1586 et
1949 1543 2070 1599 jura-

104 1612 285 1654 mentum
308 1608 487 1654 mendax
512 1624 561 1654 ne
586 1608 785 1668 diligatis:
809 1610 951 1652 omnia
968 1610 1077 1652 enim
1104 1607 1202 1652 haec
1224 1613 1318 1652 sunt
1339 1621 1442 1666 quae
1460 1606 1541 1661 odi,
1563 1607 1666 1652 dicit
1690 1608 1913 1652 Dominus.
1941 1608 2068 1653 Haec

42 1675 64 1685 “’
106 1682 260 1720 autem
284 1689 380 1721 non
406 1686 509 1720 sunt
536 1675 738 1729 effectus,
765 1684 815 1719 ut
845 1689 916 1719 res
943 1675 1250 1728 subsistentes,
1278 1688 1474 1733 quorum
1500 1675 1679 1734 proprie
1707 1685 1774 1719 est
1806 1674 1964 1719 odium
1994 1675 2068 1720 vel

106 1755 252 1788 amor.
277 1741 409 1788 Alius
436 1752 589 1787 autem
617 1742 781 1787 modus
809 1752 891 1796 est,
919 1756 973 1786 ex
989 1742 1081 1786 hoc
1099 1741 1222 1801 quod
1246 1741 1373 1786 Deus
1396 1741 1493 1786 vult
1511 1741 1694 1800 aliquod
1712 1743 1858 1800 majus
1878 1742 2068 1796 bonurn,

47 1860 59 1869 .
105 1808 229 1869 quod
254 1823 355 1854 esse
379 1823 475 1854 non
500 1819 649 1870 potest
673 1810 770 1854 sine
797 1809 1050 1868 privatione
1077 1809 1268 1862 minoris
1295 1808 1416 1862 boni,
1445 1818 1488 1853 et
1514 1809 1577 1852 sic
1611 1809 1773 1853 dicitur
1798 1809 1939 1863 odire,
1963 1823 2069 1853 cum

51 1881 60 1937 ³?
105 1876 255 1935 magis
279 1876 371 1922 hoc
396 1877 455 1921 sit
479 1890 647 1921 amare.
675 1876 752 1920 Sic
780 1876 903 1921 enim
929 1878 975 1920 in
1002 1886 1224 1935 quantum
1249 1875 1347 1920 vult
1369 1875 1546 1920 bonum
1572 1876 1784 1935 justitiae,
1806 1875 1881 1920 vel
1897 1876 2068 1921 ordinis

57 1943 62 1995 f
105 1943 318 2000 universi,
344 1944 467 2004 quod
490 1958 588 1989 esse
614 1957 708 1988 non
734 1954 884 2003 potest
910 1937 1016 1989 sine⁴
1032 1944 1269 2003 punitione
1294 1943 1368 1987 vel
1397 1943 1688 2003 corruptione
1711 1943 1984 2003 aliquorum,
2009 1944 2071 1988 di-

35 2020 57 2039 -’
106 2020 284 2055 ceretur
306 2009 384 2055 illa
410 2010 538 2055 odire
563 2025 760 2070 quorum
786 2011 1070 2070 punitionem
1096 2009 1207 2064 vult,
1223 2009 1298 2054 vel
1315 2010 1671 2069 corruptionem,
1689 2011 1941 2055 secundum
1957 2009 2069 2055 illud

53 2079 69 2120 ἐ
106 2075 327 2136 (Malach.
343 2077 379 2122 Ι.
400 2079 483 2137 3.):
511 2079 624 2123 Esau
651 2077 744 2122 odio
772 2078 916 2132 habui,
945 2086 988 2121 et
1013 2076 1124 2121 illud
1147 2079 1241 2136 (Ps.
1264 2077 1320 2121 V.
1339 2077 1423 2136 7.):
1446 2077 1582 2122 Odisti
1598 2093 1733 2122 omnes
1750 2079 1823 2136 qui
1839 2084 2070 2137 operantur

10 2174 11 2178 =
105 2145 382 2204 iniquitatem,
400 2144 548 2205 perdes
572 2159 708 2190 omnes
733 2146 806 2204 qui
827 2145 1052 2204 loquuntur
1077 2144 1366 2190 mendacium:
1392 2146 1537 2189 virum
1557 2147 1805 2204 sanguinum
1826 2150 1864 2190 et
1884 2144 2067 2190 dolosum

55 2205 81 2274 '53'
104 2211 446 2258 abhominabitur
471 2213 696 2258 Dominus.

820 2370 1076 2444 CAPUT
1117 2387 1351 2444 XCVII.

621 2524 813 2571 QUOD
871 2523 1054 2562 DEUS
1108 2490 1563 2563 EST'VIVENS.

729 2626 788 2684 (I.
805 2633 923 2687 part.
949 2633 1099 2686 quaest.
1127 2626 1240 2671 XIX.
1269 2626 1455 2683 art.1..)

160 2736 263 2782 Ex
287 2736 359 2782 his
386 2747 540 2783 autem
571 2752 687 2797 quae
713 2751 849 2815 supra
871 2739 932 2796 (c.
959 2750 1030 2794 44.
1058 2749 1102 2783 et
1125 2739 1251 2796 72.)
1240 2753 1335 2797 Jam
1362 2747 1545 2782 ostensa
1574 2746 1691 2790 sunt,
1718 2737 1774 2781 de
1800 2736 2069 2781 necessitate

74 2802 312 2860 habetur,
338 2805 461 2864 quod
483 2805 608 2849 Deus
626 2814 695 2850 est
718 2805 889 2850 vivens.
915 2805 1168 2851 Ostensum
1196 2816 1264 2850 est
1289 2805 1411 2849 enim
1435 2805 1588 2848 Deum
1607 2818 1705 2848 esse
1723 2803 2068 2862 intelligentem,

73 2867 421 2927 etvolentem
446 2871 702 2931 intelligere
725 2882 892 2926 autem,
911 2882 957 2917 et
980 2872 1114 2927 velle,
1141 2886 1235 2916 non
1253 2872 1338 2916 nisi
1357 2872 1549 2916 viventis
1577 2881 1669 2926 est;
1690 2881 1757 2915 est
1788 2871 1925 2929 igitur
1942 2870 2068 2915 Deus

10 2963 11 2966 ’
154 2952 279 2984 vens-

83 3010 97 3022 ’“
197 3005 388 3051 Adhuc:
413 3006 566 3051 vivere
593 3006 846 3050 secundum
868 3006 959 3050 hoc
984 3005 1206 3065 aliquibus
1225 3006 1488 3051 attributum
1516 3015 1595 3061 est,
1614 3005 1737 3064 quod
1754 3005 1850 3049 visa
1868 3015 1972 3050 sunt
1991 3019 2070 3065 per

3 3104 16 3132 5
81 3083 174 3128 se,
196 3085 292 3117 non
318 3072 372 3117 ab
410 3071 501 3117 alio
539 3074 739 3127 moveri3
766 3083 811 3117 et
836 3083 1020 3132 propter
1044 3073 1136 3117 hoc
1173 3072 1251 3117 illa
1278 3087 1394 3132 quae
1432 3072 1642 3117 videntur
1678 3087 1757 3130 per
1797 3086 1844 3116 se
1878 3073 2070 3127 moveri,

14 3199 15 3202 Ἰ
80 3147 306 3199 {quorum
331 3150 535 3184 motores
561 3139 726 3198 vulgus
742 3154 836 3184 non
855 3140 1061 3199 percipit,
1088 3154 1168 3199 per
1186 3139 1532 3184 similitudinem
1548 3139 1749 3183 dicimus
1766 3139 1934 3194 vivere,
1956 3142 2073 3185 sicut

13 3223 15 3226 ’
82 3199 278 3274 {aquam
301 3207 456 3251 vivam
479 3206 619 3251 fontis
655 3206 849 3261 fluentis,
876 3221 970 3251 non
997 3217 1151 3251 autem
1179 3208 1415 3262 cisternae,
1442 3206 1516 3251 vel
1552 3207 1702 3265 stagni
1733 3208 1905 3261 stantis,
1938 3217 1982 3252 et
2009 3221 2072 3252 ar-

79 3279 299 3338 gentum
322 3272 495 3327 vivum,
522 3272 645 3332 quod
671 3283 851 3319 motum
870 3274 1100 3333 quendam
1117 3274 1285 3318 habere
1302 3274 1492 3318 videtur.
1515 3274 1703 3332 Proprie
1730 3274 1852 3318 enirn
1877 3274 1956 3318 illa
1972 3274 2070 3319 sola

140 3353 206 3401 r
214 3353 264 3385 se
289 3343 545 3394 moventur,
582 3354 698 3400 quae
725 3350 915 3385 movent
940 3341 1087 3418 seipsa
1115 3341 1373 3400 composita
1401 3355 1454 3384 ex
1481 3350 1676 3395 motore‚
1715 3350 1759 3384 et
1784 3350 1929 3396 moto,
1956 3341 2072 3386 sicut

11 3452 14 3458 ,
199 3416 327 3462 nata,
352 3406 471 3451 unde
496 3406 612 3451 haec
637 3406 738 3452 sola
763 3407 945 3467 proprie
970 3408 1125 3452 vivere
1153 3407 1372 3461 dicimus;
1399 3406 1487 3451 alia
1513 3420 1622 3450 vero
1650 3407 1807 3451 omnia
1833 3408 1888 3451 ab
1917 3406 2069 3468 aliquo

12 3487 15 3507 ⁵
81 3472 322 3537 gexterion
346 3483 603 3528 moventur,
627 3473 702 3518 vel
727 3484 987 3533 generante,
1013 3473 1088 3518 vel
1113 3483 1379 3518 removente
1402 3473 1666 3533 prohibens,
1691 3473 1764 3518 vel
1788 3473 2070 3534 impellente,

12 3536 15 3538 ’
116 3540 287 3603 quia
312 3541 601 3602 operationes
627 3540 862 3586 sensibiles
888 3556 996 3586 cum
1022 3551 1152 3586 motu
1179 3551 1297 3597 sunt,
1323 3540 1509 3586 ulterius
1537 3555 1676 3586 omne
1702 3540 1812 3587 illud
1838 3542 1961 3602 quod
1978 3543 2071 3603 agit

156 3606 246 3654 'ad
269 3609 485 3668 proprias
499 3607 804 3668 operationes,
829 3609 1038 3668 quamvis
1063 3623 1156 3653 non
1183 3608 1240 3653 sit
1267 3622 1373 3652 cum
1400 3617 1544 3663 motu,
1571 3607 1735 3654 dicitur
1758 3609 1931 3655 vivere:
1949 3610 2069 3655 unde

248 3707 284 3743 S.
310 3708 464 3745 Tirone
491 3711 622 3746 Summa
648 3717 758 3745 contra
784 3710 940 3746 Gentiles.
1959 3715 1979 3747 8
