2332 3854
332 221 434 290 146
950 270 954 275 ,
1002 235 1157 273 LIBER
1194 235 1250 272 11.
1294 234 1412 274 CAP.
1454 234 1601 274 xxvr.

322 352 474 382 rerum
500 337 754 397 dispositio,
776 338 906 397 quasi
929 352 1024 382 non
1050 352 1133 382 suo
1161 337 1343 382 arbitrio
1369 337 1535 383 limitet
1559 338 1752 398 singula,
1770 348 1814 384 et
1829 340 2039 384 universa
2055 340 2280 399 disponat,

321 404 439 449 sicut
463 404 574 448 fides
609 404 834 450 catholica
866 405 1114 463 profitetur.

381 471 631 515 Sciendum
656 483 810 516 tamen
834 472 955 530 quod
983 471 1190 530 quamvis
1217 470 1394 516 divinus
1419 471 1675 517 intellectus
1701 472 1758 517 ad
1792 482 1939 517 certos
1972 471 2159 518 effectus
2183 487 2279 518 non

321 548 588 591 coarctetur,
615 539 709 596 ipse
735 549 890 600 tamen
917 538 1001 581 sibi
1026 538 1179 582 statuit
1206 538 1531 583 determinatos
1573 539 1775 593 effectus,
1816 554 1931 599 quos
1956 553 2036 598 per
2059 553 2191 584 suam
2215 554 2282 584 sa-

319 605 538 663 pientiam
565 605 769 648 ordinate
803 605 1037 663 producat,
1069 604 1187 648 sicut
1217 605 1348 664 (Sap.
1373 605 1453 651 XI.
1479 605 1573 663 21.)
1607 606 1794 651 dicitur:
1825 607 1986 652 Omnia
2016 608 2061 651 in
2091 621 2278 662 numero,

313 671 494 732 pondere
526 679 564 716 et
595 686 788 716 mensura
820 671 1069 730 disposuisti,
1102 672 1299 717 Domine.

1026 818 1282 875 CAPUT
1323 819 1560 876 XXVII.

481 954 639 1000 QUOD
682 953 872 992 DIVINA
911 954 1206 996 VOLUNTAS
1245 955 1319 994 AD
1362 956 1792 996 DETERMINATOS
1833 954 2113 997 EFFECTUS

1071 1030 1190 1070 NON
1213 1030 1528 1069 ARCTATUR.

405 1139 471 1183 Ex
496 1138 567 1183 his
601 1138 740 1183 etiam
768 1139 947 1183 ostendi
971 1149 1135 1198 potest,
1161 1139 1285 1199 quod
1311 1154 1395 1185 nec
1423 1142 1518 1199 ejus
1544 1139 1772 1194 voluntaS,
1812 1155 1893 1200 per
1917 1155 2057 1200 quam
2098 1141 2192 1200 agit
2222 1142 2279 1186 ad

318 1205 643 1250 determinatos
660 1205 863 1261 effectuS,
881 1207 1201 1250 necessitatem
1218 1207 1368 1251 habet.
1387 1199 1686 1252 Voluntatem
1712 1208 1837 1252 enim
1861 1222 1945 1253 suo
1972 1208 2154 1266 objecto
2180 1223 2282 1268 pro-

314 1273 622 1332 portionatam
648 1287 745 1317 esse
773 1283 966 1332 oportet.
987 1273 1236 1331 Objectum
1263 1284 1416 1318 autem
1437 1273 1684 1319 voluntatis
1703 1284 1770 1319 est
1788 1274 1963 1321 bonum
1979 1274 2279 1329 intellectum,

314 1350 363 1384 ut
388 1349 511 1399 patet
543 1355 598 1384 ex
624 1340 892 1399 supradictis
919 1340 1038 1399 (Lib.
1065 1341 1099 1385 Ι.
1134 1355 1171 1384 c.
1199 1340 1317 1399 72.);
1342 1340 1582 1386 voluntas
1571 1342 1708 1399 igitur
1725 1341 1780 1385 ad
1798 1340 2026 1400 quaelibet
2050 1355 2098 1387 se
2123 1351 2279 1401 parata
2316 1351 2318 1353 ’

314 1417 383 1452 est
408 1407 648 1451 extendere
675 1421 790 1465 quae
813 1408 855 1451 ei
880 1407 1139 1452 intellectus
1166 1408 1246 1452 sub
1274 1408 1450 1452 ratione
1475 1408 1585 1453 boni
1604 1422 1860 1467 proponere
1880 1418 2043 1467 potest.
2068 1408 2125 1452 Siss
2138 1409 2279 1467 igitur

314 1474 570 1519 intellectus
597 1474 774 1519 divinus
797 1475 853 1518 ad
876 1485 1024 1519 certos
1048 1474 1235 1520 effectus
1256 1489 1350 1519 non
1375 1485 1644 1530 coarctetur,
1668 1485 1718 1520 ut
1737 1484 1974 1521 ostensum
1995 1484 2065 1520 est
2088 1476 2150 1535 (c.
2169 1473 2281 1533 26.),

313 1542 580 1600 relinquitur
606 1542 728 1600 quod
761 1556 845 1586 nec
873 1542 1024 1586 divina
1064 1541 1277 1586 voluntas
1318 1542 1645 1588 determinatos
1687 1542 1873 1588 effectus
1913 1556 1969 1588 ex
2007 1543 2278 1591 necessitate

346 1609 538 1653 roducit.

314 1624 341 1668 p
401 1676 666 1720 Praeterea·
699 1675 815 1720 nihil
847 1690 987 1735 agens
1027 1690 1108 1735 per
1147 1675 1434 1720 voluntatem
1477 1676 1688 1735 producit
1728 1675 1899 1736 aliquid
1928 1690 2023 1722 non
2061 1675 2277 1724 volendo.

316 1743 568 1788 Ostensum
595 1753 747 1788 autem
774 1752 841 1787 est
865 1757 1000 1802 supra
1027 1743 1147 1801 (Lib.
1175 1743 1207 1786 I.
1244 1758 1280 1787 c.
1309 1743 1359 1786 81
1369 1743 1417 1799 .)‚
1451 1744 1573 1801 quod
1600 1744 1727 1788 Deus
1753 1744 1875 1789 circa
1901 1743 1990 1788 alia
2022 1758 2047 1788 a
2072 1756 2141 1796 se,
2162 1741 2278 1791 nihil

311 1811 408 1854 vult
424 1825 477 1855 ex
494 1811 764 1855 necessitate
784 1810 1004 1854 absoluta.
1026 1811 1134 1853 Non
1156 1810 1293 1868 igitur
1311 1825 1364 1854 ex
1380 1811 1650 1855 necessitate
1669 1811 1852 1856 divinae
1865 1810 2113 1857 voluntatis
2137 1809 2277 1870 aliqui

313 1878 500 1923 effectus
527 1877 795 1938 procedunt,
822 1879 901 1922 sed
928 1892 982 1922 ex
1009 1878 1107 1935 ejus
1131 1877 1272 1921 libera
1304 1877 1616 1936 dispositione.

1015 2032 1271 2089 CAPUT
1311 2033 1579 2088 XXVIII.

314 2169 592 2215 QUALITER
616 2169 673 2209 IN
700 2169 883 2208 RERUM
909 2169 1310 2209 PRODUCTIONE
1338 2169 1588 2207 DEBITUM
1606 2168 1890 2223 JUSTITIAE
1918 2168 2273 2209 mvENtATUR.

401 2279 659 2324 Ostendere
687 2288 840 2322 autem
874 2293 927 2322 ex
953 2278 1195 2337 praedictis
1231 2287 1414 2336 oportet
1454 2278 1577 2337 quod
1618 2278 1744 2323 Deus
1784 2291 1879 2322 non
1911 2292 1964 2323 ex
2004 2278 2275 2328 necessitate

311 2356 522 2405 operatus
540 2356 607 2391 est
632 2346 678 2390 in
703 2359 856 2390 rerum
884 2346 1129 2399 creatione,
1157 2347 1286 2404 quasi
1312 2361 1366 2390 ex
1392 2346 1544 2390 debito
1570 2346 1767 2404 justitiae
1785 2345 1920 2390 resin
1937 2359 2035 2390 esse
2057 2346 2280 2405 produxe-

308 2415 378 2458 rit.
401 2414 579 2472 Justitia
605 2414 727 2457 enirn
754 2413 1008 2457 secundum
1048 2412 1401 2472 Philosophum,
1441 2414 1488 2457 in
1515 2414 1673 2472 quinto
1700 2412 1847 2457 Ethic.
1875 2413 1937 2471 (c.
1969 2412 2044 2470 32.),
2076 2412 2136 2459 ad
2170 2413 2277 2459 alte-

310 2496 410 2525 rum
439 2490 520 2535 est,
548 2480 622 2525 cui
647 2480 849 2524 debitum
875 2480 1032 2524 reddit.
1051 2480 1178 2524 Nihil
1207 2490 1359 2524 autem
1385 2480 1631 2525 universali
1656 2494 1808 2524 rerum
1830 2480 2122 2539 productioni
2146 2494 2272 2540 prae·

310 2548 591 2607 supponitur,
620 2548 693 2591 cui
721 2546 889 2605 aliquid
922 2547 1150 2591 debeatur.
1187 2548 1292 2605 Ipsa
1318 2547 1455 2606 igitur
1480 2547 1748 2591 universalis
1773 2561 1927 2591 rerum
1952 2547 2195 2606 productio
2218 2561 2277 2592 ex

309 2616 462 2661 debito
494 2615 689 2673 justitiae
716 2614 957 2691 provenire
983 2628 1077 2658 non
1105 2615 1263 2673 potuit.

398 2684 538 2727 Item.
567 2696 673 2725 cum
699 2681 894 2740 justitiae
923 2691 1048 2726 actus
1075 2682 1132 2725 sit
1156 2682 1343 2725 reddere
1385 2681 1628 2740 unicuique
1669 2682 1791 2740 quod
1831 2668 1967 2726 suum
2007 2690 2090 2735 est,
2121 2690 2275 2731 actum
2320 2681 2324 2685 ’

307 2750 502 2809 justitiae
529 2749 759 2807 praecedit
786 2758 910 2792 actus
944 2763 1034 2807 quo
1069 2749 1236 2808 aliquid
1274 2748 1464 2806 alicujus
1506 2763 1639 2793 suum
1680 2747 1885 2802 efficitur,
1927 2747 2046 2794 sicut
2067 2749 2117 2796 in
2141 2749 2283 2800 rebus,

308 2818 520 2861 humanis
548 2826 692 2875 patet:
722 2814 883 2874 aliquis
912 2816 1035 2859 enim
1067 2816 1318 2860 laborando
1347 2826 1545 2861 meretur
1572 2830 1705 2860 suum
1732 2815 1850 2860 effici
1875 2815 1998 2875 quod
2033 2816 2275 2861 retributor

308 2898 386 2942 per
413 2895 566 2928 actum
593 2883 790 2942 justitiae
818 2883 900 2940 sibi
927 2883 1085 2928 reddit.
1114 2883 1196 2927 Ille
1222 2884 1360 2941 igitur
1393 2896 1519 2928 actus
1546 2898 1637 2942 quo
1665 2883 1814 2942 primo
1841 2882 2012 2942 aliquid
2037 2896 2173 2932 suum
2199 2882 2277 2929 ali-

309 2953 435 3027 cujus
462 2950 667 3004 efficitur,
698 2964 792 2994 non
824 2960 975 3008 potest
998 2965 1095 2995 esse
1125 2961 1249 2995 actus
1276 2951 1486 3009 justitiae.
1513 2951 1603 2995 Sed
1626 2965 1706 3010 per
1728 2950 2009 2996 creationem
2030 2964 2101 2995 res
2123 2960 2274 2998 creata

306 3020 455 3078 primo
482 3018 642 3077 incipit
675 3016 843 3076 aliquid
885 3031 1018 3061 suum
1059 3018 1255 3072 habere;
1297 3032 1391 3062 non
1423 3018 1559 3076 igitur
1591 3031 1746 3062 creare
1787 3029 1843 3061 ex
1882 3016 2037 3062 debito
2076 3017 2274 3076 iustitiae
2324 3036 2332 3051 ³

295 3085 525 3145 procedit.

396 3155 660 3198 Praeterea:
688 3151 839 3196 nullus
874 3152 1006 3197 debet
1034 3152 1203 3212 aliquid
1233 3152 1376 3206 alteri,
1403 3152 1491 3196 nisi
1522 3165 1601 3211 per
1627 3152 1718 3196 hoc
1746 3151 1870 3211 quod
1911 3150 2166 3211 aliqualiter
2200 3150 2276 3197 de·
2316 3162 2324 3164 ”

307 3221 475 3279 pendet
516 3221 568 3264 ab
611 3221 725 3296 ipso,
751 3218 826 3263 vel
853 3219 1021 3278 aliquid
1045 3220 1209 3278 accipit
1235 3219 1287 3262 ab
1317 3234 1387 3273 eo,
1412 3219 1487 3263 vel
1514 3219 1566 3262 ab
1596 3218 1754 3273 altero,
1784 3219 1962 3265 ratione
1987 3219 2116 3277 cuius
2144 3217 2274 3268 alteri
2308 3286 2311 3287 ⁷

308 3288 461 3332 debet:
490 3288 553 3332 sic
582 3288 705 3332 enim
733 3285 848 3330 filius
877 3297 945 3331 est
971 3286 1146 3330 debitor
1171 3286 1300 3345 patri,
1324 3287 1428 3345 quia
1452 3287 1617 3345 accipit
1642 3300 1741 3331 esse
1767 3285 1823 3331 ab
1850 3299 1932 3340 θος
1958 3285 2172 3333 dominus
2192 3285 2276 3334 mi-

306 3355 463 3408 nistro,
491 3355 595 3413 quia
624 3354 675 3397 ab
705 3368 760 3397 eo
789 3353 953 3411 accipit
987 3353 1258 3397 famulatum
1292 3368 1383 3412 quo
1426 3353 1623 3412 indiget,
1665 3352 1817 3398 omnis
1858 3352 2005 3401 horno
2045 3351 2274 3411 proximo,
2328 3387 2332 3411 ;

306 3431 489 3480 propter
514 3422 681 3474 Deum,
711 3435 735 3464 a
762 3435 853 3480 quo
881 3421 1002 3464 bona
1030 3431 1193 3464 cuncta
1220 3420 1519 3478 suscepimus,
1547 3420 1639 3464 Sed
1663 3420 1790 3467 Deus
1817 3433 1845 3466 a
1872 3417 2003 3465 nullo
2024 3418 2272 3478 dependet,

305 3503 388 3532 nec
415 3488 589 3546 indiget
616 3488 769 3546 aliquo
798 3487 920 3546 quod
949 3487 1002 3531 ab
1032 3486 1174 3532 altero
1201 3487 1430 3545 suscipiat,
1454 3497 1501 3531 ut
1523 3501 1576 3532 ex
1602 3486 1847 3546 praedictis
1860 3484 1982 3546 (Lib.
1999 3485 2032 3532 1.
2052 3499 2092 3531 c
2104 3497 2177 3545 13.
2186 3485 2282 3536 38..
2323 3505 2332 3532 ε

2292 3537 2332 3854 Ι

304 3564 348 3600 et
375 3555 476 3611 ult.)
503 3553 742 3600 manifeste
776 3563 973 3614 apparet.
1001 3554 1127 3599 Deus
1154 3554 1291 3613 igitur
1321 3567 1414 3598 non
1442 3554 1652 3613 producit
1692 3566 1763 3599 res
1794 3553 1843 3599 in
1881 3564 1979 3601 esse
2021 3564 2077 3597 ex'
2111 3550 2270 3612 ailquo

308 3621 504 3682 justitiae
530 3620 696 3666 debito.

2323 3470 2332 3501 ⁸
