2332 3854
274 225 374 279 190
965 226 1119 263 LIBER
1159 225 1215 262 11.
1260 224 1378 263 CAP.
1421 225 1507 263 Lv.

268 342 292 371 a
316 342 507 387 corpore
535 328 854 388 dependentes.
874 328 995 387 Ergo
1017 342 1165 387 neque
1182 341 1262 387 per
1279 342 1342 383 se,
1359 342 1507 389 neque
1524 343 1605 389 per
1621 330 1833 375 accidens
1857 339 2219 389 corrumpuntur.

268 395 385 439 Sunt
405 395 542 454 igitur
568 396 759 440 omnino
785 394 1162 454 incorruptibiles.
1362 410 1370 414 ’

354 463 497 506 Item:
527 477 666 507 omne
693 463 815 522 quod
843 462 1161 519 corrumpitur,
1190 464 1494 523 corrumpitur
1530 478 1611 523 per
1636 465 1726 509 hoc
1761 465 1883 523 quod
1915 464 2084 523 aliquid
2115 465 2224 524 pati·

265 538 360 583 tur;
387 543 495 572 nam
521 539 565 573 et
596 530 744 588 ipsum
772 530 1003 587 corrumpi
1031 538 1098 573 est
1130 529 1362 587 quoddam
1393 531 1498 588 pati.
1525 530 1665 576 Nulla
1696 541 1850 575 autem
1881 531 2131 576 substantia
2151 531 2223 576 *in-

264 595 534 640 tellectualis
560 606 709 655 potest
733 596 827 655 pati
852 594 930 639 tali
962 597 1174 653 passione
1206 610 1322 655 quae
1349 597 1486 641 ducat
1511 597 1566 642 ad
1593 598 1960 656 corruptionem:
1987 611 2097 642 nam
2126 598 2223 658 pati

263 663 464 722 recipere
482 662 713 721 quoddam
732 672 821 706 est:
846 663 966 720 quod
987 671 1140 706 autem
1157 663 1372 722 recipitur
1387 664 1434 707 in
1451 665 1700 708 substantia
1717 664 2026 718 intellectuali,
2043 671 2226 724 oportet

264 730 386 788 quod
412 730 655 788 recipiatur
680 729 727 772 in
761 743 815 772 eo
843 743 923 787 per
955 729 1147 773 modum
1173 730 1328 789 ipsius,
1361 731 1535 775 scilicet
1561 730 1928 790 intelligibiliter:
1962 731 2086 791 quod
2109 744 2221 776 vero

263 797 327 840 sic
353 797 400 839 in
426 796 674 840 substantia
700 795 997 840 intellectuali
1022 796 1248 855 recipitur,
1272 806 1339 842 est
1354 797 1592 856 perficiens
1619 798 1918 843 substantiam
1938 797 2221 843 intellectua-

264 863 354 907 lem
379 873 422 906 et
438 877 531 905 non
551 876 847 920 corrumpens
869 876 994 906 eam:
1021 863 1306 922 intelligibile
1326 864 1449 908 enirn
1468 874 1535 909 est
1550 864 1767 924 perfectio
1784 863 2094 924 intelligentis.
2112 864 2223 910 sub-

262 930 425 973 stantia
449 930 584 987 igitur
607 929 866 988 intelligens
893 939 960 974 est
980 930 1348 988 incorruptibilis.

351 996 616 1039 Praeterea:
645 996 761 1040 sicut
792 995 1008 1041 sensibile
1036 1007 1104 1041 est
1130 997 1360 1056 objectum
1386 1012 1560 1052 sensus,
1590 997 1654 1043 ita
1685 997 1970 1058 intelligibile
2002 1008 2071 1044 est
2102 998 2223 1058 obje-

264 1056 690 1107 ctumfflintellectus.
733 1063 902 1107 Sensus
937 1073 1090 1108 autem
1126 1065 1308 1123 propria
1345 1067 1639 1124 corruptione
1665 1079 1759 1109 non
1797 1066 2102 1125 corrumpitur
2133 1065 2222 1109 nisi

262 1140 444 1189 propter
470 1129 787 1174 excellentiam
823 1130 894 1174 sui
920 1130 1110 1188 objecti;
1144 1131 1261 1175 sicut
1295 1131 1418 1175 visus
1456 1146 1481 1175 a
1517 1132 1649 1175 valde
1679 1131 1879 1190 fulgidis,
1906 1141 1950 1176 et
1984 1131 2163 1176 auditus
2195 1145 2222 1175 a

260 1198 449 1242 fortibus
476 1198 615 1251 sonis,
649 1207 693 1241 et
718 1198 783 1242 sic
817 1198 873 1241 de
900 1197 1012 1242 aliis.
1039 1197 1159 1242 Dico
1186 1207 1342 1242 autem
1373 1198 1556 1257 propria
1589 1199 1897 1257 corruptione,
1923 1198 2030 1258 quia
2060 1211 2220 1243 sensus

262 1266 567 1325 corrumpitur
593 1265 732 1310 etiam
764 1279 845 1324 per
877 1265 1089 1310 accidens
1126 1276 1310 1324 propter
1345 1267 1686 1324 corruptionem
1712 1266 1927 1325 subiecti3
1959 1265 2038 1326 qui
2065 1274 2222 1311 tamen

262 1333 427 1377 modus
455 1333 761 1392 corruptionis
792 1347 887 1377 non
912 1342 1064 1392 potest
1096 1333 1304 1378 accidere
1337 1332 1603 1387 intellectui,
1636 1347 1743 1377 cum
1768 1346 1863 1377 non
1889 1335 1947 1378 sit
1973 1342 2100 1378 actus
2126 1347 2223 1377 cor-

260 1400 382 1458 poris
408 1399 558 1454 ullius,
576 1401 704 1459 quasi
723 1414 749 1444 a
777 1413 968 1458 corpore
989 1399 1265 1458 dependens,
1291 1409 1341 1444 ut
1366 1414 1502 1459 supra
1529 1401 1587 1458 (c.
1607 1400 1702 1459 49.)
1729 1409 1965 1444 ostensum
1991 1410 2071 1444 est.
2089 1400 2221 1444 Patet

261 1478 413 1512 autem
440 1467 562 1526 quod
588 1481 675 1512 nec
703 1467 1009 1527 corrumpitur
1030 1481 1111 1526 per
1127 1466 1446 1511 excellentiam
1473 1467 1543 1511 sui
1568 1467 1750 1525 objecti,
1777 1466 1884 1526 quia
1909 1466 1988 1526 qui
2006 1465 2222 1525 intelligit
2289 1491 2292 1494 ·

260 1534 392 1579 valde
424 1533 742 1593 intelligibilia,
767 1548 862 1578 non
898 1536 1050 1578 minus
1086 1533 1299 1593 intelligit
1330 1533 1480 1578 minus
1507 1532 1825 1592 intelligibilia,
1850 1533 1930 1578 sed
1965 1533 2129 1593 magis.
2154 1533 2222 1578 In-

259 1601 467 1646 tellectus
494 1602 630 1660 igitur
655 1601 783 1646 nullo
810 1594 951 1646 modo
981 1610 1047 1646 est
1073 1601 1391 1660 corruptibilis.

348 1668 584 1728 Amplius:
623 1668 909 1728 intelligibile
936 1678 1003 1712 est
1035 1670 1216 1728 propria
1247 1668 1465 1727 perfectio
1498 1667 1780 1712 intellectus:
1808 1667 1928 1712 unde
1959 1667 2216 1713 intellectus

259 1736 306 1780 in
333 1746 450 1790 actu,
473 1746 518 1780 et
542 1735 826 1795 intelligibile
853 1737 899 1780 in
922 1745 1039 1789 actu,
1062 1745 1166 1779 sunt
1187 1749 1344 1779 unum.
1371 1735 1511 1787 Quod
1537 1735 1674 1794 igitur
1696 1734 1910 1779 convenit
1930 1734 2220 1794 intelligibili,

259 1804 306 1847 in
333 1814 553 1862 quantum
577 1813 644 1848 est
668 1803 968 1862 intelligibile,
997 1812 1177 1862 oportet
1204 1803 1448 1847 convenire
1475 1801 1727 1846 intellectui
1751 1802 1798 1845 in
1825 1810 2046 1861 quantum
2067 1803 2233 1861 hujus>

261 1870 416 1925 modi;
442 1871 549 1930 quia
579 1870 797 1930 perfectio
826 1880 871 1914 et
903 1869 1183 1928 perfectibile
1209 1879 1314 1913 sunt
1346 1869 1479 1913 unius
1506 1869 1696 1927 generis.
1724 1868 2015 1926 Intelligibile
2049 1878 2219 1923 autem,

259 1938 305 1981 in
339 1948 559 1996 quantum
596 1947 663 1981 est
693 1936 991 1995 intelligibile,
1027 1947 1094 1980 est
1133 1937 1444 1980 necessarium
1481 1946 1525 1980 et
1555 1935 1923 1994 incorruptibile:
1960 1936 2218 1981 necessaria

261 2005 383 2048 enim
411 2004 610 2062 perfecte
642 2014 746 2048 sunt
775 2003 1009 2048 intellectu
1045 2004 1398 2062 cognoscibilia3
1435 2002 1745 2061 contingentia
1775 2016 1901 2056 vero,
1926 2002 1973 2046 in
1999 2012 2222 2062 quantum

259 2072 535 2129 hujusmodi,
558 2086 652 2116 non
678 2071 766 2115 nisi
792 2070 1076 2115 deficienter:
1101 2070 1293 2114 habetur
1311 2071 1434 2114 enim
1458 2070 1512 2114 de
1531 2070 1595 2114 eis
1611 2084 1705 2113 non
1723 2069 1926 2123 scientia,
1943 2069 2023 2113 sed
2046 2069 2217 2129 opinio.

260 2139 393 2183 Unde
421 2149 465 2182 et
491 2138 852 2197 corruptibilium
880 2137 1137 2182 intellectus
1163 2138 1403 2182 scientiam
1428 2137 1568 2182 habet
1600 2136 1852 2181 secundum
1878 2136 2001 2196 quod
2027 2146 2133 2182 sunt
2155 2137 2219 2180 in-

260 2206 593 2265 corruptibilia3
619 2207 666 2250 in
694 2215 915 2264 quantum
933 2205 1106 2250 scilicet
1125 2215 1229 2249 sunt
1254 2204 1539 2249 universalia.
1561 2204 1759 2262 Oportet
1773 2204 1911 2263 igitur
1931 2203 2215 2249 intellectum

259 2287 357 2318 esse
388 2272 795 2332 incorruptibilem.

348 2340 539 2385 Adhuc:
566 2339 924 2398 unumquodque
952 2338 1180 2398 perficitur
1212 2337 1465 2383 secundum
1491 2338 1683 2382 modum
1708 2352 1817 2382 suae
1839 2337 2129 2383 substantiae.
2149 2337 2217 2382 Ex

259 2407 400 2450 modo
427 2407 562 2466 igitur
587 2406 882 2466 perfectionis
910 2405 1101 2463 alicujus
1126 2405 1193 2449 rei
1218 2414 1368 2463 potest
1395 2406 1540 2464 accipi
1572 2405 1737 2449 modus
1763 2405 2042 2450 substantiae
2062 2405 2219 2465 ipsius.

257 2473 518 2518 Intellectus
538 2483 690 2517 autem
709 2487 803 2516 non
820 2472 1050 2531 perficitur
1061 2486 1140 2532 per
1158 2482 1351 2526 motum,
1369 2472 1448 2516 sed
1466 2486 1546 2531 per
1563 2472 1653 2517 hoc
1672 2472 1794 2531 quod
1813 2482 1882 2516 est
1897 2482 2023 2517 extra
2036 2482 2220 2517 motum

260 2541 492 2585 exsistens.
519 2540 754 2585 Perficitur
790 2540 913 2584 enim
948 2540 1198 2583 secundum
1231 2539 1560 2583 intellectivam
1598 2538 1800 2582 animam
1830 2539 2021 2583 scientia
2053 2547 2098 2584 et
2121 2553 2222 2598 pru·

260 2609 426 2662 dentia,
463 2608 630 2653 sedatis
671 2606 1094 2667 permutationibus,
1137 2616 1182 2651 et
1214 2605 1525 2665 corporalibus
1559 2616 1603 2650 et
1639 2606 1818 2649 animae
1856 2605 2136 2665 passionum,
2172 2616 2222 2651 ut

259 2685 382 2734 patet
407 2689 486 2733 per
510 2673 847 2734 Philosophum
873 2674 919 2717 in
947 2675 1143 2733 septimo
1169 2673 1307 2732 Phys.
1331 2674 1383 2732 (t.
1404 2688 1442 2718 c.
1466 2673 1572 2730 20.).
1589 2673 1762 2717 Modus
1785 2673 1921 2732 igitur
1942 2672 2221 2718 substantiae

258 2742 551 2802 intelligentis
577 2752 658 2797 est,
690 2741 812 2801 quod
840 2755 938 2786 esse
964 2755 1099 2785 suum
1121 2742 1178 2785 sit
1202 2755 1337 2799 supra
1360 2750 1554 2795 motum,
1588 2746 1742 2799 et‘per
1769 2754 2052 2800 consequens
2085 2742 2219 2799 sup'ra

257 2820 449 2868 tempus.
478 2809 588 2854 Esse
621 2819 774 2853 autem
807 2808 1046 2867 cujuslibet
1072 2809 1137 2852 rei
1165 2808 1467 2867 corruptibilis
1499 2808 1702 2866 subJacet
1734 2807 1896 2862 motui,
1930 2817 1976 2852 et
2007 2808 2219 2868 tempori.

259 2876 545 2936 Impossibile
572 2886 638 2921 est
662 2876 799 2935 igitur
825 2876 1122 2920 substantiam
1148 2875 1481 2934 intelligentem
1505 2889 1603 2920 esse
1631 2873 1983 2934 corruptibilem.

347 2945 612 2988 Praeterea:
646 2937 928 3002 impossibile
962 2953 1028 2987 est
1054 2942 1258 2987 naturale
1290 2943 1565 2987 desiderium
1593 2955 1691 2987 esse
1722 2941 1882 2986 inane:
1908 2947 2071 2986 natura
2093 2941 2218 2987 enim

258 3011 373 3056 nihil
399 3011 508 3055 facit
532 3010 710 3055 frustra.
739 3010 829 3054 Sed
857 3009 1092 3069 quodlibet
1116 3009 1375 3068 intelligens
1402 3009 1668 3053 naturaliter
1698 3009 1924 3054 desiderat
1948 3022 2046 3054 esse
2068 3023 2221 3070 perpe-

259 3090 403 3133 tuum,
430 3093 525 3122 non
552 3077 703 3122 solum
735 3087 784 3121 ut
809 3087 1100 3136 perpetuetur
1126 3091 1223 3121 esse
1251 3077 1504 3121 secundum
1541 3077 1758 3135 speciem,
1787 3076 1867 3120 sed
1894 3076 2032 3121 etiam
2064 3076 2221 3121 indivi-

259 3147 427 3191 duum:
456 3146 580 3205 quod
602 3146 666 3190 sic
694 3155 830 3204 patet.
853 3143 1082 3189 Naturalis
1107 3144 1230 3187 enim
1258 3144 1478 3203 appetitus
1509 3143 1781 3202 quibusdam
1805 3143 1996 3203 quidem
2021 3143 2139 3188 inest
2161 3158 2220 3188 ex

259 3213 635 3273 apprehensione,
678 3213 795 3256 sicut
841 3211 973 3270 lupus
1021 3210 1287 3255 naturaliter
1336 3210 1562 3255 desiderat
1604 3211 1887 3255 occisionem
1935 3209 2219 3264 animalium,

260 3282 314 3325 de
347 3282 509 3340 quibus
546 3280 765 3339 pascitur,
803 3288 847 3323 et
882 3279 1026 3322 homo
1063 3277 1326 3322 naturaliter
1358 3278 1580 3322 desiderat
1617 3277 1906 3332 felicitatem;
1945 3277 2218 3338 quibusdam

257 3363 366 3392 vero
396 3350 562 3406 absque
583 3346 946 3406 apprehensione
973 3360 1026 3389 ex
1053 3345 1149 3389 sola
1167 3345 1463 3390 inclinatione
1486 3345 1760 3390 naturalium
1783 3345 2128 3405 principiorum,
2142 3345 2220 3405 qui

258 3415 474 3459 naturalis
503 3415 726 3474 appetitus
754 3415 798 3457 in
826 3412 1095 3472 quibusdam
1124 3412 1299 3466 dicitur,
1332 3412 1449 3456 sicut
1480 3426 1618 3471 grave
1651 3412 1821 3472 appetit
1852 3424 1951 3457 esse
1977 3412 2219 3467 deorsum;

260 3492 451 3540 utroque
480 3492 630 3525 autem
658 3481 800 3525 modo
828 3481 947 3524 inest
971 3479 1102 3524 rebus
1129 3478 1333 3523 naturale
1361 3479 1634 3523 desiderium
1664 3479 1856 3533 essendi,
1883 3479 2012 3538 cuius
2033 3478 2218 3538 signum

261 3558 341 3603 est,
369 3549 473 3607 quia
501 3559 544 3592 et
570 3563 624 3593 ea
651 3563 766 3607 quae
800 3546 1065 3607 cognitione
1093 3556 1248 3590 carent
1279 3546 1492 3590 resistunt
1533 3544 1928 3606 corrumpentibus
1961 3544 2218 3590 secundum

260 3618 473 3660 virtutem
499 3630 687 3661 suorum
714 3615 1043 3675 principiorum
1085 3612 1375 3668 naturalium,
1402 3624 1446 3658 et
1471 3628 1525 3658 ea
1557 3627 1672 3673 quae
1706 3612 2021 3673 cognitionem
2049 3612 2220 3658 habent
