2332 3854
261 222 369 292 386
922 232 1077 274 tumn
1116 231 1192 273 111.
1235 230 1361 274 clap:
1396 230 1557 274 ants

258 339 400 398 Igitur
424 338 572 383 forma
599 338 904 383 substantialis
931 336 1188 394 generantis
1220 345 1288 380 est
1321 332 1593 395 principium
1619 334 1829 392 actionis,
1855 347 1905 382 ut
1935 335 2085 382 forma
2109 337 2215 383 sub-

260 406 481 450 stantialis
508 406 820 449 introducatur
845 404 891 446 in
914 413 1194 461 generatum.

352 472 572 516 Rationes
596 482 747 515 autern
771 484 881 528 quas
907 469 1139 522 inducunt,
1165 467 1298 512 facile
1324 478 1393 513 est
1417 468 1610 514 solvere.
1638 470 1760 515 Cum
1787 471 1910 515 enim
1943 470 1999 514 ad
2019 470 2112 515 hoc
2139 437 2216 522 ali-

262 538 369 598 quid
402 539 479 582 fiat
510 548 558 581 ut
576 538 645 590 sit,
672 537 788 580 sicut
804 535 953 580 forma
978 549 1072 579 non
1099 535 1262 579 dicitur
1279 549 1373 590 ens,
1399 536 1528 594 quasi
1559 536 1656 595 ipsa
1681 537 1848 581 habeat
1873 551 1994 591 esse,
2012 536 2091 582 sed
2108 538 2215 597 quis

260 619 339 664 per
373 620 474 649 eam
503 603 811 661 compositum
840 611 920 656 est,
952 602 1015 645 ita
1039 616 1124 646 nec
1150 601 1300 646 forma
1330 604 1510 678 proprie
1536 603 1598 656 fit,
1626 603 1704 646 sed
1725 603 1883 663 incipit
1907 617 2005 648 esse
2026 617 2107 663 per
2121 603 2213 650 hoc-

261 671 382 730 quod
411 670 719 727 compositum
752 669 808 712 sit
833 669 1071 712 reductum
1097 668 1152 712 de
1178 670 1379 727 potentia
1405 669 1451 712 in
1479 679 1646 723 actum,
1679 683 1794 728 quae
1821 680 1889 715 est
1918 666 2098 715 forma

348 738 445 781 Nec
474 737 612 779 etiam
639 744 820 794 oportet
844 745 893 778 ut
919 748 1057 779 omne
1094 734 1216 793 quod
1246 735 1384 779 habet
1420 734 1619 795 aliquam
1650 735 1850 780 formam
1881 737 2010 796 quasi
2040 734 2216 797 partici-

260 814 429 863 patam,
456 803 644 860 recipiat
670 816 773 845 eam
798 801 1064 845 immediate
1091 802 1144 845 ab
1174 815 1230 851 eo
1256 801 1378 861 quod
1405 812 1472 846 est
1513 801 1810 847 essentialiter
1834 799 2007 859 forma,
2024 802 2103 848 sed
2135 803 2215 848 im-

262 870 457 913 mediate
484 869 668 927 quidem
696 868 750 911 ab
779 867 869 911 alio
897 868 1019 926 quod
1051 868 1188 912 habet
1218 868 1416 912 similem
1442 868 1656 924 formam,
1683 868 1822 913 simili
1851 867 2011 925 modo,
2039 866 2215 915 scilicet

259 937 588 995 participatam,
617 934 738 994 quod
771 947 926 978 tamen
954 944 1059 994 agat
1074 935 1121 978 in
1153 929 1317 979 virtute
1342 934 1462 979 illius
1494 935 1672 980 formae
1705 945 1954 994 separatae,
1980 937 2020 982 si
2051 937 2215 996 quasit

259 1003 374 1047 talis.
400 1002 475 1045 Sic
503 1002 625 1045 enim
659 1015 797 1059 agens
832 1001 1029 1045 similem
1056 1000 1271 1045 effectum
1298 1001 1382 1045 sibi
1407 1002 1631 1059 producit.

352 1067 570 1111 Similiter
593 1070 727 1111 etiam
746 1081 831 1112 nec
860 1077 1053 1126 oportet,
1081 1067 1202 1126 quod
1228 1068 1336 1126 quia
1353 1070 1501 1112 omnis
1531 1069 1650 1112 actio
1673 1068 1941 1113 inferiorum
1966 1082 2214 1128 corporum

260 1135 316 1179 sit
348 1149 426 1194 per
451 1134 690 1193 qualitates
717 1135 886 1178 activas
921 1143 965 1178 et
990 1134 1205 1192 passivas,
1233 1147 1348 1192 quae
1381 1144 1484 1178 sunt
1506 1135 1772 1189 accidentia,
1788 1136 1913 1195 quod
1938 1149 2033 1180 non
2052 1135 2216 1195 produ-

262 1213 387 1245 catur
420 1215 472 1245 ex
500 1201 679 1244 actione
707 1214 864 1244 earum
900 1201 987 1244 nisi
1022 1200 1248 1254 accidens,
1286 1200 1391 1259 quia
1416 1200 1522 1245 illae
1554 1201 1731 1245 formae
1765 1201 2070 1247 accidentales
2099 1202 2216 1247 sicut

261 1278 503 1312 causantur
530 1283 555 1311 a
586 1267 735 1311 forma
762 1266 1061 1321 substantiali,
1090 1282 1205 1325 quae
1237 1267 1374 1311 simul
1401 1281 1506 1311 cum
1534 1268 1724 1312 materia
1747 1278 1814 1312 est
1839 1282 1978 1313 causa
2004 1268 2215 1331 omnium

259 1335 548 1394 propriorum
577 1334 897 1388 accidentium,
923 1334 985 1378 ita
1019 1344 1158 1392 agunt
1188 1334 1350 1377 virtute
1377 1333 1552 1377 formae
1572 1334 1892 1389 substantialis,
1913 1335 2036 1394 quod
2055 1345 2215 1380 autem
2259 1365 2265 1370 -

260 1402 353 1460 agit
377 1402 423 1444 in
442 1401 603 1444 virtute
627 1400 823 1454 alterius,
850 1401 1060 1460 producit
1079 1400 1292 1444 effectum
1318 1399 1516 1444 similem
1543 1414 1638 1444 non
1655 1401 1740 1444 sibi
1764 1410 1957 1456 tantum,
1973 1401 2052 1448 sed
2068 1401 2215 1461 magis

260 1469 301 1511 ei
327 1468 374 1510 in
409 1469 535 1525 cujus
568 1469 731 1510 virtute
767 1468 877 1525 agit;
906 1468 1022 1511 sicut
1048 1481 1102 1510 ex
1129 1467 1309 1510 actione
1341 1466 1635 1511 instrumenti
1663 1467 1713 1510 fit
1741 1467 1790 1511 in
1823 1467 2060 1512 artificiato
2091 1467 2217 1512 simi-

259 1534 403 1588 litudo
429 1533 605 1578 formae
635 1534 765 1587 artis3
793 1548 846 1577 ex
873 1548 963 1592 quo
991 1534 1192 1592 sequitur
1214 1533 1335 1591 quod
1373 1547 1426 1576 ex
1463 1533 1643 1578 actione
1679 1532 1932 1578 formarum
1965 1534 2218 1579 accidenta-

259 1600 374 1644 lium
395 1600 704 1659 producantur
729 1599 905 1644 formae
922 1599 1238 1644 substantiales
1263 1600 1310 1643 in
1333 1610 1552 1658 quantum
1581 1595 1720 1658 agunt
1745 1600 2149 1647 instrumentaliter
2165 1601 2215 1649 in

258 1668 422 1711 virtute
448 1666 810 1711 substantialium
837 1666 1103 1711 formarum.

347 1735 398 1778 In
436 1734 705 1778 animalibus
747 1748 872 1787 vero,
910 1748 1025 1792 quae
1065 1747 1118 1776 ex
1145 1731 1473 1790 putrefactione
1506 1743 1794 1791 generantur,
1822 1742 2033 1779 causatur
2063 1733 2221 1779 forma

259 1801 563 1846 substantialis
591 1815 644 1844 ex
671 1810 833 1859 agente
868 1799 1109 1858 corporali,
1137 1798 1310 1843 scilicet
1336 1813 1527 1857 corpore
1555 1799 1756 1855 coelesti,
1774 1801 1895 1859 quod
1923 1809 1991 1845 est
2014 1801 2214 1859 primum

259 1868 468 1912 alterans.
497 1867 630 1925 Unde
658 1876 837 1926 oportet
855 1867 977 1925 quod
1004 1866 1161 1910 omnia
1187 1867 1420 1909 moventia
1443 1865 1495 1908 ad
1520 1865 1718 1909 formam
1744 1866 1791 1910 in
1815 1867 1912 1911 istis
1929 1866 2214 1912 inferioribus

259 1945 397 1993 agant
421 1935 467 1977 in
498 1935 661 1977 virtute
693 1933 829 1986 illius,
857 1943 900 1976 et
925 1942 1108 1990 propter
1124 1932 1214 1976 hoc
1234 1931 1289 1974 ad
1316 1932 1632 1990 producendas
1659 1932 1833 1991 aliquas
1857 1932 2031 1979 formas
2050 1934 2214 1994 ‘imper-

257 2001 400 2046 fectas
433 2000 598 2044 sufficit
612 2002 752 2043 virtus
771 1999 982 2044 coelestis
1000 2000 1168 2057 absque
1196 2008 1358 2056 agente
1391 1998 1604 2042 univoco.
1633 1999 1703 2042 Ad
1731 1996 2044 2058 producendas
2063 2007 2217 2046 amem

257 2067 429 2112 formas
463 2066 770 2126 perfectiores,
803 2066 920 2109 sicut
955 2075 1059 2109 sunt
1096 2066 1275 2108 animae
1318 2064 1586 2108 animalium
1622 2065 1943 2124 perfectorum,
1975 2066 2217 2127 requiritur

260 2135 399 2179 etiam
427 2148 532 2178 cum
561 2143 723 2192 agente
757 2132 944 2177 coelesti
971 2146 1110 2191 agens
1136 2132 1398 2175 univocum.
1429 2131 1564 2175 Talia
1586 2133 1710 2176 enim
1730 2132 1946 2177 animalia
1969 2144 2066 2182 non
2086 2147 2218 2194 gene-

257 2211 413 2246 rantur
429 2201 514 2244 nisi
530 2214 584 2244 ex
594 2200 782 2253 semine,
795 2209 839 2244 et
854 2209 1038 2258 propter
1055 2199 1144 2242 hoc
1163 2198 1271 2242 dicit
1283 2197 1574 2243 Aristoteles*
1562 2213 1609 2243 1n
1627 2199 1828 2244 secundo
1840 2198 1979 2260 Phys.
1993 2202 2044 2259 (t.
2065 2215 2105 2280 c.
2123 2198 2215 2260 26.)

258 2268 381 2328 quod
407 2267 552 2311 homo
580 2276 766 2325 generat
796 2266 1036 2309 hominem
1064 2274 1108 2309 et
1134 2264 1216 2309 sol.
2093 2288 2097 2293 ‹

345 2335 453 2379 Non
472 2343 539 2378 est
564 2341 718 2377 autem
743 2347 906 2376 verum
924 2332 1045 2391 quod
1075 2331 1302 2391 quantitas
1324 2331 1544 2393 impediat
1566 2332 1795 2376 actionem
1820 2332 1997 2378 formae
2020 2334 2108 2379 n'isi
2136 2348 2217 2394 per

260 2402 487 2454 accidens,
513 2400 560 2443 in
577 2409 798 2458 quantum
816 2398 990 2443 scilicet
1008 2399 1159 2442 omnis
1176 2398 1402 2457 quantitas
1429 2398 1646 2443 continua
1664 2408 1731 2444 est
1754 2399 1802 2443 in
1828 2401 2033 2445 materia.
2049 2400 2217 2446 Forma

260 2478 414 2512 autem
430 2468 476 2511 in
503 2467 694 2510 materia
721 2466 956 2519 exsistens,
985 2479 1090 2508 cum
1116 2465 1172 2509 sit
1198 2465 1389 2508 minoris
1416 2464 1703 2519 actualitatis,
1731 2476 1800 2510 est
1823 2479 1904 2525 per
1931 2479 2216 2528 consequens

259 2535 448 2578 minoris
474 2534 650 2577 virtutis
675 2533 722 2576 in
757 2532 949 2591 agendo.
982 2532 1114 2576 Unde
1148 2545 1313 2590 corpus
1351 2532 1474 2590 quod
1499 2532 1638 2576 habet
1663 2532 1813 2577 minus
1849 2533 1905 2578 de
1936 2534 2141 2589 materia,
2173 2544 2219 2579 et

260 2603 412 2645 minus
453 2600 509 2644 de
549 2599 712 2656 forma,
756 2599 872 2643 sicut
903 2599 1036 2657 ignis,
1065 2608 1134 2642 est
1175 2599 1323 2656 magis
1351 2598 1564 2642 activum.
1599 2598 1854 2658 Supposito*
1888 2609 2045 2645 autem
2073 2601 2216 2646 modo

259 2668 451 2712 actionis
485 2681 621 2726 quam
649 2665 797 2710 forma
823 2665 870 2708 in
897 2665 1087 2709 materia
1120 2665 1338 2708 exsistens
1374 2665 1543 2709 habere
1575 2675 1738 2724 potest,
1773 2667 1996 2724 quantitas
2022 2676 2218 2727 coauget

258 2735 407 2793 magis
437 2747 574 2792 quam
612 2733 776 2776 minuit
808 2734 1050 2776 actionem.
1083 2733 1206 2776 Nam
1239 2742 1410 2790 quanto
1451 2746 1616 2791 corpus
1658 2732 1859 2777 calidum
1897 2732 2032 2778 fuerit
2054 2732 2216 2794 majus,

259 2801 493 2861 supposita
517 2814 659 2859 aeque
685 2800 863 2858 intensa
890 2796 1131 2852 caliditate,
1158 2808 1285 2842 tanto
1313 2801 1459 2857 magis
1489 2798 1721 2854 calefacit3
1748 2809 1793 2844 et
1817 2800 2050 2860 supposita
2066 2800 2218 2860 gravi·

257 2879 349 2914 tate
383 2881 524 2927 aeque
551 2869 741 2921 intensa,
769 2877 939 2925 quanto
968 2869 1115 2925 majus
1137 2865 1270 2910 fuerit
1303 2880 1466 2925 corpus
1496 2879 1648 2924 grave,
1679 2875 1808 2911 tanto
1833 2865 2041 2911 velocius
2058 2876 2217 2917 move-

258 2937 377 2980 bitur
410 2945 538 2979 motu
564 2933 773 2987 naturali,
808 2943 852 2978 et
878 2934 982 2977 inde
1010 2943 1077 2977 est
1099 2933 1221 2992 quod
1247 2933 1418 2977 tardius
1436 2942 1645 2977 movetur
1662 2942 1791 2978 motu
1806 2933 2069 2979 innaturali.
2089 2934 2219 2988 Quia·

257 3003 396 3061 igitur
423 3015 616 3060 corpora
643 3001 798 3060 gravia
825 3011 929 3044 sunt
953 2999 1164 3044 tardioris
1187 3009 1340 3044 motus
1367 2999 1649 3053 innaturalis,
1676 3014 1783 3044 cum
1823 2999 1998 3046 fuerint
2029 3001 2216 3061 majoris

260 3069 535 3129 quantitatis,
562 3082 655 3113 non
682 3067 934 3112 ostenditur
951 3067 1072 3126 quod
1090 3066 1316 3126 quantitas
1332 3066 1549 3126 impediat
1568 3066 1813 3122 actionem,
1829 3067 1908 3112 sed
1928 3068 2079 3150 magis
2093 3069 2215 3129 quod

262 3146 487 3195 coaugeat
511 3137 674 3194 ipsam.

202 3246 205 3252 ,
228 3202 237 3206 “
347 3204 454 3247 Non
482 3212 663 3261 oportet
695 3202 833 3245 etiam
860 3200 982 3260 quod
1010 3214 1175 3259 corpus
1203 3213 1341 3244 omne
1376 3210 1528 3244 careat
1555 3200 1752 3255 actione,
1777 3209 1963 3261 propter
1984 3201 2076 3248 hoc
2090 3202 2215 3266 quod

206 3289 208 3305 ι
260 3271 307 3313 111
324 3269 483 3315 ordine
501 3283 652 3313 rerum
675 3268 923 3313 substantia
950 3266 1200 3326 corporalis
1228 3276 1295 3311 est
1320 3266 1474 3310 infima
1499 3267 1753 3312 secundum
1779 3278 1921 3314 suum
1930 3269 2216 3346 genquuia

206 3333 208 3336 ’
263 3337 401 3381 etiam
428 3337 544 3380 inter
561 3349 757 3394 corpora
779 3348 921 3378 unum
939 3344 1007 3378 est
1023 3334 1227 3392 superius
1246 3332 1403 3387 altero,
1431 3343 1475 3377 et
1499 3333 1752 3389 formalius,
1769 3344 1815 3380 et
1830 3335 1977 3399 1118313
1992 3329 2216 3391 activufiu
2228 3352 2230 3355 ’

263 3404 378 3448 sicut
404 3403 521 3462 ignis
539 3413 745 3460 respectu
772 3401 1037 3445 inferiorum
1061 3413 1330 3459 corporum;
1362 3413 1446 3444 nec
1473 3410 1628 3445 tamen
1655 3401 1794 3446 etiam
1814 3395 2027 3447 infimum
2050 3410 2237 3462 eorpus*

209 3503 214 3519 .
264 3469 514 3513 excluditur
547 3469 600 3513 ab
633 3469 827 3527 agend0.
850 3466 1142 3511 Manifestum
1171 3475 1237 3511 est
1264 3466 1401 3521 enim,
1429 3467 1556 3526 quod
1585 3480 1750 3544 eorpus
1775 3475 1890 3513 non
1899 3474 2056 3528 potest
2076 3463 2237 3528 333ύετ

212 3521 227 3641 ζ
263 3550 311 3580 33
328 3545 425 3579 toto
450 3550 556 3580 cum
582 3536 639 3580 sit
655 3534 965 3612 compositum
982 3547 1036 3579 ex
1053 3533 1256 3588 materia,
1274 3546 1389 3593 quae
1412 3542 1479 3578 est
1505 3547 1584 3579 ens
1607 3534 1653 3578 in
1678 3530 1897 3593 potentia,
1919 3533 2237 3590 §vss'for'miar

265 3617 380 3664 quae
407 3613 475 3648 est
502 3612 651 3649 actus:
680 3602 773 3662 agit
790 3602 912 3646 enirn
932 3600 1289 3661 unumquodque
1304 3600 1555 3646 secundum
1575 3601 1696 3662 quod
1714 3610 1781 3648 est
1802 3609 1943 3657 actu}
1963 3610 2030 3647 ot
2023 3596 2238 3665 propter}

220 3643 231 3690 ἑ

2302 3520 2324 3624 &fij-§w
2316 3496 2319 3497 ,
