2332 3854
858 197 1015 238 mmm
1053 197 1108 238 11.
1149 197 1268 238 CAP.
1308 197 1420 237 Lm.
1564 190 1565 193 ’
2010 178 2110 250 187

162 299 355 346 alterum
386 309 455 346 est
484 299 601 346 sicut
624 299 859 359 proportio
884 300 1114 360 potentiae
1140 300 1197 346 ad
1224 310 1401 355 actum;
1426 296 1540 344 nihil
1579 297 1702 343 enim
1739 296 1996 356 completur
2025 296 2113 341 nisi

159 379 241 427 per
260 367 492 426 proprium
515 375 683 411 actum.
709 366 761 410 In
787 367 1035 412 substantia
1053 378 1205 412 autem
1222 365 1519 412 intellectuali
1534 374 1686 410 creata
1702 364 1991 409 inveniuntur
2008 363 2114 417 duo,

159 433 332 480 scilicet
347 433 592 479 substantia
613 434 726 493 ipsa,
753 444 798 478 et
823 448 922 479 esse
948 436 1059 493 ejus,
1077 435 1200 495 quod
1217 449 1311 480 non
1327 443 1398 480 est
1410 434 1508 493 ipsa
1532 431 1795 486 substantia,
1811 442 1861 476 ut
1881 434 2114 476 ostensum

78 511 98 549 ᾗ
154 510 229 548 est
251 502 313 561 (c.
338 501 538 561 praec.);
568 501 719 560 ipsum
745 510 897 545 autem
913 514 1012 546 esse
1038 511 1106 546 est
1131 501 1521 561 complementum
1546 499 1821 545 substantiae
1840 497 2113 543 exsistentis:

70 611 72 614 ,
158 567 515 628 unumquodque
531 568 654 613 enim
672 576 774 612 actu
793 578 861 612 est
877 581 956 627 per
977 568 1068 612 hoc
1096 568 1218 627 quod
1245 582 1343 613 esse
1361 568 1512 613 habet.
1530 566 1817 626 Relinquitur
1836 565 1974 624 igitur
1992 564 2114 624 quod
2145 594 2147 597 f

66 626 87 662 2-
157 634 207 680 in
232 634 431 695 qualibet
455 634 789 694 praedictarum
821 635 1171 679 substantiarum
1199 636 1256 680 sit
1281 635 1558 695 compositio
1585 644 1711 679 actus
1737 643 1783 678 et
1812 633 2056 692 potentiae.

65 706 76 715 “
202 747 205 749 ,
246 702 482 761 Amplius:
511 701 632 760 quod
664 702 782 746 inest
807 701 943 746 alicui
972 703 1025 745 ab
1060 712 1237 761 agente,
1264 711 1445 762 oportet
1470 716 1569 746 csse
1607 711 1760 746 actum
1786 701 1907 759 ejus;
1941 699 2115 758 agentis

159 768 284 815 enim
309 778 377 813 est
400 767 550 813 facere
571 767 739 827 aliquid
757 778 875 812 actu.
904 767 1156 813 Ostensum
1175 779 1328 813 autem
1346 779 1414 814 est
1430 783 1565 829 supra
1591 771 1653 827 (c.
1685 767 1788 826 15.),
1815 766 2116 828 quodomnes

159 836 276 881 aliae
301 835 576 880 substantiae
607 835 778 879 habent
811 849 909 880 esse
944 849 969 879 a
995 835 1143 894 primo
1178 847 1356 895 agente,
1384 845 1427 881 et
1452 850 1532 894 per
1567 836 1658 880 hoc
1689 835 1816 895 ipsae
1841 834 2115 879 substantiae

159 912 338 948 creatae
362 911 468 946 sunt
498 902 620 961 quod
655 916 752 946 esse
789 902 842 946 ab
881 902 972 946 alio
1004 902 1187 947 habent.
1225 903 1381 962 Ipsum
1407 903 1543 962 igitur
1579 917 1678 955 esse
1703 902 1823 947 inest
1855 900 2116 946 substantiis

159 971 321 1014 creatis
342 979 392 1014 ut
417 969 601 1028 quidam
628 978 754 1013 actus
771 969 987 1027 ipsarum.
1006 969 1056 1013 Id
1080 978 1234 1014 autem
1262 970 1334 1013 cui
1353 980 1478 1014 actus
1504 970 1635 1023 inest,
1667 969 1871 1028 potentia
1898 978 1990 1014 est:
2006 981 2116 1012 nam

160 1047 301 1091 actus,
310 1037 357 1081 in
375 1046 594 1096 quantum
606 1036 884 1094 hujusmodi,
894 1037 949 1081 ad
962 1037 1212 1096 potentiam
1233 1036 1433 1082 refertur.
1445 1037 1496 1080 In
1510 1036 1709 1096 qualibet
1719 1036 1856 1096 igitur
1868 1035 2116 1081 substantia

93 1111 99 1118 “
160 1114 311 1149 creata
337 1113 406 1149 est
420 1103 637 1163 potentia,
663 1113 708 1147 et
734 1114 874 1148 actus.

246 1171 387 1216 Item:
413 1183 553 1215 omne
578 1170 851 1229 participans
886 1169 1054 1230 aliquid
1081 1180 1373 1231 comparatur
1399 1171 1455 1216 ad
1480 1171 1630 1231 ipsum
1657 1170 1779 1231 quod
1804 1171 2112 1231 participatur,

159 1248 208 1283 ut
221 1237 423 1298 potentia
449 1237 505 1282 ad
528 1247 702 1281 actum:
724 1250 804 1296 per
819 1237 864 1282 id
886 1238 1009 1282 enim
1027 1238 1151 1297 quod
1171 1239 1479 1298 participatur,
1505 1238 1554 1283 fit
1585 1238 1859 1298 participans
1886 1248 1990 1283 actu
2011 1237 2116 1282 tale.

148 1304 415 1351 »Ostensum
441 1314 595 1348 autem
621 1314 690 1348 est
720 1318 856 1363 supra
881 1304 1001 1363 (Lib.
1028 1305 1062 1348 Ι.
1096 1319 1134 1349 c.
1161 1317 1230 1350 22.
1266 1315 1311 1350 et
1336 1306 1433 1349 Lib.
1467 1306 1523 1350 II.
1558 1321 1596 1350 c.
1623 1306 1812 1365 praec.),
1839 1305 1962 1365 quod
1989 1304 2116 1350 solus

157 1371 287 1417 Deus
312 1380 381 1417 est
405 1370 704 1416 essentialiter
734 1384 829 1425 ens,
863 1371 1018 1415 omnia
1051 1381 1204 1416 autem
1236 1371 1325 1416 alia
1355 1373 1626 1432 participant
1650 1373 1799 1432 ipsum
1832 1386 1946 1417 esse.
1980 1371 2118 1417 Com-

162 1448 345 1498 paratur
370 1438 507 1497 igitur
522 1438 771 1482 substantia
797 1437 948 1482 omnis
975 1448 1125 1483 creata
1148 1438 1203 1483 ad
1229 1453 1363 1483 suum
1385 1453 1484 1484 esse
1510 1441 1627 1484 sicut
1643 1440 1846 1499 potentia
1863 1440 1920 1484 ad
1947 1449 2102 1485 actum

246 1505 510 1551 Praeterea:
538 1504 807 1548 assimilatio
840 1504 1030 1562 alicujus
1058 1505 1114 1549 ad
1137 1519 1324 1550 causam
1352 1517 1565 1565 agentem
1590 1506 1640 1551 fit
1665 1521 1746 1565 per
1771 1516 1949 1562 actum;
1977 1520 2118 1566 agens

147 1572 283 1619 enim
308 1573 402 1632 agit
426 1571 511 1617 sibi
530 1571 680 1616 simile
705 1571 752 1616 in
769 1581 990 1630 quantum
1016 1581 1083 1616 est
1108 1582 1226 1616 actu.
1265 1573 1551 1617 Assimilatio
1575 1583 1729 1617 autem
1755 1572 1996 1632 cuiuslibet
2019 1574 2119 1618 sub·

158 1640 349 1686 stantiae
375 1651 553 1685 creatae
580 1640 635 1684 ad
661 1638 815 1685 Deum
842 1650 910 1685 est
934 1655 1015 1699 per
1040 1641 1190 1700 ipsum
1217 1656 1330 1696 esse,
1357 1652 1407 1686 ut
1431 1656 1566 1701 supra
1594 1643 1656 1700 (c.
1688 1655 1754 1700 15.
1781 1653 1826 1687 et
1856 1643 1945 1701 52.)
1972 1653 2120 1688 osten-

158 1721 262 1752 sum
286 1715 367 1752 est.
390 1707 548 1767 Ipsum
577 1707 714 1766 igitur
746 1721 844 1752 esse
878 1719 1170 1766 comparatur
1203 1708 1259 1752 ad
1292 1723 1455 1754 omnes
1488 1710 1762 1754 substantias
1795 1720 1968 1755 creatas
2003 1711 2119 1755 sicut

59 1762 63 1776 ³
106 1794 110 1798 ·
160 1784 287 1820 actus
312 1788 485 1829 earum,
507 1787 560 1819 ex
587 1788 678 1833 quo
704 1774 973 1834 relinquitur
997 1775 1121 1835 quod
1146 1776 1192 1820 in
1219 1776 1419 1836 qualibet
1450 1777 1698 1822 substantia
1731 1787 1882 1822 creata
1914 1778 1969 1823 sit
1996 1792 2120 1823 com-

158 1841 326 1901 positio
352 1851 479 1887 actus
501 1852 546 1887 et
565 1841 809 1902 potentiae.

917 2013 1172 2072 CAPUT
1213 2016 1360 2073 LIV.

237 2148 398 2196 QUOD
438 2148 555 2190 NON
593 2150 694 2189 EST
734 2150 872 2189 IDEM
913 2151 1256 2191 COMPOSITIO
1296 2152 1368 2191 EX
1408 2152 1750 2194 SUBSTANTIA
1788 2153 1859 2192 ET
1899 2153 2043 2206 ESSE,

782 2226 852 2263 ET
893 2226 1137 2266 MATERIA
1175 2227 1246 2265 ET
1285 2227 1487 2266 FORMA.

817 2327 875 2385 (I.
900 2335 1015 2388 part.
1042 2335 1194 2388 quaest.
1221 2329 1257 2374 Ι.
1285 2335 1366 2374 art.
1392 2329 1467 2388 1.).

247 2434 357 2481 Non
388 2445 457 2482 est
487 2446 641 2482 autem
667 2437 873 2498 eJusdem
904 2440 1092 2484 rationis
1119 2441 1396 2500 compositio
1429 2455 1483 2486 ex
1516 2441 1707 2486 materia
1733 2451 1778 2486 et
1801 2440 1966 2496 forma,
1998 2451 2044 2486 et
2067 2455 2121 2486 ex

45 2517 76 2530 ’·
152 2501 409 2548 ‘substantia
440 2513 485 2548 et
515 2518 630 2561 esse,
663 2505 873 2564 quamvis
899 2516 1088 2566 utraque
1120 2507 1178 2552 sit
1210 2521 1266 2552 ex
1298 2508 1501 2567 potentia
1533 2517 1578 2552 et
1609 2518 1725 2552 actu.
1752 2508 1909 2553 Primo
1936 2508 2122 2568 quidem

0 2570 3 2588 .

62 2572 77 2626 j
149 2570 267 2629 ‘quia
291 2571 601 2616 materianon
623 2582 693 2616 est
716 2573 812 2632 ipsa
830 2574 1079 2619 substantia
1104 2575 1196 2630 rei;
1222 2589 1331 2619 nam
1353 2585 1616 2634 sequeretur
1641 2589 1805 2620 omnes
1831 2575 2004 2620 formas
2021 2590 2121 2621 esse

67 2646 70 2654 ·
162 2636 426 2694 accidentia,
443 2638 560 2682 sicut
570 2639 742 2698 antiqui
753 2640 981 2685 naturales
999 2642 1322 2701 opinabantur3
1335 2642 1415 2686 sed
1433 2642 1622 2686 materia
1634 2652 1702 2686 est
1718 2657 1820 2701 pars
1830 2643 2121 2688 substantiae.

63 2751 65 2754 ,
180 2718 185 2722 ’
251 2702 464 2749 Secundo
482 2715 635 2750 autem
661 2706 766 2765 quia
781 2707 931 2766 ipsum
959 2722 1057 2753 esse
1083 2722 1177 2753 non
1201 2719 1268 2754 est
1288 2711 1495 2768 proprius
1519 2719 1646 2753 actus
1670 2710 1901 2764 materiae,
1923 2710 2003 2755 sed
2024 2710 2124 2754 sub-

163 2770 354 2815 stantiae
378 2773 535 2817 totius:
565 2773 662 2830 eJus
688 2774 811 2817 enim
844 2784 969 2819 actus
1003 2784 1071 2820 est
1102 2790 1216 2830 esse,
1243 2776 1298 2820 de
1325 2789 1415 2835 quo
1441 2789 1684 2835 possumus
1716 2776 1866 2821 dicere
1898 2777 2020 2836 quod
2052 2779 2121 2822 sit.

53 2843 61 2866 ²
91 2836 92 2839 ’
163 2835 274 2882 Esse
298 2847 451 2882 autem
476 2852 572 2883 non
597 2839 760 2884 dicitur
786 2840 841 2884 de
868 2842 1074 2896 materia,
1108 2843 1188 2886 sed
1225 2843 1280 2886 de
1310 2851 1434 2898 tot0;
1467 2843 1587 2887 unde
1621 2843 1811 2888 materia
1844 2857 1938 2888 non
1972 2854 2122 2903 potest

83 2925 86 2933 ·
163 2902 255 2948 dici
277 2904 400 2963 quod
426 2914 507 2959 est,
533 2905 611 2950 sed
637 2905 735 2964 ipsa
760 2907 1007 2952 substantia
1034 2918 1102 2953 est
1126 2909 1174 2953 id
1194 2910 1316 2968 quod
1343 2919 1424 2954 est.

254 2968 413 3015 Tertio
440 2971 547 3031 quia
570 2986 655 3016 nec
681 2972 831 3017 forma
854 2984 921 3019 est
936 2975 1087 3033 ipsum
1114 2989 1229 3030 esse,
1251 2977 1330 3020 sed
1356 2990 1406 3021 se
1432 2976 1603 3021 habent
1619 2976 1870 3021 secundum
1888 2976 2120 3023 ordinem:

165 3046 454 3095 comparatur
484 3037 606 3083 enim
637 3038 787 3084 forma
819 3041 875 3085 ad
906 3041 1056 3100 ipsum
1082 3056 1195 3097 esse,
1227 3043 1345 3088 sicut
1374 3043 1451 3088 lux
1483 3043 1540 3088 ad
1570 3043 1736 3100 lucem,
1769 3044 1843 3088 vel
1876 3044 2038 3106 albedo
2065 3045 2122 3090 ad

165 3100 318 3147 album
345 3117 458 3149 esse.

251 3170 431 3215 Deinde
456 3171 562 3230 quia
587 3172 644 3217 ad
676 3173 823 3232 ipsam
856 3175 995 3220 etiam
1026 3175 1225 3221 formam
1258 3187 1551 3237 comparatur
1582 3179 1732 3237 ipsum
1764 3191 1862 3223 esse
1895 3188 1944 3223 ut
1969 3188 2119 3224 actus:

153 3245 244 3295 ‘per
266 3235 358 3280 hoc
391 3237 514 3281 enim
538 3237 585 3282 in
611 3241 879 3299 compositis
904 3257 959 3287 ex
986 3243 1176 3288 materia
1210 3253 1254 3288 et
1284 3243 1433 3289 forma
1460 3245 1622 3289 dicitur
1647 3244 1797 3290 forma
1829 3259 1928 3290 esse
1956 3246 2123 3306 princi-

164 3301 292 3362 pium
313 3303 506 3357 essendi,
523 3304 628 3363 quia
645 3316 713 3351 est
737 3307 1130 3367 complementum
1148 3311 1437 3365 substantiae,
1455 3313 1583 3370 cujus
1602 3322 1728 3356 actus
1747 3322 1814 3356 est
1829 3312 1979 3372 ipsum
1997 3327 2120 3369 esse;

155 3367 281 3413 'sicut
306 3369 584 3429 diaphanum
611 3382 680 3416 est
709 3374 803 3418 aeri
827 3375 1099 3435 principium
1131 3376 1327 3432 lucendi,
1360 3378 1466 3437 quia
1492 3377 1601 3423 facit
1632 3392 1738 3424 eum
1763 3380 1999 3439 proprium
2024 3381 2123 3425 sub-

166 3433 336 3493 iectum
360 3435 489 3481 lucis.

255 3500 391 3547 Unde
413 3502 461 3547 in
487 3505 753 3564 compositis
783 3520 838 3552 ex
868 3510 1059 3554 materia
1084 3521 1129 3555 et
1158 3509 1322 3565 forma,
1347 3523 1434 3556 nec
1466 3512 1657 3557 materia
1681 3525 1766 3558 nec
1797 3511 1946 3558 forma
1972 3524 2122 3575 potest

168 3565 430 3628 diciipsum
455 3570 578 3630 qnod
603 3581 684 3627 est,
708 3584 793 3618 nec
815 3573 955 3620 etiam
975 3575 1126 3645 ipsum
1144 3590 1267 3633 esse;
1291 3575 1442 3624 forma
1467 3587 1621 3625 tamen
1646 3587 1797 3640 potest
1813 3579 1902 3626 dici
1923 3594 2016 3640 quo
2038 3592 2121 3639 est,
