2332 3854
0 3141 16 3203 πῖνε·
0 2971 21 3135 W'Wffwssx
0 2939 9 2964 vn·
0 2887 15 2930 -μιςιι
0 2850 4 2868 -
0 2776 14 2810 Q„
0 2722 8 2755 ,..,
0 2709 3 2713 ,
0 2679 7 2700 W.
0 2651 7 2668 ,.,
0 2636 3 2641 ,
0 2611 1 2615 Α

0 2278 3 2285 “
0 2234 6 2269 ’““““
0 1763 23 2222 ‚”ffl*'¹⁹›‘'³?ffss⁴‘'wwr'ssw
0 1718 15 1755 ‘¹⁴²8
0 1621 20 1705 *3552*
0 1603 7 1611 ‘
1 1587 10 1596 ¹²
3 1552 9 1575 ⁴¹⁴

825 187 978 227 LIBER
1016 187 1089 226 ιν.
1133 187 1252 227 εΑΡ.
1295 186 1385 226 Lu·
1978 174 2079 241 643

50 288 54 293 ²
125 300 280 347 tamen
304 287 662 348 inquinationem
693 287 926 346 originalis
949 288 1125 347 peccati
1147 288 1348 347 incurrit,
1371 297 1419 332 ut
1440 296 1594 349 quarta
1620 287 1734 331 ratio
1759 288 2086 342 concludebat3

35 352 49 403 31:
124 355 231 419 fluia
251 354 490 401 materiam
511 353 701 398 humani
724 355 926 412 corporis
946 353 1098 398 solum
1115 368 1139 398 a
1159 354 1308 414 primo
1331 363 1516 414 parente
1533 353 1752 412 suscepit;
1774 354 1913 399 virtus
1932 364 2086 398 autem

55 425 58 426 ⁷
123 420 364 466 formativa
399 419 600 478 corporis
632 420 727 477 ejus
759 434 853 463 non
886 419 967 464 fuit
999 434 1023 464 a
1057 421 1209 478 primo
1245 430 1430 480 parente
1470 419 1686 473 derivata,
1718 421 1796 464 sed
1829 420 1913 464 fuit
1943 420 2085 467 virtus

126 486 316 549 Spiritus
341 486 510 540 Sancti,
537 495 587 530 ut
611 499 744 544 supra
766 487 827 544 (c.
850 484 943 542 46.)
968 496 1203 531 ostensum
1229 496 1319 540 est;
1347 487 1465 531 unde
1488 496 1699 530 naturam
1722 486 1973 534 humanam
1990 500 2084 530 non

125 553 180 615 ab
213 553 365 599 Adam
405 552 582 610 accepit
613 552 728 596 sicut
760 553 814 596 ab
849 563 1026 612 agente,
1058 553 1166 597 licet
1191 567 1294 598 eam
1326 554 1381 597 de
1414 552 1565 597 Adam
1598 553 1849 615 susceperit
1879 549 1998 600 sicut
2029 553 2085 597 de

124 606 348 671 materiali
374 619 611 679 principio.

123 734 128 735 a
214 677 611 732 Considerandum
635 694 703 729 est
723 685 859 728 etiam
883 685 1004 744 quod
1027 685 1245 743 praedicti
1262 685 1462 730 defectus
1484 700 1561 744 per
1584 685 1839 731 naturalem
1857 685 2081 749 originem

124 753 434 813 traducuntur,
462 765 517 795 ex
543 765 599 795 eo
626 750 748 811 quod
775 760 935 794 natura
967 752 1176 794 destituta
1204 761 1271 796 est
1296 751 1463 795 auxilio
1498 752 1682 810 gratiae,
1712 753 1834 811 quod
1867 751 1910 797 ei
1939 751 2087 797 fuerat

124 818 177 870 in
198 817 348 879 primo
374 826 559 877 parente
586 816 822 870 collatum,
854 817 909 860 ad
942 827 1148 875 posteros
1181 817 1317 862 simul
1352 831 1457 861 cum
1490 828 1650 862 natura
1683 818 2006 874 derivandum;
2038 827 2084 868 et

125 884 231 944 quia
262 884 377 928 haec
412 883 642 928 destitutio
675 897 728 926 ex
760 882 1019 926 voluntario
1054 893 1243 941 peccato
1283 883 1517 941 processit,
1555 883 1758 929 defectus
1802 882 2086 947 consequens

68 989 74 996 .
125 950 311 1012 suscipit
341 949 502 1010 culpae
534 950 773 994 rationem.
808 949 884 994 Sic
916 950 1052 1008 igitur
1089 949 1290 994 defectus
1322 950 1588 1006 hujusmodi
1619 960 1663 994 et
1695 949 1943 1009 culpabiles
1980 959 2086 994 sunt

123 1031 214 1080 per
222 1017 623 1077 comparationem
651 1016 707 1059 ad
733 1016 932 1075 primum
959 1015 1244 1077 principium,
1272 1016 1394 1074 quod
1422 1026 1487 1059 est
1513 1025 1752 1074 peccatum
1775 1015 1922 1070 Adae,
1945 1025 1990 1060 et
2008 1029 2084 1068 na-

108 1083 303 1148 'wales
317 1094 422 1128 sunt
447 1096 535 1147 per
552 1082 945 1141 comparationem
974 1082 1029 1126 ad
1061 1091 1270 1127 naturam
1302 1083 1394 1140 jam
1427 1081 1712 1135 destitutam;
1744 1081 1863 1127 unde
1896 1090 1939 1125 et
1965 1080 2070 1160 App

122 1149 268 1196 stolus
294 1139 402 1194 dicit
426 1148 613 1207 (Ephes.
642 1149 698 1193 II
728 1163 746 1206 3
755 1148 809 1205 ).:
838 1150 901 1192 Ει
903 1163 1022 1192 amus
1047 1155 1203 1193 natura
1225 1147 1305 1204 filii
1331 1149 1433 1192 zssrae
1456 1147 1512 1192 Et
1532 1162 1613 1207 per
1638 1148 1730 1192 hoc
1752 1146 1962 1195 solvitur
1968 1149 2084 1195 ratio

122 1215 327 1278 quinta...

125 1328 130 1330 .
157 1337 163 1341 Ι
213 1281 346 1341 Patet
368 1281 506 1342 igitur
530 1281 783 1326 secundum
810 1281 1038 1343 praedicta
1065 1281 1186 1340 quod
1210 1281 1371 1325 vitium
1390 1280 1597 1356 originis,
1631 1294 1686 1326 ex
1717 1295 1808 1341 quo
1840 1290 2083 1357 peccatum

127 1347 349 1407 originale
375 1358 599 1401 causatur,
625 1348 833 1406 provenit
850 1362 904 1391 ex
922 1346 1100 1391 defectu
1120 1347 1308 1403 alicujus
1335 1347 1556 1405 principii,
1583 1344 1757 1392 scilicet
1777 1347 1959 1406 gratuiti
1977 1347 2087 1398 doni

127 1414 250 1474 quod
269 1424 455 1458 naturae
473 1414 734 1458 humanae
724 1428 770 1457 m
793 1413 862 1457 sui
885 1414 1162 1457 institutione
1181 1412 1264 1456 fuit
1282 1413 1527 1466 collatum;
1555 1413 1677 1471 quod
1705 1413 1889 1472 quidem
1912 1409 2087 1457 donum

124 1480 468 1540 quodammodo
500 1480 583 1524 fuit
613 1480 830 1533 naturale,
861 1493 955 1523 non
989 1480 1117 1538 quasi
1149 1493 1203 1523 ex
1235 1479 1463 1538 principiis
1495 1489 1682 1535 naturae
1716 1490 1968 1533 causatum,
2002 1481 2082 1524 sed

124 1547 229 1607 quia
251 1547 314 1591 sic
338 1546 420 1590 fuit
439 1547 618 1590 homini
640 1547 795 1590 datum
816 1556 863 1590 ut
880 1546 1017 1591 simul
1035 1560 1139 1589 cum
1156 1556 1316 1594 natura
1334 1556 1674 1614 propagaretur.
1691 1547 1910 1623 Objectio
1929 1557 2084 1590 autem

122 1623 248 1658 sexta
273 1614 547 1672 procedebat
571 1613 823 1657 secundum
849 1612 972 1672 quod
999 1611 1204 1657 naturale
1232 1606 1394 1655 dicitur
1415 1612 1534 1670 quod
1561 1627 1614 1656 ex
1636 1613 1869 1671 principiis
1893 1623 2082 1657 naturae

126 1689 352 1735 causant.

211 1746 424 1790 Procedit
455 1746 593 1790 etiam
626 1746 815 1804 septima
848 1745 964 1791 ratio
997 1760 1075 1805 per
1107 1745 1300 1789 modum
1331 1744 1544 1790 eumdem
1577 1711 1631 1788 de
1664 1743 1842 1789 defectu
1876 1740 2086 1804 principii

125 1811 342 1857 naturalis
368 1812 489 1871 quod
504 1813 710 1888 pertinet
737 1812 792 1855 ad
818 1822 1027 1856 naturam
1053 1812 1234 1887 speciei.
1264 1811 1403 1863 Quod
1427 1811 1549 1854 enim
1573 1825 1626 1855 ex
1649 1811 1826 1855 defectu
1852 1812 1989 1870 hujus
2010 1826 2086 1855 na-

119 1878 278 1938 ruralis
301 1878 518 1940 ‘principii
548 1878 774 1938 provenit,
800 1879 964 1923 accidit
995 1888 1043 1922 ut
1074 1879 1119 1923 in
1151 1878 1465 1936 paucioribus;
1498 1878 1576 1921 sed
1609 1876 1813 1922 defectus
1846 1878 2082 1937 originalis

122 1944 299 2006 peccati
333 1945 544 2005 provenit
578 1959 631 1989 ex
669 1944 847 1989 defectu
887 1945 1098 2005 principii
1132 1943 1410 2004 superadditi
1451 1941 1674 2002 principio
1711 1944 1894 2002 speciei,
1936 1954 1985 1990 ut
2026 1945 2087 1989 di-

125 2021 250 2056 ctum
277 2021 358 2056 est.

213 2076 463 2138 Sciendum
489 2086 558 2122 est
582 2077 721 2123 etiam
747 2078 870 2138 quod
894 2077 941 2122 in
969 2087 1072 2122 actu
1099 2070 1386 2136 generativ'ae
1412 2077 1588 2121 virtutis
1609 2091 1704 2121 non
1726 2087 1876 2135 potest
1897 2091 1995 2130 esse
2021 2078 2082 2121 vi·

121 2147 239 2205 tium
265 2145 322 2204 de
347 2159 514 2205 genere
547 2145 736 2191 actualis
767 2146 957 2206 peccati,
990 2145 1112 2205 quod
1140 2158 1194 2189 ex
1219 2142 1452 2197 voluntate
1486 2143 1724 2202 singularis
1757 2158 1979 2204 personae
2013 2144 2087 2188 de·

119 2212 301 2273 pendet,
325 2226 382 2256 eo
407 2211 532 2271 quod
558 2221 685 2256 actus
717 2212 1006 2273 generativae
1032 2211 1218 2262 virtutis¹
1239 2224 1334 2255 non
1368 2210 1523 2255 obedit
1553 2210 1717 2267 rationi
1744 2210 1818 2253 vel
1843 2209 2083 2264 voluntati,

119 2289 171 2324 ut
193 2287 356 2323 octava
388 2279 502 2322 ratio
529 2278 826 2337 procedebat;
859 2278 939 2322 sed
968 2278 1126 2321 vitium
1160 2275 1392 2336 originalis
1427 2276 1601 2334 culpae,
1635 2291 1750 2335 quae
1784 2277 1839 2321 ad
1872 2286 2083 2322 naturam

119 2344 329 2405 pertinet,
354 2343 468 2389 nihil
494 2341 704 2403 prohibet
729 2344 774 2388 in
802 2354 905 2392 actu
932 2344 1220 2405 generativae
1241 2344 1472 2402 potentiae
1494 2343 1700 2396 inveniri,
1721 2357 1863 2405 quum
1890 2353 1934 2387 et
1956 2354 2082 2388 actus

121 2410 410 2472 generativae
435 2411 666 2470 potentiae
692 2410 921 2469 naturales
945 2411 1165 2455 dicantur.

200 2476 352 2537 Ωιιαά
378 2490 488 2521 vero
513 2491 639 2522 nono
662 2464 871 2536 objicitur
897 2477 954 2521 de
978 2475 1102 2522 facili
1123 2476 1240 2521 solvi
1262 2486 1411 2536 potest
1436 2476 1688 2521 secundum
1710 2477 1972 2535 praemissa
1998 2478 2085 2521 Per

123 2514 364 2603 peccatum
391 2543 514 2587 enim
535 2556 628 2586 non
650 2542 824 2586 tollitur
845 2544 1026 2587 homini
1046 2543 1220 2586 bonum
1237 2553 1424 2586 naturae
1437 2542 1559 2601 quod
1588 2542 1641 2586 ad
1669 2543 1870 2603 speciem
1896 2554 2084 2588 naturae

122 2610 338 2670 pertinet·
361 2609 440 2666 sed
467 2610 641 2654 bonum
658 2619 864 2663 naturae,
883 2609 1006 2669 quod
1033 2624 1112 2668 per
1138 2610 1332 2669 gratiam
1354 2609 1694 2673 superadditum
1717 2607 1814 2663 fuit,
1838 2609 1984 2668 potuit
2003 2624 2083 2668 per

122 2685 365 2735 peccatum
390 2675 525 2734 primi
550 2676 748 2734 parentis
777 2674 954 2733 auferri,
981 2685 1030 2719 ut
1055 2689 1188 2733 supra
1215 2675 1388 2719 dictum
1415 2683 1495 2719 est.

167 2741 346 2790 Patet
370 2743 507 2787 etiam
534 2755 587 2785 ex
615 2740 787 2786 eisdem
805 2741 861 2785 de
882 2740 1005 2786 facili
1023 2741 1191 2787 solutio
1219 2741 1274 2784 ad
1301 2740 1527 2784 decimam
1546 2740 1785 2794 radonem,
1804 2742 1923 2800 quia,
1943 2756 2085 2803 quum

121 2776 315 2868 privatio
341 2816 387 2852 et
410 2806 610 2852 defectus
637 2807 720 2852 sibi
746 2807 945 2861 invicem
978 2807 1377 2882 correspondeant‚
1404 2821 1457 2851 ea
1484 2806 1659 2850 ratione
1692 2806 1739 2850 in
1772 2819 1962 2866 peccato
1997 2809 2080 2853 ori-

122 2873 263 2933 ginali
288 2872 368 2930 filii
392 2873 652 2932 parentibus
679 2873 947 2926 similantur,
975 2888 1063 2934 qua
1091 2873 1227 2918 etiam
1255 2873 1428 2917 donum
1455 2887 1480 2916 a
1504 2873 1728 2950 principio
1751 2878 1937 2918 naturae
1960 2889 2086 2934 prae-

123 2939 277 2985 stitum
303 2938 461 2984 fuisset
488 2954 512 2982 a
537 2939 835 3016 parentibus
825 2953 871 2982 m
897 2949 1104 2997 posteros
1131 2947 1457 3015 propagatum3
1491 2939 1611 2997 quia,
1644 2934 1750 2983 licet
1776 2940 1832 2983 ad
1858 2941 2083 2993 rationem

122 3006 288 3065 speciei
313 3019 409 3051 non
434 3005 692 3064 pertineret,
718 3015 875 3051 tamen
908 3020 962 3049 ex
994 3005 1145 3049 divina
1170 3005 1314 3063 gratia
1340 3005 1495 3050 datum
1530 3005 1612 3050 fuit
1643 3006 1791 3065 primo
1824 3007 2002 3051 homini
2034 3018 2085 3052 ut

123 3073 179 3129 ab
195 3085 252 3117 eo
270 3072 316 3127 in
333 3082 479 3130 totam
497 3072 698 3131 speciem
717 3072 1038 3126 derivandum3
1055 3070 1264 3116 similiter
1283 3081 1524 3130 peccatum
1546 3071 1624 3130 per
1642 3071 1764 3132 quod
1781 3071 1892 3116 illud
1909 3073 2083 3118 bonum

123 3139 322 3199 privatur
347 3138 394 3195 in
419 3148 566 3183 totam
593 3138 792 3213 speciem
820 3138 1058 3183 derivatur.

211 3204 609 3261 Considerandum
636 3214 703 3249 est
727 3205 864 3261 etiam
893 3204 1029 3263 quod,
1055 3204 1162 3248 licet
1188 3203 1347 3262 aliquis
1381 3218 1458 3262 per
1490 3205 1659 3261 gratiae
1691 3215 1977 3250 sacramenta
2010 3206 2075 3250 sic

128 3270 183 3314 ab
210 3257 420 3330 originali
444 3280 636 3329 peccato
663 3257 907 3314 mundetur
931 3281 980 3314 ut
1006 3271 1047 3313 ei
1073 3284 1166 3313 non
1190 3270 1434 3329 imputetur
1456 3270 1511 3313 ad
1535 3270 1730 3329 culpam,
1756 3272 1877 3329 quod
1901 3281 1967 3316 est
1989 3286 2083 3332 per-

125 3335 341 3382 sonaliter
366 3337 515 3395 ipsum
542 3350 567 3379 a
593 3346 789 3395 peccato
813 3336 1024 3397 originali
1050 3337 1243 3390 liberari,
1269 3350 1362 3380 non
1389 3347 1543 3381 tamen
1570 3336 1770 3381 totaliter
1793 3346 2004 3392 sanatur3
2039 3347 2084 3383 et

125 3402 229 3447 ideo
262 3402 513 3460 secundum
538 3412 689 3461 actum
716 3411 904 3449 naturae
930 3413 1169 3462 peccatum
1197 3401 1416 3463 originale
1443 3403 1758 3447 transmittitur
1785 3404 1830 3447 in
1857 3414 2080 3462 posteros.

125 3468 204 3523 Sic
227 3469 363 3528 igitur
387 3468 434 3522 in
457 3467 650 3526 homine
677 3479 937 3529 generante,
963 3470 1009 3512 in
1037 3479 1258 3529 quantum
1291 3479 1357 3514 est
1388 3483 1582 3528 persona
1616 3469 1855 3528 quaedam,
1887 3484 1980 3514 non
2013 3476 2082 3516 est

128 3534 348 3595 originale
380 3544 634 3596 peccatum,
677 3544 722 3579 et
763 3535 987 3595 contingit
1029 3535 1166 3580 etiam
1209 3535 1252 3580 in
1294 3545 1397 3580 actu
1430 3535 1734 3594 generationis
1771 3535 1947 3597 nullum
1983 3551 2083 3584 esse
