<?xml version="1.0" encoding="UTF-8"?>
<!DOCTYPE html PUBLIC "-//W3C//DTD XHTML 1.0 Transitional//EN"
    "http://www.w3.org/TR/xhtml1/DTD/xhtml1-transitional.dtd">
<html xmlns="http://www.w3.org/1999/xhtml" xml:lang="en" lang="en">
 <head>
  <title>
</title>
<meta http-equiv="Content-Type" content="text/html;charset=utf-8" />
  <meta name='ocr-system' content='tesseract 3.04.00' />
  <meta name='ocr-capabilities' content='ocr_page ocr_carea ocr_par ocr_line ocrx_word'/>
</head>
<body>
  <div class='ocr_page' id='page_1' title='image "./divithomaeaquina00thom_0328.png"; bbox 0 0 2332 3854; ppageno 0'>
   <div class='ocr_carea' id='block_1_1' title="bbox 215 199 1498 287">
    <p class='ocr_par' dir='ltr' id='par_1_1' title="bbox 215 199 1498 287">
     <span class='ocr_line' id='line_1_1' title="bbox 215 199 1498 287; baseline 0.002 -16"><span class='ocrx_word' id='word_1_1' title='bbox 215 217 326 287; x_wconf 84' lang='lat'>316</span> <span class='ocrx_word' id='word_1_2' title='bbox 868 232 1025 275; x_wconf 65' lang='lat' dir='ltr'>unm&lt;</span> <span class='ocrx_word' id='word_1_3' title='bbox 1063 234 1141 274; x_wconf 90' lang='lat'>111.</span> <span class='ocrx_word' id='word_1_4' title='bbox 1183 199 1303 274; x_wconf 62' lang='lat' dir='ltr'>cap,</span> <span class='ocrx_word' id='word_1_5' title='bbox 1343 227 1498 275; x_wconf 81' lang='lat' dir='ltr'>xxm.</span> 
     </span>
    </p>
   </div>
   <div class='ocr_carea' id='block_1_2' title="bbox 209 334 2172 598">
    <p class='ocr_par' dir='ltr' id='par_1_2' title="bbox 209 334 2172 598">
     <span class='ocr_line' id='line_1_2' title="bbox 210 334 2170 413; baseline 0.003 -35"><span class='ocrx_word' id='word_1_6' title='bbox 210 334 495 413; x_wconf 46' lang='lat' dir='ltr'>principium·</span> <span class='ocrx_word' id='word_1_7' title='bbox 517 337 718 382; x_wconf 89' lang='lat' dir='ltr'>activum</span> <span class='ocrx_word' id='word_1_8' title='bbox 749 346 902 381; x_wconf 90' lang='lat' dir='ltr'>motus</span> <span class='ocrx_word' id='word_1_9' title='bbox 935 338 1055 395; x_wconf 87' lang='lat' dir='ltr'>ejus;</span> <span class='ocrx_word' id='word_1_10' title='bbox 1087 345 1248 382; x_wconf 89' lang='lat' dir='ltr'>natura</span> <span class='ocrx_word' id='word_1_11' title='bbox 1272 352 1384 382; x_wconf 88' lang='lat' dir='ltr'>vero</span> <span class='ocrx_word' id='word_1_12' title='bbox 1417 338 1623 398; x_wconf 79' lang='lat' dir='ltr'>corporis</span> <span class='ocrx_word' id='word_1_13' title='bbox 1654 337 1866 384; x_wconf 90' lang='lat' dir='ltr'>coelestis</span> <span class='ocrx_word' id='word_1_14' title='bbox 1909 347 1978 384; x_wconf 85' lang='lat' dir='ltr'>est</span> <span class='ocrx_word' id='word_1_15' title='bbox 2008 340 2170 404; x_wconf 62' lang='lat' dir='ltr'>motii}</span> 
     </span>
     <span class='ocr_line' id='line_1_3' title="bbox 209 402 2170 464; baseline 0.003 -19"><span class='ocrx_word' id='word_1_16' title='bbox 209 402 350 461; x_wconf 90' lang='lat' dir='ltr'>ipsius</span> <span class='ocrx_word' id='word_1_17' title='bbox 376 403 609 462; x_wconf 87' lang='lat' dir='ltr'>passivum</span> <span class='ocrx_word' id='word_1_18' title='bbox 649 404 936 462; x_wconf 90' lang='lat' dir='ltr'>principium.</span> <span class='ocrx_word' id='word_1_19' title='bbox 978 403 1112 448; x_wconf 87' lang='lat' dir='ltr'><strong>Unde</strong></span> <span class='ocrx_word' id='word_1_20' title='bbox 1143 419 1238 449; x_wconf 90' lang='lat' dir='ltr'>non</span> <span class='ocrx_word' id='word_1_21' title='bbox 1265 404 1403 452; x_wconf 89' lang='lat' dir='ltr'>debet</span> <span class='ocrx_word' id='word_1_22' title='bbox 1444 405 1579 449; x_wconf 89' lang='lat' dir='ltr'>alicui</span> <span class='ocrx_word' id='word_1_23' title='bbox 1609 405 1752 449; x_wconf 88' lang='lat' dir='ltr'>videri</span> <span class='ocrx_word' id='word_1_24' title='bbox 1784 406 1907 464; x_wconf 88' lang='lat' dir='ltr'>quod</span> <span class='ocrx_word' id='word_1_25' title='bbox 1947 405 2170 452; x_wconf 84' lang='lat' dir='ltr'>violenter</span> 
     </span>
     <span class='ocr_line' id='line_1_4' title="bbox 209 471 2171 531; baseline 0.002 -17"><span class='ocrx_word' id='word_1_26' title='bbox 209 480 464 526; x_wconf 89' lang='lat' dir='ltr'>moveatur,</span> <span class='ocrx_word' id='word_1_27' title='bbox 491 471 608 514; x_wconf 88' lang='lat' dir='ltr'>sicut</span> <span class='ocrx_word' id='word_1_28' title='bbox 634 485 828 529; x_wconf 91' lang='lat' dir='ltr'>corpora</span> <span class='ocrx_word' id='word_1_29' title='bbox 860 471 1016 528; x_wconf 89' lang='lat' dir='ltr'>gravia</span> <span class='ocrx_word' id='word_1_30' title='bbox 1048 481 1094 515; x_wconf 89' lang='lat' dir='ltr'>et</span> <span class='ocrx_word' id='word_1_31' title='bbox 1118 471 1252 526; x_wconf 86' lang='lat' dir='ltr'>levia,</span> <span class='ocrx_word' id='word_1_32' title='bbox 1278 486 1395 531; x_wconf 88' lang='lat' dir='ltr'>quae</span> <span class='ocrx_word' id='word_1_33' title='bbox 1418 486 1444 516; x_wconf 92' lang='lat' dir='ltr'>a</span> <span class='ocrx_word' id='word_1_34' title='bbox 1468 473 1600 517; x_wconf 88' lang='lat' dir='ltr'>nobis</span> <span class='ocrx_word' id='word_1_35' title='bbox 1627 482 1870 516; x_wconf 89' lang='lat' dir='ltr'>moventur</span> <span class='ocrx_word' id='word_1_36' title='bbox 1895 486 1975 531; x_wconf 90' lang='lat' dir='ltr'>per</span> <span class='ocrx_word' id='word_1_37' title='bbox 1999 472 2171 518; x_wconf 80' lang='lat' dir='ltr'>intelle-</span> 
     </span>
     <span class='ocr_line' id='line_1_5' title="bbox 212 537 2172 598; baseline 0.001 -17"><span class='ocrx_word' id='word_1_38' title='bbox 212 547 350 581; x_wconf 91' lang='lat' dir='ltr'>ctum.</span> <span class='ocrx_word' id='word_1_39' title='bbox 381 538 660 597; x_wconf 89' lang='lat' dir='ltr'>Corporibus</span> <span class='ocrx_word' id='word_1_40' title='bbox 687 538 809 581; x_wconf 89' lang='lat' dir='ltr'>enim</span> <span class='ocrx_word' id='word_1_41' title='bbox 842 537 1053 596; x_wconf 88' lang='lat' dir='ltr'>gravibus</span> <span class='ocrx_word' id='word_1_42' title='bbox 1086 547 1131 582; x_wconf 93' lang='lat' dir='ltr'>et</span> <span class='ocrx_word' id='word_1_43' title='bbox 1155 538 1329 583; x_wconf 91' lang='lat' dir='ltr'>levibus</span> <span class='ocrx_word' id='word_1_44' title='bbox 1354 539 1471 584; x_wconf 90' lang='lat' dir='ltr'>inest</span> <span class='ocrx_word' id='word_1_45' title='bbox 1500 539 1719 583; x_wconf 89' lang='lat' dir='ltr'>naturalis</span> <span class='ocrx_word' id='word_1_46' title='bbox 1753 539 1957 598; x_wconf 87' lang='lat' dir='ltr'>aptitudo</span> <span class='ocrx_word' id='word_1_47' title='bbox 1985 539 2043 584; x_wconf 89' lang='lat' dir='ltr'>ad</span> <span class='ocrx_word' id='word_1_48' title='bbox 2064 553 2172 583; x_wconf 85' lang='lat' dir='ltr'>con·</span> 
     </span>
    </p>
   </div>
   <div class='ocr_carea' id='block_1_3' title="bbox 209 604 2205 665">
    <p class='ocr_par' dir='ltr' id='par_1_3' title="bbox 209 604 2205 665">
     <span class='ocr_line' id='line_1_6' title="bbox 209 604 2205 665; baseline 0.002 -18"><span class='ocrx_word' id='word_1_49' title='bbox 209 605 398 648; x_wconf 90' lang='lat' dir='ltr'>trarium</span> <span class='ocrx_word' id='word_1_50' title='bbox 440 614 615 648; x_wconf 90' lang='lat' dir='ltr'>motum</span> <span class='ocrx_word' id='word_1_51' title='bbox 653 605 692 648; x_wconf 89' lang='lat' dir='ltr'>ei</span> <span class='ocrx_word' id='word_1_52' title='bbox 725 618 816 662; x_wconf 90' lang='lat' dir='ltr'>quo</span> <span class='ocrx_word' id='word_1_53' title='bbox 850 613 1092 648; x_wconf 85' lang='lat' dir='ltr'>moventur</span> <span class='ocrx_word' id='word_1_54' title='bbox 1124 619 1147 648; x_wconf 88' lang='lat' dir='ltr'>a</span> <span class='ocrx_word' id='word_1_55' title='bbox 1189 605 1346 659; x_wconf 91' lang='lat' dir='ltr'>nobis;</span> <span class='ocrx_word' id='word_1_56' title='bbox 1379 616 1422 650; x_wconf 89' lang='lat' dir='ltr'>et</span> <span class='ocrx_word' id='word_1_57' title='bbox 1452 606 1558 655; x_wconf 88' lang='lat' dir='ltr'>ideo</span> <span class='ocrx_word' id='word_1_58' title='bbox 1586 621 1611 650; x_wconf 88' lang='lat' dir='ltr'>a</span> <span class='ocrx_word' id='word_1_59' title='bbox 1637 606 1770 650; x_wconf 92' lang='lat' dir='ltr'>nobis</span> <span class='ocrx_word' id='word_1_60' title='bbox 1811 615 2052 650; x_wconf 88' lang='lat' dir='ltr'>moventur</span> <span class='ocrx_word' id='word_1_61' title='bbox 2091 620 2172 665; x_wconf 88' lang='lat' dir='ltr'>per</span> <span class='ocrx_word' id='word_1_62' title='bbox 2203 604 2205 606; x_wconf 68' lang='grc'><strong>’</strong></span> 
     </span>
    </p>
   </div>
   <div class='ocr_carea' id='block_1_4' title="bbox 209 670 2175 1737">
    <p class='ocr_par' dir='ltr' id='par_1_4' title="bbox 209 670 2173 1063">
     <span class='ocr_line' id='line_1_7' title="bbox 209 670 2172 732; baseline 0.002 -18"><span class='ocrx_word' id='word_1_63' title='bbox 209 671 490 724; x_wconf 90' lang='lat' dir='ltr'>violentiam,</span> <span class='ocrx_word' id='word_1_64' title='bbox 517 670 623 714; x_wconf 92' lang='lat' dir='ltr'>licet</span> <span class='ocrx_word' id='word_1_65' title='bbox 648 679 801 714; x_wconf 90' lang='lat' dir='ltr'>motus</span> <span class='ocrx_word' id='word_1_66' title='bbox 828 671 1032 729; x_wconf 89' lang='lat' dir='ltr'>corporis</span> <span class='ocrx_word' id='word_1_67' title='bbox 1067 671 1275 716; x_wconf 88' lang='lat' dir='ltr'>animalis</span> <span class='ocrx_word' id='word_1_68' title='bbox 1301 687 1392 732; x_wconf 91' lang='lat' dir='ltr'>quo</span> <span class='ocrx_word' id='word_1_69' title='bbox 1425 682 1636 717; x_wconf 88' lang='lat' dir='ltr'>movetur</span> <span class='ocrx_word' id='word_1_70' title='bbox 1663 673 1716 716; x_wconf 92' lang='lat' dir='ltr'>ab</span> <span class='ocrx_word' id='word_1_71' title='bbox 1749 673 1902 717; x_wconf 86' lang='lat' dir='ltr'>anima</span> <span class='ocrx_word' id='word_1_72' title='bbox 1927 686 2021 717; x_wconf 89' lang='lat' dir='ltr'>non</span> <span class='ocrx_word' id='word_1_73' title='bbox 2047 672 2105 717; x_wconf 85' lang='lat' dir='ltr'>sit</span> <span class='ocrx_word' id='word_1_74' title='bbox 2126 673 2172 718; x_wconf 71' lang='lat' dir='ltr'>ei</span> 
     </span>
     <span class='ocr_line' id='line_1_8' title="bbox 209 737 2172 799; baseline 0.002 -18"><span class='ocrx_word' id='word_1_75' title='bbox 209 737 451 791; x_wconf 90' lang='lat' dir='ltr'>violentus,</span> <span class='ocrx_word' id='word_1_76' title='bbox 482 738 527 780; x_wconf 90' lang='lat' dir='ltr'>in</span> <span class='ocrx_word' id='word_1_77' title='bbox 562 747 782 796; x_wconf 90' lang='lat' dir='ltr'>quantum</span> <span class='ocrx_word' id='word_1_78' title='bbox 824 747 890 782; x_wconf 92' lang='lat' dir='ltr'>est</span> <span class='ocrx_word' id='word_1_79' title='bbox 924 738 1191 793; x_wconf 88' lang='lat' dir='ltr'>animatum,</span> <span class='ocrx_word' id='word_1_80' title='bbox 1224 739 1308 783; x_wconf 90' lang='lat' dir='ltr'>etsi</span> <span class='ocrx_word' id='word_1_81' title='bbox 1347 739 1404 784; x_wconf 90' lang='lat' dir='ltr'>sit</span> <span class='ocrx_word' id='word_1_82' title='bbox 1435 740 1477 785; x_wconf 91' lang='lat' dir='ltr'>ei</span> <span class='ocrx_word' id='word_1_83' title='bbox 1509 739 1750 794; x_wconf 90' lang='lat' dir='ltr'>violentus,</span> <span class='ocrx_word' id='word_1_84' title='bbox 1782 740 1830 783; x_wconf 93' lang='lat' dir='ltr'>in</span> <span class='ocrx_word' id='word_1_85' title='bbox 1855 748 2077 799; x_wconf 88' lang='lat' dir='ltr'>quantum</span> <span class='ocrx_word' id='word_1_86' title='bbox 2104 742 2172 784; x_wconf 76' lang='lat' dir='ltr'>est</span> 
     </span>
     <span class='ocr_line' id='line_1_9' title="bbox 211 804 2173 865; baseline 0.002 -18"><span class='ocrx_word' id='word_1_87' title='bbox 211 819 348 863; x_wconf 89' lang='lat' dir='ltr'>grave</span> <span class='ocrx_word' id='word_1_88' title='bbox 375 805 621 863; x_wconf 85' lang='lat' dir='ltr'>quoddam.</span> <span class='ocrx_word' id='word_1_89' title='bbox 657 804 867 862; x_wconf 88' lang='lat' dir='ltr'>Corpora</span> <span class='ocrx_word' id='word_1_90' title='bbox 900 814 1053 849; x_wconf 90' lang='lat' dir='ltr'>autem</span> <span class='ocrx_word' id='word_1_91' title='bbox 1081 805 1298 851; x_wconf 88' lang='lat' dir='ltr'>coelestia</span> <span class='ocrx_word' id='word_1_92' title='bbox 1327 820 1423 851; x_wconf 89' lang='lat' dir='ltr'>non</span> <span class='ocrx_word' id='word_1_93' title='bbox 1454 807 1625 851; x_wconf 88' lang='lat' dir='ltr'>habent</span> <span class='ocrx_word' id='word_1_94' title='bbox 1658 807 1956 865; x_wconf 82' lang='lat' dir='ltr'>aptitudinem</span> <span class='ocrx_word' id='word_1_95' title='bbox 1988 806 2045 851; x_wconf 86' lang='lat' dir='ltr'>ad</span> <span class='ocrx_word' id='word_1_96' title='bbox 2075 819 2173 851; x_wconf 88' lang='lat' dir='ltr'>mo-</span> 
     </span>
     <span class='ocr_line' id='line_1_10' title="bbox 210 870 2171 934; baseline 0.002 -18"><span class='ocrx_word' id='word_1_97' title='bbox 210 882 308 916; x_wconf 90' lang='lat' dir='ltr'>tum</span> <span class='ocrx_word' id='word_1_98' title='bbox 341 871 634 926; x_wconf 88' lang='lat' dir='ltr'>contrarium,</span> <span class='ocrx_word' id='word_1_99' title='bbox 661 871 739 915; x_wconf 90' lang='lat' dir='ltr'>sed</span> <span class='ocrx_word' id='word_1_100' title='bbox 773 871 828 915; x_wconf 91' lang='lat' dir='ltr'>ad</span> <span class='ocrx_word' id='word_1_101' title='bbox 853 870 985 916; x_wconf 90' lang='lat' dir='ltr'>illum</span> <span class='ocrx_word' id='word_1_102' title='bbox 1018 887 1109 932; x_wconf 93' lang='lat' dir='ltr'>quo</span> <span class='ocrx_word' id='word_1_103' title='bbox 1136 884 1379 918; x_wconf 91' lang='lat' dir='ltr'>moventur</span> <span class='ocrx_word' id='word_1_104' title='bbox 1405 889 1430 918; x_wconf 92' lang='lat' dir='ltr'>a</span> <span class='ocrx_word' id='word_1_105' title='bbox 1452 874 1701 919; x_wconf 89' lang='lat' dir='ltr'>substantia</span> <span class='ocrx_word' id='word_1_106' title='bbox 1721 874 2029 934; x_wconf 82' lang='lat' dir='ltr'>intelligente;</span> <span class='ocrx_word' id='word_1_107' title='bbox 2051 873 2171 919; x_wconf 87' lang='lat' dir='ltr'>unde</span> 
     </span>
     <span class='ocr_line' id='line_1_11' title="bbox 211 938 2172 1000; baseline 0.001 -17"><span class='ocrx_word' id='word_1_108' title='bbox 211 938 347 983; x_wconf 91' lang='lat' dir='ltr'>simul</span> <span class='ocrx_word' id='word_1_109' title='bbox 364 948 430 982; x_wconf 95' lang='lat' dir='ltr'>est</span> <span class='ocrx_word' id='word_1_110' title='bbox 446 938 743 991; x_wconf 87' lang='lat' dir='ltr'>voluntarius,</span> <span class='ocrx_word' id='word_1_111' title='bbox 771 948 992 997; x_wconf 88' lang='lat' dir='ltr'>quantum</span> <span class='ocrx_word' id='word_1_112' title='bbox 1018 939 1073 983; x_wconf 90' lang='lat' dir='ltr'>ad</span> <span class='ocrx_word' id='word_1_113' title='bbox 1100 940 1374 999; x_wconf 91' lang='lat' dir='ltr'>principium</span> <span class='ocrx_word' id='word_1_114' title='bbox 1396 941 1610 999; x_wconf 87' lang='lat' dir='ltr'>activum,</span> <span class='ocrx_word' id='word_1_115' title='bbox 1634 950 1678 985; x_wconf 92' lang='lat' dir='ltr'>et</span> <span class='ocrx_word' id='word_1_116' title='bbox 1698 941 1928 996; x_wconf 65' lang='lat' dir='ltr'>naturalis,</span> <span class='ocrx_word' id='word_1_117' title='bbox 1951 951 2172 1000; x_wconf 88' lang='lat' dir='ltr'>quantum</span> 
     </span>
     <span class='ocr_line' id='line_1_12' title="bbox 213 1004 845 1063; baseline 0.002 -16"><span class='ocrx_word' id='word_1_118' title='bbox 213 1006 268 1048; x_wconf 89' lang='lat' dir='ltr'>ad</span> <span class='ocrx_word' id='word_1_119' title='bbox 299 1004 572 1063; x_wconf 89' lang='lat' dir='ltr'>principium</span> <span class='ocrx_word' id='word_1_120' title='bbox 598 1005 845 1063; x_wconf 89' lang='lat' dir='ltr'>passivum.</span> 
     </span>
    </p>

    <p class='ocr_par' dir='ltr' id='par_1_5' title="bbox 210 1072 2175 1402">
     <span class='ocr_line' id='line_1_13' title="bbox 304 1072 2172 1135; baseline 0.001 -19"><span class='ocrx_word' id='word_1_121' title='bbox 304 1072 444 1124; x_wconf 87' lang='lat' dir='ltr'>Quod</span> <span class='ocrx_word' id='word_1_122' title='bbox 471 1082 624 1117; x_wconf 88' lang='lat' dir='ltr'>autem</span> <span class='ocrx_word' id='word_1_123' title='bbox 651 1082 804 1116; x_wconf 90' lang='lat' dir='ltr'>motus</span> <span class='ocrx_word' id='word_1_124' title='bbox 833 1072 952 1116; x_wconf 92' lang='lat' dir='ltr'>coeli</span> <span class='ocrx_word' id='word_1_125' title='bbox 979 1083 1045 1117; x_wconf 92' lang='lat' dir='ltr'>est</span> <span class='ocrx_word' id='word_1_126' title='bbox 1075 1073 1357 1119; x_wconf 88' lang='lat' dir='ltr'>voluntarius</span> <span class='ocrx_word' id='word_1_127' title='bbox 1390 1074 1642 1120; x_wconf 90' lang='lat' dir='ltr'>secundum</span> <span class='ocrx_word' id='word_1_128' title='bbox 1669 1076 1867 1120; x_wconf 91' lang='lat' dir='ltr'>activum</span> <span class='ocrx_word' id='word_1_129' title='bbox 1899 1074 2172 1135; x_wconf 88' lang='lat' dir='ltr'>principium</span> 
     </span>
     <span class='ocr_line' id='line_1_14' title="bbox 212 1139 2172 1201; baseline 0.001 -18"><span class='ocrx_word' id='word_1_130' title='bbox 212 1154 307 1184; x_wconf 93' lang='lat' dir='ltr'>non</span> <span class='ocrx_word' id='word_1_131' title='bbox 333 1148 558 1198; x_wconf 86' lang='lat' dir='ltr'>repugnat</span> <span class='ocrx_word' id='word_1_132' title='bbox 589 1139 749 1183; x_wconf 90' lang='lat' dir='ltr'>unitati</span> <span class='ocrx_word' id='word_1_133' title='bbox 774 1149 819 1183; x_wconf 91' lang='lat' dir='ltr'>et</span> <span class='ocrx_word' id='word_1_134' title='bbox 840 1139 1152 1185; x_wconf 85' lang='lat' dir='ltr'>conformitati</span> <span class='ocrx_word' id='word_1_135' title='bbox 1178 1140 1390 1186; x_wconf 89' lang='lat' dir='ltr'>coelestis</span> <span class='ocrx_word' id='word_1_136' title='bbox 1412 1152 1589 1197; x_wconf 89' lang='lat' dir='ltr'>motus;</span> <span class='ocrx_word' id='word_1_137' title='bbox 1616 1156 1671 1187; x_wconf 83' lang='lat' dir='ltr'>ex</span> <span class='ocrx_word' id='word_1_138' title='bbox 1695 1142 1786 1187; x_wconf 90' lang='lat' dir='ltr'>hoc</span> <span class='ocrx_word' id='word_1_139' title='bbox 1813 1141 1936 1201; x_wconf 91' lang='lat' dir='ltr'>quod</span> <span class='ocrx_word' id='word_1_140' title='bbox 1960 1141 2172 1186; x_wconf 81' lang='lat' dir='ltr'>voluntas</span> 
     </span>
     <span class='ocr_line' id='line_1_15' title="bbox 212 1205 2175 1269; baseline 0.001 -18"><span class='ocrx_word' id='word_1_141' title='bbox 212 1208 268 1252; x_wconf 90' lang='lat' dir='ltr'>ad</span> <span class='ocrx_word' id='word_1_142' title='bbox 296 1207 439 1252; x_wconf 90' lang='lat' dir='ltr'>multa</span> <span class='ocrx_word' id='word_1_143' title='bbox 471 1222 519 1252; x_wconf 91' lang='lat' dir='ltr'>se</span> <span class='ocrx_word' id='word_1_144' title='bbox 550 1208 687 1252; x_wconf 92' lang='lat' dir='ltr'>habet</span> <span class='ocrx_word' id='word_1_145' title='bbox 719 1218 764 1252; x_wconf 93' lang='lat' dir='ltr'>et</span> <span class='ocrx_word' id='word_1_146' title='bbox 794 1222 889 1252; x_wconf 86' lang='lat' dir='ltr'>non</span> <span class='ocrx_word' id='word_1_147' title='bbox 916 1218 984 1252; x_wconf 94' lang='lat' dir='ltr'>est</span> <span class='ocrx_word' id='word_1_148' title='bbox 1015 1208 1315 1253; x_wconf 85' lang='lat' dir='ltr'>determinata</span> <span class='ocrx_word' id='word_1_149' title='bbox 1342 1210 1398 1253; x_wconf 92' lang='lat' dir='ltr'>ad</span> <span class='ocrx_word' id='word_1_150' title='bbox 1430 1224 1597 1263; x_wconf 90' lang='lat' dir='ltr'>unum;</span> <span class='ocrx_word' id='word_1_151' title='bbox 1629 1210 1748 1269; x_wconf 87' lang='lat' dir='ltr'>quia,</span> <span class='ocrx_word' id='word_1_152' title='bbox 1775 1211 1891 1254; x_wconf 90' lang='lat' dir='ltr'>sicut</span> <span class='ocrx_word' id='word_1_153' title='bbox 1907 1205 2076 1253; x_wconf 83' lang='lat' dir='ltr'>&#39;natura</span> <span class='ocrx_word' id='word_1_154' title='bbox 2101 1207 2175 1253; x_wconf 88' lang='lat' dir='ltr'>de-</span> 
     </span>
     <span class='ocr_line' id='line_1_16' title="bbox 210 1275 2173 1336; baseline 0.001 -17"><span class='ocrx_word' id='word_1_155' title='bbox 210 1278 478 1319; x_wconf 83' lang='lat' dir='ltr'>terminatur</span> <span class='ocrx_word' id='word_1_156' title='bbox 508 1276 566 1319; x_wconf 92' lang='lat' dir='ltr'>ad</span> <span class='ocrx_word' id='word_1_157' title='bbox 591 1289 734 1319; x_wconf 90' lang='lat' dir='ltr'>unum</span> <span class='ocrx_word' id='word_1_158' title='bbox 760 1289 840 1335; x_wconf 92' lang='lat' dir='ltr'>per</span> <span class='ocrx_word' id='word_1_159' title='bbox 865 1290 997 1319; x_wconf 88' lang='lat' dir='ltr'>suam</span> <span class='ocrx_word' id='word_1_160' title='bbox 1023 1277 1253 1330; x_wconf 90' lang='lat' dir='ltr'>virtutem,</span> <span class='ocrx_word' id='word_1_161' title='bbox 1279 1277 1342 1320; x_wconf 87' lang='lat' dir='ltr'>ita</span> <span class='ocrx_word' id='word_1_162' title='bbox 1367 1276 1580 1321; x_wconf 91' lang='lat' dir='ltr'>voluntas</span> <span class='ocrx_word' id='word_1_163' title='bbox 1606 1276 1934 1321; x_wconf 85' lang='lat' dir='ltr'>determinatur</span> <span class='ocrx_word' id='word_1_164' title='bbox 1952 1275 2008 1320; x_wconf 84' lang='lat' dir='ltr'>ad</span> <span class='ocrx_word' id='word_1_165' title='bbox 2030 1288 2173 1336; x_wconf 76' lang='lat' dir='ltr'>unum</span> 
     </span>
     <span class='ocr_line' id='line_1_17' title="bbox 210 1342 2162 1402; baseline 0.001 -16"><span class='ocrx_word' id='word_1_166' title='bbox 210 1356 289 1401; x_wconf 91' lang='lat' dir='ltr'>per</span> <span class='ocrx_word' id='word_1_167' title='bbox 321 1357 451 1387; x_wconf 89' lang='lat' dir='ltr'>suam</span> <span class='ocrx_word' id='word_1_168' title='bbox 482 1343 768 1402; x_wconf 86' lang='lat' dir='ltr'>sapientiam,</span> <span class='ocrx_word' id='word_1_169' title='bbox 796 1357 883 1401; x_wconf 89' lang='lat' dir='ltr'>qua</span> <span class='ocrx_word' id='word_1_170' title='bbox 915 1342 1127 1387; x_wconf 88' lang='lat' dir='ltr'>voluntas</span> <span class='ocrx_word' id='word_1_171' title='bbox 1160 1343 1366 1402; x_wconf 84' lang='lat' dir='ltr'>dirigitur</span> <span class='ocrx_word' id='word_1_172' title='bbox 1391 1343 1684 1388; x_wconf 87' lang='lat' dir='ltr'>infallibiliter</span> <span class='ocrx_word' id='word_1_173' title='bbox 1718 1343 1774 1387; x_wconf 91' lang='lat' dir='ltr'>ad</span> <span class='ocrx_word' id='word_1_174' title='bbox 1800 1357 1944 1387; x_wconf 89' lang='lat' dir='ltr'>unum</span> <span class='ocrx_word' id='word_1_175' title='bbox 1974 1342 2128 1388; x_wconf 86' lang='lat' dir='ltr'>finem.</span> <span class='ocrx_word' id='word_1_176' title='bbox 2160 1386 2162 1389; x_wconf 83' lang='lat'>.</span> 
     </span>
    </p>

    <p class='ocr_par' dir='ltr' id='par_1_6' title="bbox 209 1409 2175 1737">
     <span class='ocr_line' id='line_1_18' title="bbox 299 1409 2172 1469; baseline 0.001 -16"><span class='ocrx_word' id='word_1_177' title='bbox 299 1410 429 1454; x_wconf 89' lang='lat' dir='ltr'>Patet</span> <span class='ocrx_word' id='word_1_178' title='bbox 460 1410 599 1454; x_wconf 90' lang='lat' dir='ltr'>etiam</span> <span class='ocrx_word' id='word_1_179' title='bbox 633 1424 686 1454; x_wconf 85' lang='lat' dir='ltr'>ex</span> <span class='ocrx_word' id='word_1_180' title='bbox 717 1411 977 1469; x_wconf 84' lang='lat' dir='ltr'>praemissis</span> <span class='ocrx_word' id='word_1_181' title='bbox 1009 1409 1148 1469; x_wconf 91' lang='lat' dir='ltr'>quod,</span> <span class='ocrx_word' id='word_1_182' title='bbox 1172 1410 1219 1454; x_wconf 90' lang='lat' dir='ltr'>in</span> <span class='ocrx_word' id='word_1_183' title='bbox 1253 1421 1382 1455; x_wconf 90' lang='lat' dir='ltr'>motu</span> <span class='ocrx_word' id='word_1_184' title='bbox 1416 1410 1549 1465; x_wconf 91' lang='lat' dir='ltr'>coeli,</span> <span class='ocrx_word' id='word_1_185' title='bbox 1571 1425 1666 1455; x_wconf 94' lang='lat' dir='ltr'>non</span> <span class='ocrx_word' id='word_1_186' title='bbox 1693 1420 1761 1455; x_wconf 91' lang='lat' dir='ltr'>est</span> <span class='ocrx_word' id='word_1_187' title='bbox 1779 1421 1939 1455; x_wconf 87' lang='lat' dir='ltr'>contra</span> <span class='ocrx_word' id='word_1_188' title='bbox 1962 1419 2172 1454; x_wconf 85' lang='lat' dir='ltr'>naturam</span> 
     </span>
     <span class='ocr_line' id='line_1_19' title="bbox 209 1476 2174 1536; baseline -0.001 -15"><span class='ocrx_word' id='word_1_189' title='bbox 209 1491 357 1536; x_wconf 92' lang='lat' dir='ltr'>neque</span> <span class='ocrx_word' id='word_1_190' title='bbox 392 1491 600 1521; x_wconf 87' lang='lat' dir='ltr'>accessus</span> <span class='ocrx_word' id='word_1_191' title='bbox 633 1477 690 1521; x_wconf 91' lang='lat' dir='ltr'>ad</span> <span class='ocrx_word' id='word_1_192' title='bbox 717 1476 901 1536; x_wconf 90' lang='lat' dir='ltr'>aliquod</span> <span class='ocrx_word' id='word_1_193' title='bbox 927 1478 1015 1532; x_wconf 85' lang='lat' dir='ltr'>ubi,</span> <span class='ocrx_word' id='word_1_194' title='bbox 1043 1491 1192 1536; x_wconf 91' lang='lat' dir='ltr'>neque</span> <span class='ocrx_word' id='word_1_195' title='bbox 1218 1491 1423 1522; x_wconf 90' lang='lat' dir='ltr'>recessus</span> <span class='ocrx_word' id='word_1_196' title='bbox 1458 1477 1511 1521; x_wconf 92' lang='lat' dir='ltr'>ab</span> <span class='ocrx_word' id='word_1_197' title='bbox 1540 1492 1610 1522; x_wconf 92' lang='lat' dir='ltr'>eo.</span> <span class='ocrx_word' id='word_1_198' title='bbox 1646 1478 1748 1522; x_wconf 93' lang='lat' dir='ltr'>Hoc</span> <span class='ocrx_word' id='word_1_199' title='bbox 1777 1476 1900 1522; x_wconf 91' lang='lat' dir='ltr'>enim</span> <span class='ocrx_word' id='word_1_200' title='bbox 1933 1477 2097 1522; x_wconf 81' lang='lat' dir='ltr'>accidit</span> <span class='ocrx_word' id='word_1_201' title='bbox 2125 1476 2174 1520; x_wconf 90' lang='lat' dir='ltr'>in</span> 
     </span>
     <span class='ocr_line' id='line_1_20' title="bbox 210 1543 2174 1604; baseline -0.001 -16"><span class='ocrx_word' id='word_1_202' title='bbox 210 1554 339 1588; x_wconf 89' lang='lat' dir='ltr'>motu</span> <span class='ocrx_word' id='word_1_203' title='bbox 366 1545 575 1603; x_wconf 89' lang='lat' dir='ltr'>gravium</span> <span class='ocrx_word' id='word_1_204' title='bbox 606 1553 651 1588; x_wconf 93' lang='lat' dir='ltr'>et</span> <span class='ocrx_word' id='word_1_205' title='bbox 675 1543 845 1588; x_wconf 90' lang='lat' dir='ltr'>levium</span> <span class='ocrx_word' id='word_1_206' title='bbox 871 1553 1056 1602; x_wconf 89' lang='lat' dir='ltr'>propter</span> <span class='ocrx_word' id='word_1_207' title='bbox 1086 1544 1201 1590; x_wconf 90' lang='lat' dir='ltr'>duo:</span> <span class='ocrx_word' id='word_1_208' title='bbox 1228 1545 1378 1603; x_wconf 86' lang='lat' dir='ltr'>primo</span> <span class='ocrx_word' id='word_1_209' title='bbox 1412 1545 1611 1604; x_wconf 90' lang='lat' dir='ltr'>quidem,</span> <span class='ocrx_word' id='word_1_210' title='bbox 1635 1545 1740 1604; x_wconf 91' lang='lat' dir='ltr'>quia</span> <span class='ocrx_word' id='word_1_211' title='bbox 1765 1544 1957 1589; x_wconf 86' lang='lat' dir='ltr'>intentio</span> <span class='ocrx_word' id='word_1_212' title='bbox 1983 1553 2174 1588; x_wconf 79' lang='lat' dir='ltr'>naturae</span> 
     </span>
     <span class='ocr_line' id='line_1_21' title="bbox 212 1610 2175 1669; baseline 0 -14"><span class='ocrx_word' id='word_1_213' title='bbox 212 1622 280 1655; x_wconf 91' lang='lat' dir='ltr'>est</span> <span class='ocrx_word' id='word_1_214' title='bbox 305 1612 619 1665; x_wconf 90' lang='lat' dir='ltr'>determinata,</span> <span class='ocrx_word' id='word_1_215' title='bbox 652 1620 696 1655; x_wconf 93' lang='lat' dir='ltr'>et</span> <span class='ocrx_word' id='word_1_216' title='bbox 726 1611 773 1654; x_wconf 90' lang='lat' dir='ltr'>in</span> <span class='ocrx_word' id='word_1_217' title='bbox 806 1611 1017 1669; x_wconf 87' lang='lat' dir='ltr'>gravibus</span> <span class='ocrx_word' id='word_1_218' title='bbox 1050 1621 1095 1655; x_wconf 92' lang='lat' dir='ltr'>et</span> <span class='ocrx_word' id='word_1_219' title='bbox 1126 1612 1172 1655; x_wconf 90' lang='lat' dir='ltr'>in</span> <span class='ocrx_word' id='word_1_220' title='bbox 1198 1610 1388 1665; x_wconf 90' lang='lat' dir='ltr'>levibus,</span> <span class='ocrx_word' id='word_1_221' title='bbox 1417 1611 1472 1655; x_wconf 91' lang='lat' dir='ltr'>ad</span> <span class='ocrx_word' id='word_1_222' title='bbox 1500 1624 1644 1655; x_wconf 88' lang='lat' dir='ltr'>unum</span> <span class='ocrx_word' id='word_1_223' title='bbox 1684 1611 1866 1667; x_wconf 82' lang='lat' dir='ltr'>locum3</span> <span class='ocrx_word' id='word_1_224' title='bbox 1897 1610 2032 1665; x_wconf 88' lang='lat' dir='ltr'>unde,</span> <span class='ocrx_word' id='word_1_225' title='bbox 2058 1610 2175 1656; x_wconf 82' lang='lat' dir='ltr'>sicut</span> 
     </span>
     <span class='ocr_line' id='line_1_22' title="bbox 210 1677 2175 1737; baseline -0.001 -14"><span class='ocrx_word' id='word_1_226' title='bbox 210 1679 474 1723; x_wconf 86' lang='lat' dir='ltr'>naturaliter</span> <span class='ocrx_word' id='word_1_227' title='bbox 499 1678 642 1723; x_wconf 92' lang='lat' dir='ltr'>tendit</span> <span class='ocrx_word' id='word_1_228' title='bbox 667 1678 714 1722; x_wconf 89' lang='lat' dir='ltr'>in</span> <span class='ocrx_word' id='word_1_229' title='bbox 739 1678 903 1737; x_wconf 89' lang='lat' dir='ltr'>ipsum,</span> <span class='ocrx_word' id='word_1_230' title='bbox 929 1678 992 1722; x_wconf 88' lang='lat' dir='ltr'>ita</span> <span class='ocrx_word' id='word_1_231' title='bbox 1019 1687 1177 1722; x_wconf 91' lang='lat' dir='ltr'>contra</span> <span class='ocrx_word' id='word_1_232' title='bbox 1203 1689 1414 1722; x_wconf 90' lang='lat' dir='ltr'>naturam</span> <span class='ocrx_word' id='word_1_233' title='bbox 1440 1678 1610 1723; x_wconf 89' lang='lat' dir='ltr'>recedit</span> <span class='ocrx_word' id='word_1_234' title='bbox 1644 1678 1697 1722; x_wconf 88' lang='lat' dir='ltr'>ab</span> <span class='ocrx_word' id='word_1_235' title='bbox 1725 1692 1806 1733; x_wconf 90' lang='lat' dir='ltr'>eo;</span> <span class='ocrx_word' id='word_1_236' title='bbox 1829 1677 2047 1733; x_wconf 78' lang='lat' dir='ltr'>secundo,</span> <span class='ocrx_word' id='word_1_237' title='bbox 2068 1677 2175 1736; x_wconf 90' lang='lat' dir='ltr'>quia</span> 
     </span>
    </p>
   </div>
   <div class='ocr_carea' id='block_1_5' title="bbox 212 1745 2237 1805">
    <p class='ocr_par' dir='ltr' id='par_1_7' title="bbox 212 1745 2237 1805">
     <span class='ocr_line' id='line_1_23' title="bbox 212 1745 2237 1805; baseline -0 -15"><span class='ocrx_word' id='word_1_238' title='bbox 212 1746 303 1790; x_wconf 90' lang='lat' dir='ltr'>duo</span> <span class='ocrx_word' id='word_1_239' title='bbox 323 1756 489 1801; x_wconf 91' lang='lat' dir='ltr'>motus,</span> <span class='ocrx_word' id='word_1_240' title='bbox 509 1760 705 1805; x_wconf 91' lang='lat' dir='ltr'>quorum</span> <span class='ocrx_word' id='word_1_241' title='bbox 732 1759 824 1789; x_wconf 93' lang='lat' dir='ltr'>uno</span> <span class='ocrx_word' id='word_1_242' title='bbox 853 1745 1028 1789; x_wconf 89' lang='lat' dir='ltr'>accedit</span> <span class='ocrx_word' id='word_1_243' title='bbox 1055 1745 1110 1789; x_wconf 91' lang='lat' dir='ltr'>ad</span> <span class='ocrx_word' id='word_1_244' title='bbox 1137 1746 1338 1789; x_wconf 90' lang='lat' dir='ltr'>medium</span> <span class='ocrx_word' id='word_1_245' title='bbox 1367 1755 1411 1790; x_wconf 90' lang='lat' dir='ltr'>et</span> <span class='ocrx_word' id='word_1_246' title='bbox 1437 1746 1579 1790; x_wconf 88' lang='lat' dir='ltr'>altero</span> <span class='ocrx_word' id='word_1_247' title='bbox 1603 1745 1789 1800; x_wconf 88' lang='lat' dir='ltr'>recedit,</span> <span class='ocrx_word' id='word_1_248' title='bbox 1815 1755 1920 1790; x_wconf 90' lang='lat' dir='ltr'>sunt</span> <span class='ocrx_word' id='word_1_249' title='bbox 1945 1745 2172 1790; x_wconf 85' lang='lat' dir='ltr'>contrarii.</span> <span class='ocrx_word' id='word_1_250' title='bbox 2232 1782 2237 1784; x_wconf 13' lang='lat' dir='ltr'>c</span> 
     </span>
    </p>
   </div>
   <div class='ocr_carea' id='block_1_6' title="bbox 210 1812 2176 2810">
    <p class='ocr_par' dir='ltr' id='par_1_8' title="bbox 210 1812 2176 2395">
     <span class='ocr_line' id='line_1_24' title="bbox 213 1812 2176 1871; baseline -0.001 -14"><span class='ocrx_word' id='word_1_251' title='bbox 213 1813 263 1857; x_wconf 92' lang='lat' dir='ltr'>Si</span> <span class='ocrx_word' id='word_1_252' title='bbox 297 1823 448 1857; x_wconf 89' lang='lat' dir='ltr'>autem</span> <span class='ocrx_word' id='word_1_253' title='bbox 483 1813 728 1871; x_wconf 86' lang='lat' dir='ltr'>accipiatur</span> <span class='ocrx_word' id='word_1_254' title='bbox 753 1812 800 1855; x_wconf 90' lang='lat' dir='ltr'>in</span> <span class='ocrx_word' id='word_1_255' title='bbox 827 1822 955 1856; x_wconf 90' lang='lat' dir='ltr'>motu</span> <span class='ocrx_word' id='word_1_256' title='bbox 983 1812 1191 1871; x_wconf 90' lang='lat' dir='ltr'>gravium</span> <span class='ocrx_word' id='word_1_257' title='bbox 1219 1822 1263 1856; x_wconf 91' lang='lat' dir='ltr'>et</span> <span class='ocrx_word' id='word_1_258' title='bbox 1287 1812 1459 1856; x_wconf 90' lang='lat' dir='ltr'>levium</span> <span class='ocrx_word' id='word_1_259' title='bbox 1485 1827 1580 1856; x_wconf 91' lang='lat' dir='ltr'>non</span> <span class='ocrx_word' id='word_1_260' title='bbox 1602 1812 1788 1856; x_wconf 87' lang='lat' dir='ltr'>ultimus</span> <span class='ocrx_word' id='word_1_261' title='bbox 1814 1812 1960 1867; x_wconf 86' lang='lat' dir='ltr'>locus,</span> <span class='ocrx_word' id='word_1_262' title='bbox 1982 1812 2062 1856; x_wconf 90' lang='lat' dir='ltr'>sed</span> <span class='ocrx_word' id='word_1_263' title='bbox 2082 1823 2176 1857; x_wconf 78' lang='lat' dir='ltr'>me·-</span> 
     </span>
     <span class='ocr_line' id='line_1_25' title="bbox 212 1878 2173 1938; baseline -0.001 -14"><span class='ocrx_word' id='word_1_264' title='bbox 212 1881 326 1935; x_wconf 92' lang='lat' dir='ltr'>dius,</span> <span class='ocrx_word' id='word_1_265' title='bbox 353 1880 470 1924; x_wconf 91' lang='lat' dir='ltr'>sicut</span> <span class='ocrx_word' id='word_1_266' title='bbox 496 1880 550 1923; x_wconf 88' lang='lat' dir='ltr'>ad</span> <span class='ocrx_word' id='word_1_267' title='bbox 577 1880 727 1938; x_wconf 90' lang='lat' dir='ltr'>ipsum</span> <span class='ocrx_word' id='word_1_268' title='bbox 755 1879 983 1923; x_wconf 87' lang='lat' dir='ltr'>acceditur</span> <span class='ocrx_word' id='word_1_269' title='bbox 1008 1878 1285 1933; x_wconf 87' lang='lat' dir='ltr'>naturaliter,</span> <span class='ocrx_word' id='word_1_270' title='bbox 1311 1880 1373 1923; x_wconf 91' lang='lat' dir='ltr'>ita</span> <span class='ocrx_word' id='word_1_271' title='bbox 1407 1880 1459 1922; x_wconf 89' lang='lat' dir='ltr'>ab</span> <span class='ocrx_word' id='word_1_272' title='bbox 1494 1880 1592 1938; x_wconf 88' lang='lat' dir='ltr'>ipso</span> <span class='ocrx_word' id='word_1_273' title='bbox 1633 1878 1896 1924; x_wconf 83' lang='lat' dir='ltr'>naturaliter</span> <span class='ocrx_word' id='word_1_274' title='bbox 1937 1878 2173 1932; x_wconf 82' lang='lat' dir='ltr'>receditur,</span> 
     </span>
     <span class='ocr_line' id='line_1_26' title="bbox 212 1945 2175 2006; baseline -0.001 -15"><span class='ocrx_word' id='word_1_275' title='bbox 212 1947 318 2006; x_wconf 91' lang='lat' dir='ltr'>quia</span> <span class='ocrx_word' id='word_1_276' title='bbox 343 1957 492 1991; x_wconf 90' lang='lat' dir='ltr'>toturn</span> <span class='ocrx_word' id='word_1_277' title='bbox 514 1956 601 1991; x_wconf 88' lang='lat' dir='ltr'>stat</span> <span class='ocrx_word' id='word_1_278' title='bbox 622 1946 702 1990; x_wconf 91' lang='lat' dir='ltr'>sub</span> <span class='ocrx_word' id='word_1_279' title='bbox 730 1960 820 1990; x_wconf 87' lang='lat' dir='ltr'>una</span> <span class='ocrx_word' id='word_1_280' title='bbox 846 1946 1096 1990; x_wconf 90' lang='lat' dir='ltr'>intentione</span> <span class='ocrx_word' id='word_1_281' title='bbox 1122 1955 1324 1999; x_wconf 85' lang='lat' dir='ltr'>naturae,</span> <span class='ocrx_word' id='word_1_282' title='bbox 1353 1956 1396 1990; x_wconf 91' lang='lat' dir='ltr'>et</span> <span class='ocrx_word' id='word_1_283' title='bbox 1421 1960 1515 1990; x_wconf 90' lang='lat' dir='ltr'>non</span> <span class='ocrx_word' id='word_1_284' title='bbox 1542 1956 1645 1990; x_wconf 90' lang='lat' dir='ltr'>sunt</span> <span class='ocrx_word' id='word_1_285' title='bbox 1667 1956 1819 1990; x_wconf 90' lang='lat' dir='ltr'>motus</span> <span class='ocrx_word' id='word_1_286' title='bbox 1843 1945 2073 2001; x_wconf 88' lang='lat' dir='ltr'>contrarii,</span> <span class='ocrx_word' id='word_1_287' title='bbox 2095 1945 2175 1990; x_wconf 89' lang='lat' dir='ltr'>sed</span> 
     </span>
     <span class='ocr_line' id='line_1_27' title="bbox 212 2012 2175 2072; baseline -0.001 -15"><span class='ocrx_word' id='word_1_288' title='bbox 212 2029 327 2058; x_wconf 91' lang='lat' dir='ltr'>unus</span> <span class='ocrx_word' id='word_1_289' title='bbox 360 2023 405 2057; x_wconf 92' lang='lat' dir='ltr'>et</span> <span class='ocrx_word' id='word_1_290' title='bbox 436 2015 692 2058; x_wconf 90' lang='lat' dir='ltr'>continuus.</span> <span class='ocrx_word' id='word_1_291' title='bbox 728 2013 797 2057; x_wconf 91' lang='lat' dir='ltr'>Ita</span> <span class='ocrx_word' id='word_1_292' title='bbox 839 2022 992 2057; x_wconf 90' lang='lat' dir='ltr'>autem</span> <span class='ocrx_word' id='word_1_293' title='bbox 1019 2013 1157 2056; x_wconf 83' lang='lat' dir='ltr'>estin</span> <span class='ocrx_word' id='word_1_294' title='bbox 1190 2022 1320 2056; x_wconf 90' lang='lat' dir='ltr'>motu</span> <span class='ocrx_word' id='word_1_295' title='bbox 1355 2012 1622 2057; x_wconf 91' lang='lat' dir='ltr'>coelestium</span> <span class='ocrx_word' id='word_1_296' title='bbox 1656 2026 1918 2072; x_wconf 88' lang='lat' dir='ltr'>corporum,</span> <span class='ocrx_word' id='word_1_297' title='bbox 1958 2013 2064 2072; x_wconf 88' lang='lat' dir='ltr'>quia</span> <span class='ocrx_word' id='word_1_298' title='bbox 2094 2026 2175 2056; x_wconf 91' lang='lat' dir='ltr'>na-</span> 
     </span>
     <span class='ocr_line' id='line_1_28' title="bbox 210 2079 2176 2138; baseline -0.001 -13"><span class='ocrx_word' id='word_1_299' title='bbox 210 2092 338 2125; x_wconf 91' lang='lat' dir='ltr'>turae</span> <span class='ocrx_word' id='word_1_300' title='bbox 365 2081 556 2124; x_wconf 90' lang='lat' dir='ltr'>intentio</span> <span class='ocrx_word' id='word_1_301' title='bbox 583 2094 677 2124; x_wconf 92' lang='lat' dir='ltr'>non</span> <span class='ocrx_word' id='word_1_302' title='bbox 700 2089 768 2124; x_wconf 90' lang='lat' dir='ltr'>est</span> <span class='ocrx_word' id='word_1_303' title='bbox 790 2080 846 2123; x_wconf 87' lang='lat' dir='ltr'>ad</span> <span class='ocrx_word' id='word_1_304' title='bbox 874 2079 1058 2138; x_wconf 88' lang='lat' dir='ltr'>aliquod</span> <span class='ocrx_word' id='word_1_305' title='bbox 1089 2080 1163 2123; x_wconf 84' lang='lat' dir='ltr'>ubi</span> <span class='ocrx_word' id='word_1_306' title='bbox 1194 2079 1561 2133; x_wconf 88' lang='lat' dir='ltr'>determinatum,</span> <span class='ocrx_word' id='word_1_307' title='bbox 1584 2089 1632 2124; x_wconf 91' lang='lat' dir='ltr'>ut</span> <span class='ocrx_word' id='word_1_308' title='bbox 1653 2081 1747 2138; x_wconf 86' lang='lat' dir='ltr'>jam</span> <span class='ocrx_word' id='word_1_309' title='bbox 1770 2079 1944 2124; x_wconf 88' lang='lat' dir='ltr'>dictum</span> <span class='ocrx_word' id='word_1_310' title='bbox 1965 2089 2057 2133; x_wconf 89' lang='lat' dir='ltr'>est;</span> <span class='ocrx_word' id='word_1_311' title='bbox 2079 2091 2176 2123; x_wconf 89' lang='lat' dir='ltr'>mo-</span> 
     </span>
     <span class='ocr_line' id='line_1_29' title="bbox 211 2145 2175 2207; baseline -0.002 -14"><span class='ocrx_word' id='word_1_312' title='bbox 211 2160 283 2193; x_wconf 90' lang='lat' dir='ltr'>tus</span> <span class='ocrx_word' id='word_1_313' title='bbox 309 2148 448 2192; x_wconf 87' lang='lat' dir='ltr'>etiam</span> <span class='ocrx_word' id='word_1_314' title='bbox 481 2162 572 2207; x_wconf 93' lang='lat' dir='ltr'>quo</span> <span class='ocrx_word' id='word_1_315' title='bbox 599 2147 771 2192; x_wconf 88' lang='lat' dir='ltr'>recedit</span> <span class='ocrx_word' id='word_1_316' title='bbox 803 2161 968 2206; x_wconf 92' lang='lat' dir='ltr'>corpus</span> <span class='ocrx_word' id='word_1_317' title='bbox 996 2145 1276 2190; x_wconf 84' lang='lat' dir='ltr'>circulariter</span> <span class='ocrx_word' id='word_1_318' title='bbox 1307 2156 1487 2191; x_wconf 91' lang='lat' dir='ltr'>motum</span> <span class='ocrx_word' id='word_1_319' title='bbox 1523 2147 1576 2190; x_wconf 90' lang='lat' dir='ltr'>ab</span> <span class='ocrx_word' id='word_1_320' title='bbox 1620 2146 1772 2206; x_wconf 90' lang='lat' dir='ltr'>aliquo</span> <span class='ocrx_word' id='word_1_321' title='bbox 1809 2147 1941 2206; x_wconf 88' lang='lat' dir='ltr'>signo</span> <span class='ocrx_word' id='word_1_322' title='bbox 1981 2159 2077 2190; x_wconf 87' lang='lat' dir='ltr'>non</span> <span class='ocrx_word' id='word_1_323' title='bbox 2108 2154 2175 2190; x_wconf 84' lang='lat' dir='ltr'>est</span> 
     </span>
     <span class='ocr_line' id='line_1_30' title="bbox 212 2213 2175 2273; baseline -0.002 -13"><span class='ocrx_word' id='word_1_324' title='bbox 212 2216 464 2260; x_wconf 88' lang='lat' dir='ltr'>contrarius</span> <span class='ocrx_word' id='word_1_325' title='bbox 492 2215 640 2259; x_wconf 91' lang='lat' dir='ltr'>motui</span> <span class='ocrx_word' id='word_1_326' title='bbox 666 2228 757 2273; x_wconf 91' lang='lat' dir='ltr'>quo</span> <span class='ocrx_word' id='word_1_327' title='bbox 789 2213 898 2257; x_wconf 91' lang='lat' dir='ltr'>illuc</span> <span class='ocrx_word' id='word_1_328' title='bbox 926 2214 1114 2267; x_wconf 90' lang='lat' dir='ltr'>accedit,</span> <span class='ocrx_word' id='word_1_329' title='bbox 1142 2213 1221 2258; x_wconf 90' lang='lat' dir='ltr'>sed</span> <span class='ocrx_word' id='word_1_330' title='bbox 1249 2223 1316 2257; x_wconf 91' lang='lat' dir='ltr'>est</span> <span class='ocrx_word' id='word_1_331' title='bbox 1342 2228 1457 2258; x_wconf 91' lang='lat' dir='ltr'>unus</span> <span class='ocrx_word' id='word_1_332' title='bbox 1489 2223 1642 2258; x_wconf 90' lang='lat' dir='ltr'>motus</span> <span class='ocrx_word' id='word_1_333' title='bbox 1675 2224 1719 2258; x_wconf 91' lang='lat' dir='ltr'>et</span> <span class='ocrx_word' id='word_1_334' title='bbox 1745 2213 2014 2268; x_wconf 88' lang='lat' dir='ltr'>continuus;</span> <span class='ocrx_word' id='word_1_335' title='bbox 2054 2213 2175 2257; x_wconf 88' lang='lat' dir='ltr'>unde</span> 
     </span>
     <span class='ocr_line' id='line_1_31' title="bbox 211 2279 2174 2342; baseline -0.001 -16"><span class='ocrx_word' id='word_1_336' title='bbox 211 2283 445 2342; x_wconf 88' lang='lat' dir='ltr'>quodlibet</span> <span class='ocrx_word' id='word_1_337' title='bbox 469 2283 558 2337; x_wconf 84' lang='lat' dir='ltr'>ubi,</span> <span class='ocrx_word' id='word_1_338' title='bbox 589 2282 636 2326; x_wconf 91' lang='lat' dir='ltr'>in</span> <span class='ocrx_word' id='word_1_339' title='bbox 663 2292 793 2326; x_wconf 90' lang='lat' dir='ltr'>motu</span> <span class='ocrx_word' id='word_1_340' title='bbox 822 2280 953 2335; x_wconf 92' lang='lat' dir='ltr'>coeli,</span> <span class='ocrx_word' id='word_1_341' title='bbox 987 2290 1055 2325; x_wconf 92' lang='lat' dir='ltr'>est</span> <span class='ocrx_word' id='word_1_342' title='bbox 1076 2281 1192 2325; x_wconf 90' lang='lat' dir='ltr'>sicut</span> <span class='ocrx_word' id='word_1_343' title='bbox 1218 2280 1438 2335; x_wconf 91' lang='lat' dir='ltr'>medium,</span> <span class='ocrx_word' id='word_1_344' title='bbox 1467 2291 1511 2325; x_wconf 90' lang='lat' dir='ltr'>et</span> <span class='ocrx_word' id='word_1_345' title='bbox 1545 2295 1640 2325; x_wconf 93' lang='lat' dir='ltr'>non</span> <span class='ocrx_word' id='word_1_346' title='bbox 1684 2281 1802 2325; x_wconf 88' lang='lat' dir='ltr'>sicut</span> <span class='ocrx_word' id='word_1_347' title='bbox 1833 2289 2087 2325; x_wconf 80' lang='lat' dir='ltr'>extremum</span> <span class='ocrx_word' id='word_1_348' title='bbox 2126 2279 2174 2323; x_wconf 90' lang='lat' dir='ltr'>in</span> 
     </span>
     <span class='ocr_line' id='line_1_32' title="bbox 211 2358 509 2395; baseline -0.007 0"><span class='ocrx_word' id='word_1_349' title='bbox 211 2360 342 2395; x_wconf 90' lang='lat' dir='ltr'>motu</span> <span class='ocrx_word' id='word_1_350' title='bbox 368 2358 509 2393; x_wconf 90' lang='lat' dir='ltr'>recto.</span> 
     </span>
    </p>

    <p class='ocr_par' dir='ltr' id='par_1_9' title="bbox 211 2414 2176 2810">
     <span class='ocr_line' id='line_1_33' title="bbox 299 2414 2174 2474; baseline -0.002 -11"><span class='ocrx_word' id='word_1_351' title='bbox 299 2416 408 2463; x_wconf 91' lang='lat' dir='ltr'>Non</span> <span class='ocrx_word' id='word_1_352' title='bbox 435 2415 582 2461; x_wconf 91' lang='lat' dir='ltr'>differt</span> <span class='ocrx_word' id='word_1_353' title='bbox 608 2426 776 2470; x_wconf 89' lang='lat' dir='ltr'>autem,</span> <span class='ocrx_word' id='word_1_354' title='bbox 813 2424 1032 2474; x_wconf 89' lang='lat' dir='ltr'>quantum</span> <span class='ocrx_word' id='word_1_355' title='bbox 1062 2414 1118 2459; x_wconf 91' lang='lat' dir='ltr'>ad</span> <span class='ocrx_word' id='word_1_356' title='bbox 1144 2424 1431 2473; x_wconf 89' lang='lat' dir='ltr'>praesentem</span> <span class='ocrx_word' id='word_1_357' title='bbox 1456 2414 1775 2469; x_wconf 89' lang='lat' dir='ltr'>intentionem,</span> <span class='ocrx_word' id='word_1_358' title='bbox 1814 2424 1968 2459; x_wconf 89' lang='lat' dir='ltr'>utrum</span> <span class='ocrx_word' id='word_1_359' title='bbox 2010 2427 2174 2473; x_wconf 87' lang='lat' dir='ltr'>corpus</span> 
     </span>
     <span class='ocr_line' id='line_1_34' title="bbox 213 2481 2174 2540; baseline -0.003 -9"><span class='ocrx_word' id='word_1_360' title='bbox 213 2485 412 2531; x_wconf 90' lang='lat' dir='ltr'>coeleste</span> <span class='ocrx_word' id='word_1_361' title='bbox 444 2494 684 2529; x_wconf 88' lang='lat' dir='ltr'>moveatur</span> <span class='ocrx_word' id='word_1_362' title='bbox 710 2498 734 2527; x_wconf 93' lang='lat' dir='ltr'>a</span> <span class='ocrx_word' id='word_1_363' title='bbox 758 2482 1006 2528; x_wconf 89' lang='lat' dir='ltr'>substantia</span> <span class='ocrx_word' id='word_1_364' title='bbox 1031 2481 1329 2526; x_wconf 88' lang='lat' dir='ltr'>intellectuali</span> <span class='ocrx_word' id='word_1_365' title='bbox 1355 2483 1615 2540; x_wconf 77' lang='lat' dir='ltr'>coniuncta,</span> <span class='ocrx_word' id='word_1_366' title='bbox 1642 2496 1757 2540; x_wconf 92' lang='lat' dir='ltr'>quae</span> <span class='ocrx_word' id='word_1_367' title='bbox 1790 2482 1848 2526; x_wconf 91' lang='lat' dir='ltr'>sit</span> <span class='ocrx_word' id='word_1_368' title='bbox 1878 2481 2032 2525; x_wconf 83' lang='lat' dir='ltr'>anima</span> <span class='ocrx_word' id='word_1_369' title='bbox 2063 2481 2174 2539; x_wconf 87' lang='lat' dir='ltr'>ejus,</span> 
     </span>
     <span class='ocr_line' id='line_1_35' title="bbox 211 2547 2175 2610; baseline -0.003 -12"><span class='ocrx_word' id='word_1_370' title='bbox 211 2553 287 2599; x_wconf 88' lang='lat' dir='ltr'>vel</span> <span class='ocrx_word' id='word_1_371' title='bbox 313 2567 339 2597; x_wconf 89' lang='lat' dir='ltr'>a</span> <span class='ocrx_word' id='word_1_372' title='bbox 369 2552 619 2598; x_wconf 91' lang='lat' dir='ltr'>substantia</span> <span class='ocrx_word' id='word_1_373' title='bbox 640 2559 861 2610; x_wconf 89' lang='lat' dir='ltr'>separata,</span> <span class='ocrx_word' id='word_1_374' title='bbox 889 2560 934 2595; x_wconf 93' lang='lat' dir='ltr'>et</span> <span class='ocrx_word' id='word_1_375' title='bbox 955 2560 1107 2594; x_wconf 90' lang='lat' dir='ltr'>utrum</span> <span class='ocrx_word' id='word_1_376' title='bbox 1130 2549 1488 2608; x_wconf 91' lang='lat' dir='ltr'>unumquodque</span> <span class='ocrx_word' id='word_1_377' title='bbox 1517 2562 1763 2607; x_wconf 90' lang='lat' dir='ltr'>corporum</span> <span class='ocrx_word' id='word_1_378' title='bbox 1788 2547 2057 2593; x_wconf 87' lang='lat' dir='ltr'>coelestium</span> <span class='ocrx_word' id='word_1_379' title='bbox 2078 2561 2175 2592; x_wconf 90' lang='lat' dir='ltr'>mo-</span> 
     </span>
     <span class='ocr_line' id='line_1_36' title="bbox 211 2613 2176 2673; baseline -0.003 -8"><span class='ocrx_word' id='word_1_380' title='bbox 211 2631 371 2666; x_wconf 86' lang='lat' dir='ltr'>veatur</span> <span class='ocrx_word' id='word_1_381' title='bbox 398 2634 423 2663; x_wconf 92' lang='lat' dir='ltr'>a</span> <span class='ocrx_word' id='word_1_382' title='bbox 453 2620 572 2673; x_wconf 94' lang='lat' dir='ltr'>Deo,</span> <span class='ocrx_word' id='word_1_383' title='bbox 611 2618 686 2663; x_wconf 86' lang='lat' dir='ltr'>vel</span> <span class='ocrx_word' id='word_1_384' title='bbox 724 2617 903 2662; x_wconf 92' lang='lat' dir='ltr'>nullum</span> <span class='ocrx_word' id='word_1_385' title='bbox 929 2615 1207 2670; x_wconf 88' lang='lat' dir='ltr'>immediate,</span> <span class='ocrx_word' id='word_1_386' title='bbox 1249 2616 1327 2660; x_wconf 91' lang='lat' dir='ltr'>sed</span> <span class='ocrx_word' id='word_1_387' title='bbox 1360 2615 1663 2660; x_wconf 90' lang='lat' dir='ltr'>mediantibus</span> <span class='ocrx_word' id='word_1_388' title='bbox 1703 2615 1963 2660; x_wconf 86' lang='lat' dir='ltr'>substantiis</span> <span class='ocrx_word' id='word_1_389' title='bbox 2002 2613 2176 2660; x_wconf 76' lang='lat' dir='ltr'>intelle·</span> 
     </span>
     <span class='ocr_line' id='line_1_37' title="bbox 214 2681 2174 2744; baseline -0.004 -11"><span class='ocrx_word' id='word_1_390' title='bbox 214 2688 435 2733; x_wconf 87' lang='lat' dir='ltr'>ctualibus</span> <span class='ocrx_word' id='word_1_391' title='bbox 469 2688 644 2741; x_wconf 86' lang='lat' dir='ltr'>creatis,</span> <span class='ocrx_word' id='word_1_392' title='bbox 671 2696 749 2730; x_wconf 87' lang='lat' dir='ltr'>aut</span> <span class='ocrx_word' id='word_1_393' title='bbox 774 2687 974 2744; x_wconf 86' lang='lat' dir='ltr'>primurn</span> <span class='ocrx_word' id='word_1_394' title='bbox 1004 2692 1183 2728; x_wconf 88' lang='lat' dir='ltr'>tantum</span> <span class='ocrx_word' id='word_1_395' title='bbox 1209 2682 1475 2728; x_wconf 89' lang='lat' dir='ltr'>immediate</span> <span class='ocrx_word' id='word_1_396' title='bbox 1502 2698 1527 2727; x_wconf 92' lang='lat' dir='ltr'>a</span> <span class='ocrx_word' id='word_1_397' title='bbox 1552 2683 1672 2738; x_wconf 91' lang='lat' dir='ltr'>Deo,</span> <span class='ocrx_word' id='word_1_398' title='bbox 1705 2681 1796 2727; x_wconf 88' lang='lat' dir='ltr'>alia</span> <span class='ocrx_word' id='word_1_399' title='bbox 1827 2696 1937 2726; x_wconf 88' lang='lat' dir='ltr'>vero</span> <span class='ocrx_word' id='word_1_400' title='bbox 1970 2681 2174 2726; x_wconf 84' lang='lat' dir='ltr'>median-</span> 
     </span>
     <span class='ocr_line' id='line_1_38' title="bbox 212 2748 2176 2810; baseline -0.004 -10"><span class='ocrx_word' id='word_1_401' title='bbox 212 2756 331 2800; x_wconf 90' lang='lat' dir='ltr'>tibus</span> <span class='ocrx_word' id='word_1_402' title='bbox 363 2754 621 2800; x_wconf 88' lang='lat' dir='ltr'>substantiis</span> <span class='ocrx_word' id='word_1_403' title='bbox 649 2753 834 2808; x_wconf 88' lang='lat' dir='ltr'>creatis;</span> <span class='ocrx_word' id='word_1_404' title='bbox 862 2751 1114 2797; x_wconf 91' lang='lat' dir='ltr'>dummodo</span> <span class='ocrx_word' id='word_1_405' title='bbox 1140 2751 1363 2795; x_wconf 79' lang='lat' dir='ltr'>habeatur</span> <span class='ocrx_word' id='word_1_406' title='bbox 1384 2750 1507 2810; x_wconf 89' lang='lat' dir='ltr'>quod</span> <span class='ocrx_word' id='word_1_407' title='bbox 1533 2760 1687 2795; x_wconf 89' lang='lat' dir='ltr'>motus</span> <span class='ocrx_word' id='word_1_408' title='bbox 1710 2748 1919 2794; x_wconf 89' lang='lat' dir='ltr'>coelestis</span> <span class='ocrx_word' id='word_1_409' title='bbox 1941 2758 2009 2794; x_wconf 89' lang='lat' dir='ltr'>est</span> <span class='ocrx_word' id='word_1_410' title='bbox 2031 2761 2057 2793; x_wconf 84' lang='lat' dir='ltr'>a</span> <span class='ocrx_word' id='word_1_411' title='bbox 2076 2748 2176 2794; x_wconf 86' lang='lat' dir='ltr'>sub-</span> 
     </span>
    </p>
   </div>
   <div class='ocr_carea' id='block_1_7' title="bbox 213 2819 719 2868">
    <p class='ocr_par' dir='ltr' id='par_1_10' title="bbox 213 2819 719 2868">
     <span class='ocr_line' id='line_1_39' title="bbox 213 2819 719 2868; baseline -0.008 0"><span class='ocrx_word' id='word_1_412' title='bbox 213 2823 377 2868; x_wconf 88' lang='lat' dir='ltr'>stantia</span> <span class='ocrx_word' id='word_1_413' title='bbox 409 2819 719 2867; x_wconf 90' lang='lat' dir='ltr'>intellectuali.</span> 
     </span>
    </p>
   </div>
   <div class='ocr_carea' id='block_1_8' title="bbox 944 3020 1450 3077">
    <p class='ocr_par' dir='ltr' id='par_1_11' title="bbox 944 3020 1450 3077">
     <span class='ocr_line' id='line_1_40' title="bbox 944 3020 1450 3077; baseline -0.002 0"><span class='ocrx_word' id='word_1_414' title='bbox 944 3020 1199 3077; x_wconf 91' lang='lat' dir='ltr'><strong>CAPUT</strong></span> <span class='ocrx_word' id='word_1_415' title='bbox 1240 3020 1450 3076; x_wconf 88' lang='lat' dir='ltr'><strong>XXIV.</strong></span> 
     </span>
    </p>
   </div>
   <div class='ocr_carea' id='block_1_9' title="bbox 215 3150 2172 3208">
    <p class='ocr_par' dir='ltr' id='par_1_12' title="bbox 215 3150 2172 3208">
     <span class='ocr_line' id='line_1_41' title="bbox 215 3150 2172 3208; baseline -0.005 -10"><span class='ocrx_word' id='word_1_416' title='bbox 215 3159 376 3207; x_wconf 87' lang='lat' dir='ltr'><strong>QUOD</strong></span> <span class='ocrx_word' id='word_1_417' title='bbox 412 3158 589 3200; x_wconf 85' lang='lat' dir='ltr'>OMNIA</span> <span class='ocrx_word' id='word_1_418' title='bbox 629 3156 920 3197; x_wconf 88' lang='lat' dir='ltr'><strong>APPETUNT</strong></span> <span class='ocrx_word' id='word_1_419' title='bbox 946 3156 1157 3208; x_wconf 88' lang='lat' dir='ltr'>BONUM,</span> <span class='ocrx_word' id='word_1_420' title='bbox 1184 3156 1358 3195; x_wconf 87' lang='lat' dir='ltr'><strong>ETIAM</strong></span> <span class='ocrx_word' id='word_1_421' title='bbox 1384 3155 1535 3202; x_wconf 85' lang='lat' dir='ltr'><strong>QUAE</strong></span> <span class='ocrx_word' id='word_1_422' title='bbox 1566 3152 1915 3195; x_wconf 74' lang='lat' dir='ltr'>COGNITIONE</span> <span class='ocrx_word' id='word_1_423' title='bbox 1937 3150 2172 3193; x_wconf 73' lang='lat' dir='ltr'>CARENT.</span> 
     </span>
    </p>
   </div>
   <div class='ocr_carea' id='block_1_10' title="bbox 214 3279 2177 3675">
    <p class='ocr_par' dir='ltr' id='par_1_13' title="bbox 214 3279 2177 3675">
     <span class='ocr_line' id='line_1_42' title="bbox 302 3279 2176 3342; baseline -0.003 -14"><span class='ocrx_word' id='word_1_424' title='bbox 302 3284 352 3329; x_wconf 92' lang='lat' dir='ltr'>Si</span> <span class='ocrx_word' id='word_1_425' title='bbox 385 3294 539 3328; x_wconf 87' lang='lat' dir='ltr'>autem</span> <span class='ocrx_word' id='word_1_426' title='bbox 567 3296 729 3342; x_wconf 91' lang='lat' dir='ltr'>corpus</span> <span class='ocrx_word' id='word_1_427' title='bbox 756 3281 956 3327; x_wconf 91' lang='lat' dir='ltr'>coeleste</span> <span class='ocrx_word' id='word_1_428' title='bbox 983 3295 1008 3326; x_wconf 89' lang='lat' dir='ltr'>a</span> <span class='ocrx_word' id='word_1_429' title='bbox 1030 3280 1278 3326; x_wconf 90' lang='lat' dir='ltr'>substantia</span> <span class='ocrx_word' id='word_1_430' title='bbox 1305 3279 1600 3325; x_wconf 89' lang='lat' dir='ltr'>intellectuali</span> <span class='ocrx_word' id='word_1_431' title='bbox 1621 3288 1846 3334; x_wconf 85' lang='lat' dir='ltr'>movetur,</span> <span class='ocrx_word' id='word_1_432' title='bbox 1868 3288 1918 3323; x_wconf 87' lang='lat' dir='ltr'>ut</span> <span class='ocrx_word' id='word_1_433' title='bbox 1939 3287 2176 3323; x_wconf 71' lang='lat' dir='ltr'>ostensum</span> 
     </span>
     <span class='ocr_line' id='line_1_43' title="bbox 214 3343 2174 3410; baseline -0.003 -15"><span class='ocrx_word' id='word_1_434' title='bbox 214 3361 282 3396; x_wconf 90' lang='lat' dir='ltr'>est</span> <span class='ocrx_word' id='word_1_435' title='bbox 308 3352 368 3408; x_wconf 93' lang='lat' dir='ltr'>(c.</span> <span class='ocrx_word' id='word_1_436' title='bbox 402 3352 509 3410; x_wconf 82' lang='lat'>23.)‚</span> <span class='ocrx_word' id='word_1_437' title='bbox 542 3360 695 3394; x_wconf 90' lang='lat' dir='ltr'>motus</span> <span class='ocrx_word' id='word_1_438' title='bbox 729 3359 883 3394; x_wconf 87' lang='lat' dir='ltr'>autern</span> <span class='ocrx_word' id='word_1_439' title='bbox 916 3349 1119 3408; x_wconf 90' lang='lat' dir='ltr'>corporis</span> <span class='ocrx_word' id='word_1_440' title='bbox 1147 3347 1360 3392; x_wconf 41' lang='lat' dir='ltr'>coelestis*</span> <span class='ocrx_word' id='word_1_441' title='bbox 1389 3348 1624 3393; x_wconf 88' lang='lat' dir='ltr'>ordinatur</span> <span class='ocrx_word' id='word_1_442' title='bbox 1665 3347 1720 3391; x_wconf 88' lang='lat' dir='ltr'>ad</span> <span class='ocrx_word' id='word_1_443' title='bbox 1752 3345 2097 3406; x_wconf 84' lang='lat' dir='ltr'>generationem</span> <span class='ocrx_word' id='word_1_444' title='bbox 2125 3343 2174 3389; x_wconf 85' lang='lat' dir='ltr'>in</span> 
     </span>
     <span class='ocr_line' id='line_1_44' title="bbox 214 3411 2177 3475; baseline -0.004 -12"><span class='ocrx_word' id='word_1_445' title='bbox 214 3418 516 3472; x_wconf 86' lang='lat' dir='ltr'>inferioribus,</span> <span class='ocrx_word' id='word_1_446' title='bbox 536 3431 723 3462; x_wconf 89' lang='lat' dir='ltr'>necesse</span> <span class='ocrx_word' id='word_1_447' title='bbox 750 3426 816 3461; x_wconf 91' lang='lat' dir='ltr'>est</span> <span class='ocrx_word' id='word_1_448' title='bbox 838 3416 960 3475; x_wconf 92' lang='lat' dir='ltr'>quod</span> <span class='ocrx_word' id='word_1_449' title='bbox 988 3415 1305 3475; x_wconf 89' lang='lat' dir='ltr'>generationes</span> <span class='ocrx_word' id='word_1_450' title='bbox 1327 3424 1371 3458; x_wconf 91' lang='lat' dir='ltr'>et</span> <span class='ocrx_word' id='word_1_451' title='bbox 1392 3425 1545 3459; x_wconf 90' lang='lat' dir='ltr'>motus</span> <span class='ocrx_word' id='word_1_452' title='bbox 1570 3414 1765 3459; x_wconf 88' lang='lat' dir='ltr'>istorum</span> <span class='ocrx_word' id='word_1_453' title='bbox 1789 3411 2055 3458; x_wconf 81' lang='lat' dir='ltr'>inferiorum</span> <span class='ocrx_word' id='word_1_454' title='bbox 2076 3423 2177 3471; x_wconf 83' lang='lat' dir='ltr'>pro-</span> 
     </span>
     <span class='ocr_line' id='line_1_45' title="bbox 217 3477 2175 3540; baseline -0.004 -11"><span class='ocrx_word' id='word_1_455' title='bbox 217 3485 379 3529; x_wconf 89' lang='lat' dir='ltr'>cedant</span> <span class='ocrx_word' id='word_1_456' title='bbox 404 3500 457 3529; x_wconf 88' lang='lat' dir='ltr'>ex</span> <span class='ocrx_word' id='word_1_457' title='bbox 488 3485 740 3529; x_wconf 90' lang='lat' dir='ltr'>intentione</span> <span class='ocrx_word' id='word_1_458' title='bbox 773 3483 1048 3528; x_wconf 85' lang='lat' dir='ltr'>substantiae</span> <span class='ocrx_word' id='word_1_459' title='bbox 1080 3480 1388 3540; x_wconf 85' lang='lat' dir='ltr'>intelligentis.</span> <span class='ocrx_word' id='word_1_460' title='bbox 1414 3481 1466 3524; x_wconf 89' lang='lat' dir='ltr'>In</span> <span class='ocrx_word' id='word_1_461' title='bbox 1490 3481 1705 3525; x_wconf 89' lang='lat' dir='ltr'>eumdem</span> <span class='ocrx_word' id='word_1_462' title='bbox 1727 3479 1851 3524; x_wconf 87' lang='lat' dir='ltr'>enim</span> <span class='ocrx_word' id='word_1_463' title='bbox 1871 3477 2014 3524; x_wconf 77' lang='lat' dir='ltr'>fertur</span> <span class='ocrx_word' id='word_1_464' title='bbox 2034 3477 2175 3522; x_wconf 87' lang='lat' dir='ltr'>finem</span> 
     </span>
     <span class='ocr_line' id='line_1_46' title="bbox 215 3543 2176 3611; baseline -0.003 -15"><span class='ocrx_word' id='word_1_465' title='bbox 215 3552 405 3597; x_wconf 87' lang='lat' dir='ltr'>intentio</span> <span class='ocrx_word' id='word_1_466' title='bbox 438 3550 697 3611; x_wconf 90' lang='lat' dir='ltr'>principalis</span> <span class='ocrx_word' id='word_1_467' title='bbox 730 3549 904 3610; x_wconf 90' lang='lat' dir='ltr'>agentis</span> <span class='ocrx_word' id='word_1_468' title='bbox 936 3559 981 3595; x_wconf 89' lang='lat' dir='ltr'>et</span> <span class='ocrx_word' id='word_1_469' title='bbox 1010 3548 1311 3595; x_wconf 86' lang='lat' dir='ltr'>instrumenti</span> <span class='ocrx_word' id='word_1_470' title='bbox 1361 3546 1559 3592; x_wconf 90' lang='lat' dir='ltr'>Coelum</span> <span class='ocrx_word' id='word_1_471' title='bbox 1603 3557 1756 3592; x_wconf 82' lang='lat' dir='ltr'>autem</span> <span class='ocrx_word' id='word_1_472' title='bbox 1787 3556 1857 3592; x_wconf 71' lang='lat' dir='ltr'>eat</span> <span class='ocrx_word' id='word_1_473' title='bbox 1888 3558 2027 3591; x_wconf 65' lang='lat' dir='ltr'>causa</span> <span class='ocrx_word' id='word_1_474' title='bbox 2066 3543 2176 3590; x_wconf 82' lang='lat' dir='ltr'>infe-</span> 
     </span>
     <span class='ocr_line' id='line_1_47' title="bbox 217 3609 2176 3675; baseline -0.004 -11"><span class='ocrx_word' id='word_1_475' title='bbox 217 3620 391 3664; x_wconf 86' lang='lat' dir='ltr'>riorum</span> <span class='ocrx_word' id='word_1_476' title='bbox 417 3628 644 3673; x_wconf 86' lang='lat' dir='ltr'>motuum,</span> <span class='ocrx_word' id='word_1_477' title='bbox 670 3617 924 3663; x_wconf 87' lang='lat' dir='ltr'>secundum</span> <span class='ocrx_word' id='word_1_478' title='bbox 949 3630 1084 3663; x_wconf 86' lang='lat' dir='ltr'>suum</span> <span class='ocrx_word' id='word_1_479' title='bbox 1110 3625 1289 3662; x_wconf 89' lang='lat' dir='ltr'>motum</span> <span class='ocrx_word' id='word_1_480' title='bbox 1322 3628 1414 3675; x_wconf 87' lang='lat' dir='ltr'>quo</span> <span class='ocrx_word' id='word_1_481' title='bbox 1446 3624 1657 3660; x_wconf 87' lang='lat' dir='ltr'>movetur</span> <span class='ocrx_word' id='word_1_482' title='bbox 1688 3627 1715 3660; x_wconf 86' lang='lat' dir='ltr'>a</span> <span class='ocrx_word' id='word_1_483' title='bbox 1735 3609 1983 3659; x_wconf 66' lang='lat' dir='ltr'>substantia</span> <span class='ocrx_word' id='word_1_484' title='bbox 2002 3610 2176 3658; x_wconf 65' lang='lat' dir='ltr'>melle·</span> 
     </span>
    </p>
   </div>
  </div>
 </body>
</html>
