2294 3854
809 222 962 261 Lmen
1000 222 1073 260 1v.
1103 222 1234 284 uon.
1277 222 1383 260 L1v.
1965 207 2069 276 649

42 336 46 384 ᾗ
119 323 243 401 quod
273 323 399 367 Deus
423 321 551 366 fieret
580 322 741 376 homo,
768 324 874 382 quia
900 324 1037 369 etiam
1061 322 1328 369 naturaliter
1352 322 1498 367 homo
1520 320 1700 365 homini
1726 321 1901 365 amicus
1927 331 2007 375 est,
2026 331 2075 366 ut

118 389 200 444 sic,
226 389 335 433 dum
362 387 595 432 visibiliter
626 388 776 432 Deum
812 390 1151 446 cognoscimus,
1183 389 1229 432 in
1261 387 1556 433 invisibilium
1589 401 1796 431 amorem
1829 387 2072 446 rapiamur.

130 509 137 511 „
201 454 427 506 Similiter
464 455 600 499 etiam
640 453 933 499 manifestum
975 466 1043 500 est
1073 455 1195 514 quod
1231 454 1461 500 beatitudo
1494 454 1669 498 virtutis
1704 464 1774 498 est
1802 454 2071 512 praemium.

121 508 316 581 onrtet
337 520 483 579 igitur
515 520 570 564 ad
602 520 928 565 beatitudinem
965 522 1200 585 tendentes
1232 522 1486 566 secundum
1516 522 1732 565 virtutem
1774 519 1967 578 disponi.
2002 518 2073 562 Ad

94 586 329 632 '.virtutem
358 597 510 631 autem
538 597 582 630 et
613 586 760 631 verbis
794 598 838 631 et
860 588 1078 646 exemplis
1106 602 1431 646 provocamur;
1461 586 1669 645 exempla
1701 596 1855 631 autem
1882 585 2074 643 alicujus

118 662 164 698 et
187 653 324 698 verba
349 663 476 698 tanto
503 652 731 697 efficacius
755 654 810 696 ad
833 654 1044 698 virtutem
1066 655 1286 699 inducunt
1307 664 1478 713 quanto
1505 654 1560 697 de
1586 667 1641 697 eo
1666 652 1839 696 firmior
1860 651 2075 696 bonitatis

23 765 31 785 ἶ
117 718 308 764 habetur
339 719 510 778 opinio.
537 719 608 763 De
643 718 771 763 nullo
806 730 960 764 autem
1000 721 1189 765 homine
1229 735 1342 780 puro
1378 719 1623 764 infallibilis
1665 719 1820 796 opimo
1859 718 2074 763 bonitatis

24 798 41 825 1
115 785 274 830 haberi
298 796 489 845 poterat,
512 785 617 844 quia
642 785 780 830 etiam
807 786 1081 830 sanctissimi
1107 787 1192 830 viri
1216 787 1261 831 in
1281 787 1501 863 aliquibus
1525 786 1816 830 inveniuntur
1842 784 2073 830 defecisse.

118 850 253 896 Unde
285 851 595 896 necessarium
627 850 710 897 fuit
741 852 935 907 homini,
969 854 1023 897 ad
1057 854 1148 899 hoc
1180 854 1302 912 quod
1329 855 1374 897 in
1400 853 1564 897 virtute
1591 852 1860 905 firmaretur,
1893 851 2016 910 quod
2049 864 2075 894 a

122 917 226 962 Deo
252 917 504 962 humanato
532 917 789 963 doctrinam
815 929 860 963 et
892 919 1099 978 exempla
1131 920 1306 964 virtutis
1329 920 1579 979 acciperet;
1611 929 1794 978 propter
1826 918 1948 977 quod
1979 918 2076 976 ipse

77 1015 83 1022 ·
116 984 346 1029 Dominus
372 984 481 1028 dicit
506 983 694 1041 (Joann.
720 983 842 1028 XIII.
874 985 977 1042 15.).
1005 986 1254 1045 Exemplum
1285 986 1377 1031 dedi
1400 987 1530 1038 vobis,
1562 991 1606 1030 ut
1627 984 1970 1043 quemadmodum
2001 998 2075 1042 ego
2112 1033 2114 1037 ,

114 1051 211 1110 faci,
243 1053 305 1106 ita
330 1057 369 1096 et
393 1065 466 1095 vos
494 1051 674 1096 faciatis.

192 1117 351 1170 Item·
377 1117 495 1161 sicut
524 1116 763 1161 virtutibus
788 1117 933 1161 homo
966 1118 1022 1162 ad
1048 1119 1376 1163 beatitudinem
1409 1119 1676 1178 disponitur,
1707 1118 1770 1162 ita
1801 1127 1847 1162 et
1877 1116 2076 1177 peccatis

116 1182 375 1242 impeditur.
401 1182 651 1227 Peccatum
675 1193 844 1237 autem,
870 1184 1023 1227 virtuti
1050 1179 1342 1240 contrarium,
1369 1186 1750 1262 impedimentum
1782 1183 1911 1228 affert
1941 1183 2075 1229 beati-

115 1249 274 1304 tudini,
310 1263 405 1294 non
445 1248 598 1293 solum
629 1249 1019 1294 inordinationem
1059 1252 1306 1309 quamdam
1350 1253 1529 1295 animae
1562 1253 1793 1305 inducens,
1825 1249 2076 1295 secundum

116 1315 240 1375 quod
272 1330 375 1360 eam
401 1315 455 1360 ab
483 1316 643 1360 ordine
669 1305 806 1360 debiti
838 1316 938 1361 finis
973 1318 1169 1372 abducit,
1202 1318 1281 1362 sed
1309 1319 1447 1362 etiam
1473 1318 1626 1362 Deum
1653 1317 1904 1371 offendens,
1933 1331 1958 1360 a
1983 1330 2074 1375 quo

114 1382 403 1442 beatitudinis
420 1382 678 1442 praemium
691 1393 989 1442 exspectatur,
1008 1385 1261 1428 secundum
1282 1385 1403 1443 quod
1417 1385 1543 1429 Deus
1564 1385 1871 1428 humanorum
1891 1393 2075 1427 actuum

117 1462 273 1495 curam
300 1449 462 1503 habet;
490 1459 534 1495 et
552 1458 794 1508 peccatum
820 1450 1101 1494 contrarium
1124 1461 1192 1495 est
1224 1451 1400 1495 caritati
1426 1451 1622 1504 divinae,
1650 1462 1697 1495 ut
1721 1450 1897 1509 plenius
1930 1459 2077 1494 osten.-

117 1529 219 1560 sum
246 1525 315 1560 est
339 1515 385 1559 in
402 1515 536 1560 tertio
554 1516 614 1574 (c.
645 1513 739 1573 156.
767 1526 812 1559 et
837 1515 979 1575 seq.);
1006 1527 1051 1560 et
1081 1517 1278 1575 insuper,
1304 1517 1438 1575 hujus
1456 1516 1655 1561 offensae
1674 1517 1818 1560 homo
1843 1515 2078 1560 conscien-

117 1582 229 1627 tiam
253 1581 443 1636 habens,
473 1596 556 1640 per
577 1592 818 1640 peccatum
851 1582 1067 1627 fiduciam
1094 1583 1342 1628 accedendi
1375 1584 1430 1627 ad
1462 1584 1616 1627 Deum
1649 1583 1827 1637 amittit,
1853 1596 1969 1642 quae
2002 1596 2077 1626 ne-

119 1648 314 1693 cessaria
333 1658 403 1693 est
428 1648 483 1692 ad
502 1648 830 1693 beatitudinem
857 1649 1246 1708 consequendam.
1266 1650 1588 1694 Necessarium
1617 1660 1684 1694 est
1707 1650 1844 1707 igitur
1869 1650 2074 1692 humano

119 1715 291 1774 generi,
317 1715 440 1774 quod
480 1715 677 1774 peccatis
714 1715 927 1770 abundat,
964 1725 1013 1759 ut
1048 1716 1091 1760 ei
1126 1717 1381 1760 remedium
1408 1715 1592 1775 aliquod
1625 1716 1890 1760 adhibeatur
1916 1726 2075 1758 contra

116 1791 319 1840 peccata.
346 1781 449 1827 Hoc
476 1792 629 1826 autem
653 1782 909 1826 remedium
936 1782 1139 1826 adhiberi
1164 1796 1257 1826 non
1274 1792 1426 1841 potest
1442 1783 1527 1826 nisi
1550 1796 1628 1841 per
1644 1783 1812 1835 Deum,
1830 1781 1908 1840 qui
1930 1791 1974 1825 et
1994 1794 2074 1825 vo-

0 1886 26 1907 t..
116 1847 340 1892 luntatem
365 1847 566 1892 hominis
599 1862 787 1892 movere
812 1858 962 1907 potest
987 1849 1032 1891 in
1064 1849 1238 1892 bonum
1265 1859 1314 1892 ut
1340 1856 1441 1893 eam
1470 1849 1525 1892 ad
1548 1849 1750 1893 debitum
1776 1848 1984 1892 ordinem
2006 1862 2074 1891 re-

71 1918 74 1922 ’
116 1914 267 1969 ducat,
300 1924 345 1958 et
372 1913 600 1971 offensam
626 1914 673 1958 in
699 1928 747 1958 se
770 1915 1071 1959 commissam
1093 1925 1244 1973 potest
1265 1916 1522 1969 remittere;
1549 1914 1721 1959 offensa
1747 1915 1870 1958 enim
1895 1928 1990 1958 non
2012 1928 2075 1957 re-

117 1982 308 2027 mittitur
324 1981 413 2026 nisi
426 1995 506 2040 per
532 1995 639 2026 eum
665 1981 712 2025 in
739 1995 875 2040 quem
894 1981 1068 2026 offensa
1087 1982 1402 2028 committitur.
1421 1982 1493 2026 Ad
1511 1982 1602 2026 hoc
1621 1992 1772 2026 autem
1791 1981 1912 2040 quod
1929 1980 2074 2024 homo

21 2084 24 2088 .
116 2061 142 2092 a
168 2048 448 2092 conscientia
475 2046 674 2092 offensae
700 2048 968 2107 praeteritae
994 2047 1221 2103 liberetur,
1249 2058 1430 2108 oportet
1461 2048 1583 2107 quod
1610 2048 1695 2092 sibi
1720 2048 1776 2092 de
1802 2047 2072 2091 remissione

6 2113 31 2163 ᾖ
114 2113 318 2160 offensae
344 2128 423 2172 per
447 2114 601 2158 Deum
627 2124 819 2158 constet.
840 2114 947 2158 Non
975 2125 1128 2159 autem
1149 2129 1230 2174 per
1262 2115 1581 2159 certitudinem
1609 2115 1650 2158 ei
1673 2124 1883 2158 constare
1910 2123 2073 2172 potest,

5 2161 39 2291 ξι,
113 2181 205 2241 nisi
233 2180 386 2226 aDeo
413 2180 579 2237 dehoc
602 2179 888 2225 certificetur.
918 2181 1212 2227 Conveniens
1244 2182 1381 2240 igitur
1406 2181 1490 2225 fuit
1517 2192 1561 2225 et
1592 2182 1796 2225 humano
1830 2181 1988 2239 generi
2018 2180 2072 2223 ad

28 2244 31 2246 “
113 2247 437 2307 beatitudinem
471 2247 843 2306 consequendam
872 2248 1117 2306 expediens
1142 2249 1265 2307 quod
1293 2249 1418 2292 Deus
1450 2247 1577 2292 fieret
1602 2248 1763 2301 hom0‚
1787 2258 1835 2291 ut
1860 2247 1923 2291 sic
1950 2257 1996 2291 et
2010 2261 2076 2291 re-

7 2310 25 2386 ὲ
115 2313 383 2370 missionem
410 2322 708 2372 peccatorum
735 2326 1088 2373 consequeretur
1113 2329 1194 2373 per
1219 2315 1388 2368 Deum,
1415 2324 1457 2358 et
1480 2315 1614 2372 huius
1641 2314 1922 2357 remissionis
1949 2313 2077 2356 certi-

8 2386 29 2435 ξ
112 2380 317 2425 tudinem
351 2380 539 2424 haberet
572 2395 650 2439 per
687 2380 925 2425 hominem
964 2381 1131 2425 Deum.
1166 2381 1299 2425 Unde
1327 2391 1371 2425 et
1404 2382 1498 2440 ipse
1532 2382 1761 2441 Dominus
1800 2380 1910 2424 dicit
1940 2380 2075 2438 (Mat-

8 2459 23 2511 ἴ,

9 2586 21 2627 i

10 2727 30 2899 Ξ

113 2447 238 2492 thaei
258 2446 336 2492 IX.
365 2445 453 2504 6.):
489 2448 542 2492 Ut
573 2453 711 2491 autem
740 2449 879 2492 sciatis
912 2450 1011 2506 quia
1042 2448 1179 2492 Filius
1210 2449 1387 2492 hominis
1413 2455 1657 2507 potestatem
1689 2448 1808 2492 habet
1839 2446 2075 2491 dimittendi

106 2519 292 2572 peccata,
326 2523 436 2568 etc.;
469 2523 514 2557 et
545 2513 796 2572 Apostolus
829 2514 988 2571 (Hebr.
1016 2513 1095 2558 IX.
1148 2515 1234 2571 14.)
1263 2514 1371 2558 dicit
1397 2515 1520 2572 quod
1555 2515 1733 2572 Sanguis
1768 2513 1927 2558 Christi
1945 2545 2072 2557 .....

115 2579 353 2625 emundabit
377 2581 829 2631 conscientias,nostras
855 2582 907 2625 ab
934 2582 1122 2639 operibus
1148 2582 1340 2635 mortuis,
1368 2581 1422 2624 ad
1442 2581 1701 2625 serviendum
1727 2581 1818 2624 Deo
1840 2580 2013 2623 viventi.

204 2646 391 2691 Adhuc:
419 2660 474 2690 ex
499 2646 741 2690 traditione
761 2646 994 2690 Ecclesiae
1021 2647 1242 2691 docemur
1267 2657 1417 2691 totum
1442 2647 1697 2690 humanum
1714 2660 1856 2705 genus
1882 2654 2072 2703 peccato

115 2727 216 2758 esse
241 2711 472 2758 infectum.
507 2713 654 2758 Habet
686 2723 839 2757 autem
864 2713 955 2758 hoc
984 2714 1097 2757 ordo
1135 2713 1314 2758 divinae
1351 2714 1564 2771 justitiae,
1602 2724 1653 2757 ut
1687 2727 1739 2756 ex
1766 2712 2072 2771 superioribus

115 2779 235 2838 (Lib.
260 2779 338 2823 ΙΙΙ.
366 2793 404 2823 c.
438 2779 554 2835 158.)
582 2789 716 2837 patet,
751 2779 871 2838 quod
899 2791 1140 2838 peccatum
1174 2780 1270 2824 sine
1303 2778 1610 2824 satisfactione
1642 2793 1736 2822 non
1769 2778 2021 2823 remittatur
2047 2793 2073 2822 a

115 2845 234 2898 Deo.
260 2845 528 2892 Satisfacere
556 2855 707 2889 autem
734 2860 815 2904 pro
838 2857 1028 2904 peccato
1046 2846 1183 2890 totius
1201 2846 1392 2889 humani
1410 2846 1588 2904 generis
1604 2844 1755 2889 nullus
1772 2845 1917 2889 homo
1935 2858 2072 2904 purus

114 2922 306 2971 poterat,
322 2912 428 2971 quia
444 2911 632 2971 quilibet
652 2912 796 2956 homo
821 2927 958 2970 purus
986 2912 1154 2971 aliquid
1188 2913 1338 2956 minus
1365 2924 1431 2956 est
1455 2922 1551 2956 tota
1575 2912 1753 2970 generis
1768 2911 1959 2966 humani
1981 2910 2075 2954 uni·

114 2979 338 3024 versitate.
367 2979 586 3038 Oportuit
613 2980 760 3038 igitur,
789 2980 843 3022 ad
867 2979 956 3023 hoc
984 2980 1106 3038 quod
1133 2980 1388 3024 humanum
1412 2993 1556 3037 genus
1576 2994 1601 3023 a
1624 2988 1814 3037 peccato
1837 2978 2074 3022 communi

115 3044 389 3100 liberaretur,
421 3046 543 3104 quod
576 3045 738 3105 aliquis
765 3045 1044 3090 satisfaceret
1069 3047 1145 3105 qui
1172 3057 1216 3090 et
1241 3046 1385 3090 homo
1403 3057 1546 3099 esset,
1574 3046 1647 3089 cui
1672 3044 1919 3089 satisfactio
1954 3058 2076 3088 com-

22 3119 39 3153 ἢ
114 3121 301 3171 peteret,
323 3120 367 3156 et
393 3110 561 3171 aliquid
589 3126 725 3170 supra
747 3112 1001 3166 hominem,
1019 3122 1067 3157 ut
1084 3114 1179 3171 ejus
1203 3112 1415 3156 meritum
1434 3111 1662 3156 sufficiens
1681 3122 1799 3156 esset
1825 3111 1880 3154 ad
1906 3110 2076 3156 satisfa-

115 3177 329 3225 ciendum
353 3192 434 3237 pro
462 3190 653 3237 peccato
679 3179 818 3223 totius
845 3179 1035 3222 humani
1062 3179 1254 3238 generis.
1282 3179 1432 3237 Majus
1459 3189 1611 3222 autem
1638 3178 1828 3222 homine
1853 3187 2073 3235 quantum

115 3244 172 3288 ad
197 3243 404 3289 ordinem
429 3237 718 3299 beatitudinis
750 3244 865 3288 nihil
891 3256 959 3289 est
983 3245 1070 3290 nisi
1096 3245 1220 3289 solus
1247 3246 1399 3299 Deus;
1432 3259 1541 3288 nam
1567 3243 1732 3303 angeli,
1754 3243 1861 3288 licet
1892 3244 1980 3288 sint
2000 3257 2074 3288 su·

115 3309 314 3368 periotes
335 3320 557 3369 quantum
583 3311 639 3354 ad
664 3308 976 3355 conditionem
1003 3322 1206 3367 naturae,
1232 3326 1325 3356 non
1352 3323 1505 3355 tamen
1533 3321 1751 3369 quantum
1778 3310 1832 3354 ad
1867 3310 2073 3355 ordinem

18 3410 28 3426 ,ᾖ
115 3374 231 3430 finis,
263 3377 367 3435 quia
400 3376 565 3421 eodem
598 3376 925 3436 beatificantur.
959 3377 1281 3422 Necessarium
1313 3378 1448 3436 igitur
1479 3376 1563 3421 fuit
1586 3376 1779 3430 homini,
1806 3375 1864 3420 ad
1888 3376 2075 3420 beatitu-

18 3431 34 3498 ξ
115 3440 270 3486 dinem
297 3442 682 3502 consequendam,
704 3443 827 3502 quod
850 3443 975 3488 Deus
996 3443 1141 3488 homo
1169 3443 1295 3488 fieret
1327 3444 1382 3488 ad
1409 3453 1649 3503 peccatum
1676 3443 1865 3487 humani
1893 3443 2073 3501 generis

21 3505 35 3547 i
115 3505 386 3553 tollendum.
403 3507 459 3553 Et
473 3508 564 3553 hoc
591 3519 659 3554 est
680 3509 802 3568 quod
826 3509 1025 3568 Joannes
1052 3510 1253 3569 Baptista
1279 3509 1390 3554 dixit
1406 3510 1461 3554 de
1481 3509 1666 3560 Christo
1694 3508 1934 3567 (Joann.1.
1954 3509 2071 3568 29.):

31 3577 41 3635 ἒζ
116 3575 220 3620 Ecce
251 3575 395 3634 Agnus
427 3575 525 3630 Dei,
549 3590 638 3620 ecce
669 3577 741 3633 qui
771 3575 876 3620 tollit
903 3582 1118 3634 peccatum
1143 3576 1285 3620 mundi
1295 3592 1312 3629 ,·
1348 3586 1393 3621 et
1420 3574 1671 3634 Apostolus
1698 3575 1856 3635 (Rom.
1890 3574 1946 3620 V.
1979 3575 2068 3632 18.)
