2332 3854
775 213 929 253 LIBER
970 213 1045 251 111.
1089 212 1208 251 CAP.
1252 210 1442 249 XXXIX.
1977 211 2078 264 335

129 316 530 370 demonstrationis
556 316 644 370 via,
670 315 792 391 quod
835 328 995 359 eorum
1030 312 1335 358 aestimationi
1374 310 1500 356 nulla
1540 309 1712 355 falsitas
1752 311 2085 370 adjungeretur,

6 420 14 428 .
53 375 60 381 ”
128 395 251 446 patet
276 399 356 430 eos
387 383 523 428 fuisse
554 381 882 459 paucissimos3
908 380 1031 439 quod
1056 394 1152 424 non
1179 378 1390 438 congruit
1412 377 1629 432 felicitati,
1653 392 1768 436 quae
1795 388 1862 422 est
1884 392 2088 423 commu-

127 453 197 499 nis
228 451 344 495 finis.
370 450 478 495 Non
508 449 644 508 igitur
670 458 736 493 est
766 448 831 492 in.
840 448 926 491 hac
955 448 1219 506 cognitione
1251 446 1307 491 de
1338 446 1442 491 Deo
1469 445 1628 490 ultima
1654 445 1856 489 hominis
1881 443 2085 490 felicitas.

219 519 291 563 Pr
294 527 478 562 teterea
506 514 736 560 felicitas
725 528 771 558 m
798 514 1063 572 operatione
1087 512 1287 572 perfecta
1312 512 1530 559 consistit.
1562 511 1635 555 Ad
1661 510 1992 571 perfectionem
2014 527 2088 556 au-

126 595 222 633 tem
249 583 524 643 cognitionis
556 581 797 641 requiritur
823 580 1067 634 certitud03
1094 580 1211 624 unde
1237 580 1353 624 scire
1376 577 1545 638 aliquid
1567 592 1661 622 non
1688 578 1881 622 dicimur
1906 578 1991 623 nisi
2016 593 2089 623 co·

129 664 407 712 gnoscamus
433 649 554 709 quod
581 646 862 707 impossibile
890 656 957 691 est
983 647 1113 691 aliter
1140 661 1187 690 se
1214 646 1397 700 habere,
1430 656 1477 690 ut
1510 656 1633 704 patet
1658 645 1704 689 in
1731 645 1880 705 primo
1913 645 2087 691 Poster.

128 720 181 778 (t.
209 733 247 762 c.
275 718 352 776 7.).
380 715 599 775 Cognitio
632 724 785 759 autern
812 713 1041 773 praedicta
1075 712 1272 757 multum
1299 712 1626 757 incertitudinis
1651 712 1812 766 habet;
1854 713 1976 771 quod
2012 713 2088 756 de-

128 793 352 832 monstrat
377 783 610 827 diversitas
633 781 925 825 scientiarum
953 780 1007 824 de
1035 779 1197 823 divinis
1225 793 1384 824 eorum
1413 780 1490 838 qui
1516 780 1630 823 haec
1653 793 1734 839 per
1758 779 1879 823 viam
1904 779 2089 824 demon-

127 849 356 897 strationis
380 849 584 893 invenire
612 847 765 891 conati
789 856 907 908 sunt.
948 846 1055 891 Non
1093 855 1159 890 est
1195 846 1329 904 igitur
1364 846 1411 890 in
1443 846 1521 889 tali
1555 847 1817 905 cognitione
1845 845 2006 891 ultima
2030 845 2090 891 fe-

127 917 287 963 licitas.

215 984 355 1029 Item:
388 981 613 1036 voluntas,
637 994 777 1040 quum
801 989 1047 1024 consecuta
1073 978 1207 1023 fuerit
1232 978 1444 1022 ultimum
1467 979 1622 1033 finem,
1649 979 1877 1038 quietatur
1900 980 1995 1038 ejus
2018 979 2091 1024 de-

129 1050 357 1098 siderium.
387 1049 586 1094 Ultimus
614 1057 766 1091 autem
793 1046 894 1091 finis
928 1047 1078 1090 omnis
1111 1046 1387 1104 cognitionis
1412 1046 1641 1090 humanae
1669 1056 1736 1090 est
1766 1046 1970 1091 felicitas.
2004 1045 2090 1091 Illa

127 1117 265 1177 igitur
306 1115 508 1175 cognitio
535 1115 623 1159 Dei
649 1113 948 1159 essentialiter
981 1123 1048 1157 est
1087 1113 1184 1172 ipsa
1215 1111 1422 1166 felicitas,
1464 1127 1552 1172 qua
1584 1113 1752 1166 habita,
1786 1128 1879 1158 non
1906 1114 2091 1159 restabit

130 1183 320 1241 alicujus
352 1181 520 1227 scibilis
554 1181 850 1225 desideranda
883 1180 1101 1239 cognitio.
1131 1178 1260 1223 Talis
1288 1190 1440 1223 autem
1482 1194 1575 1224 non
1609 1190 1677 1224 est
1713 1180 1917 1238 cognitio
1950 1195 2090 1240 quam

129 1249 395 1311 philosophi
420 1263 501 1307 per
526 1247 937 1292 demonstrationes
970 1247 1025 1290 de
1051 1247 1154 1290 Deo
1181 1246 1350 1290 habere
1376 1255 1635 1305 potuerunt,
1672 1247 1775 1306 quia
1815 1247 1979 1301 adhuc,
2011 1246 2090 1291 illa

58 1314 66 1322 ”
129 1316 395 1375 cognitione
437 1315 605 1368 habita,
632 1314 720 1358 alia
747 1315 1056 1358 desideramus
1089 1314 1203 1357 scire
1231 1327 1346 1372 quae
1373 1327 1451 1372 per
1477 1314 1596 1357 hanc
1631 1314 1946 1372 cognitionem
1977 1328 2090 1358 non-

129 1383 239 1433 dum
265 1383 480 1427 sciuntur.
506 1382 613 1426 Non
640 1391 708 1426 est
739 1381 875 1440 igitur
900 1381 946 1425 in
978 1380 1057 1424 tali
1084 1380 1348 1438 cognitione
1375 1380 1462 1423 Dei
1488 1379 1693 1425 felicitas.

29 1488 34 1504 ἶ
217 1449 407 1495 Adhuc:
440 1448 542 1493 finis
568 1447 807 1506 cujuslibet
836 1448 884 1491 in
910 1448 1113 1506 potentia
1141 1447 1393 1491 exsistentis
1427 1457 1494 1492 est
1521 1458 1568 1491 ut
1594 1448 1785 1492 ducatur
1823 1448 1870 1492 in
1911 1458 2091 1503 actum3

30 1512 32 1515 ’
75 1518 77 1521 ’
110 1516 187 1565 ·ιά
210 1516 302 1562 hoc
329 1516 452 1560 enim
478 1515 623 1559 tendit
653 1529 733 1574 per
758 1523 936 1559 motum
963 1528 1054 1573 quo
1083 1524 1293 1558 movetur
1318 1514 1364 1557 in
1387 1514 1539 1558 finem.
1566 1513 1735 1559 Tendit
1757 1522 1911 1559 autem
1933 1530 2094 1560 unum-

31 1594 35 1602 ‘
132 1583 345 1644 quodque
373 1597 452 1628 ens
478 1585 523 1626 in
546 1583 747 1641 potentia
774 1582 829 1626 ad
856 1582 946 1625 hoc
973 1581 1096 1640 quod
1123 1581 1180 1624 sit
1205 1590 1307 1624 actu
1331 1581 1581 1624 secundum
1610 1582 1731 1640 quod
1759 1590 1826 1627 est
1851 1581 2090 1642 possibile;

129 1650 297 1711 aliquid
330 1650 453 1694 enim
480 1659 549 1693 est
575 1649 794 1694 exsistens
825 1648 871 1692 in
903 1649 1105 1707 potentia
1139 1649 1265 1705 cujus
1297 1657 1393 1691 tota
1425 1650 1628 1705 potentia
1660 1658 1812 1707 potest
1850 1649 2006 1693 reduci
2045 1650 2091 1693 in

129 1727 299 1772 actum,
320 1716 439 1765 unde
464 1716 601 1775 hujus
627 1715 728 1759 finis
755 1725 823 1760 est
848 1724 897 1759 ut
918 1714 1117 1759 totaliter
1138 1715 1184 1757 in
1208 1724 1361 1758 actum
1385 1715 1648 1768 reducatur3
1669 1715 1785 1759 sicut
1807 1730 1946 1775 grave
1969 1726 2093 1761 extra

64 1787 66 1790 ’
130 1783 332 1837 medium
358 1783 578 1829 exsistens
605 1792 673 1828 est
697 1782 745 1825 in
770 1782 972 1841 potentia
1000 1781 1055 1825 ad
1088 1782 1323 1840 proprium
1357 1782 1453 1833 ubi,·
1488 1781 1657 1840 aliquid
1698 1796 1808 1826 vero
1846 1784 1975 1841 cujus
2016 1798 2093 1844 po-

130 1852 271 1903 tentia
301 1859 400 1906 tota
425 1864 520 1894 non
544 1858 694 1908 potest
720 1848 857 1893 simul
882 1849 928 1892 in
955 1858 1109 1893 actum
1132 1849 1301 1903 reduci,
1328 1849 1445 1892 sicut
1469 1859 1593 1908 patet
1619 1849 1674 1893 de
1701 1851 1892 1895 materia
1918 1853 2091 1910 prima;

130 1918 251 1965 unde
276 1931 356 1978 per
386 1931 520 1963 suum
552 1926 731 1961 motum
759 1916 928 1975 appetit
953 1916 1211 1960 successive
1239 1916 1285 1959 in
1319 1925 1471 1960 actum
1515 1917 1795 1961 diversarum
1835 1917 2089 1963 formarum

129 1984 265 2038 exire,
290 1997 406 2043 quae
433 1983 518 2028 sibi
549 1993 732 2042 propter
759 1996 917 2026 earum
950 1982 1259 2026 diversitatem
1291 1981 1430 2027 simul
1454 1983 1607 2027 inesse
1649 1997 1744 2027 non
1787 1995 1992 2042 possunt.
2024 1986 2093 2029 In·
2121 2035 2125 2039 ‚

127 2049 335 2097 tellectus
361 2060 515 2095 autem
540 2049 716 2094 videtur
743 2063 841 2093 esse
863 2049 909 2093 in
928 2049 1130 2108 potentia
1157 2049 1213 2093 ad
1236 2050 1393 2092 omnia
1415 2049 1731 2108 intelligibilia,
1751 2060 1799 2094 ut
1819 2050 1866 2094 in
1888 2052 2091 2096 secundo

129 2118 302 2163 dictum
324 2127 415 2172 est3
437 2117 528 2161 duo
552 2126 705 2161 autem
723 2115 1024 2175 intelligibilia
1044 2126 1234 2175 possunt
1260 2115 1397 2160 simul
1423 2117 1469 2159 in
1495 2116 1728 2161 intellectu
1750 2117 1962 2176 vpossibili
1984 2119 2093 2163 exsi-

129 2194 246 2233 stere
277 2183 529 2229 secundum
557 2194 710 2227 actum
743 2183 956 2242 primum,
989 2183 1068 2242 qui
1094 2192 1162 2227 est
1187 2183 1390 2237 scientia,
1423 2182 1530 2228 licet
1555 2183 1671 2228 forte
1706 2198 1800 2228 non
1838 2186 2092 2230 secundum

132 2260 285 2295 actum
312 2250 577 2303 secundum,
605 2250 681 2308 qui
714 2259 781 2294 est
813 2250 1141 2305 consideratio,
1169 2263 1223 2293 ex
1249 2264 1340 2309 quo
1373 2260 1497 2309 patet
1523 2251 1646 2309 quod
1677 2261 1775 2295 tota
1800 2253 2005 2328 potentia
2031 2253 2094 2297 in-

24 2352 51 2375 .
72 2336 74 2338 ’
128 2316 336 2377 tellectus
352 2316 580 2376 possibilis
602 2325 750 2393 potest
775 2316 930 2361 reduci
952 2316 1120 2360 simul
1108 2331 1156 2360 m
1183 2328 1348 2365 actum.
1373 2317 1475 2362 Hoc
1503 2318 1638 2375 igitur
1660 2319 1898 2377 requiritur
1919 2319 1975 2364 ad
1998 2321 2093 2378 ejus

28 2391 75 2448 “js
127 2382 343 2432 ultimum
374 2383 528 2438 finem,
556 2384 633 2443 qui
669 2393 735 2428 est
767 2383 971 2428 felicitas.
1014 2384 1115 2429 Hoc
1150 2394 1303 2428 autem
1335 2399 1428 2429 non
1470 2385 1579 2429 facit
1618 2386 1847 2445 praedicta
1889 2388 2092 2446 cognitio

128 2465 245 2517 quae
276 2451 331 2496 de
362 2451 465 2496 Deo
497 2465 577 2510 per
608 2451 1047 2496 demonstrationem
1089 2451 1246 2495 haberi
1284 2462 1451 2528 potest,
1483 2453 1603 2512 quia,
1646 2467 1700 2497 ea
1731 2453 1900 2507 habita,
1942 2454 2091 2498 adhuc

129 2518 272 2574 multa
298 2519 577 2578 ignoramus.
613 2518 721 2564 Non
747 2528 816 2564 est
840 2518 975 2576 igitur
1014 2517 1115 2563 talis
1158 2519 1362 2578 cognitio
1394 2520 1483 2564 Dei
1523 2519 1751 2565 sufficiens
1794 2521 1848 2565 ad
1883 2520 2092 2567 ultimam

29 2562 33 2578 ἶ
65 2591 67 2593 ’
129 2584 406 2641 felicitatem.

906 2798 1160 2855 CAPUT
1195 2800 1312 2855 XL.

206 2932 367 2979 QUOD
400 2932 683 2971 FELICITAS
717 2932 948 2972 HUMANA
981 2933 1099 2972 NON
1133 2933 1424 2973 CONSISTIT
1460 2935 1515 2974 IN
1550 2935 1895 2977 COGNITIONE
1921 2938 2015 2976 DEI

786 3015 934 3061 QUAE
974 3014 1074 3053 EST
1114 3016 1213 3054 PER
1254 3016 1438 3054 FIDEM-

220 3124 300 3168 Est
326 3133 477 3168 autem
504 3133 549 3168 et
575 3122 661 3168 alia
688 3123 777 3168 Dei
803 3125 1007 3183 cognitio
1034 3135 1255 3185 quantum
1289 3125 1344 3170 ad
1373 3125 1539 3186 aliquid
1582 3127 1787 3187 superior
1828 3130 2091 3188 cognitione

130 3190 375 3251 praedicta,
401 3203 489 3249 qua
511 3189 685 3235 scilicet
708 3191 834 3235 Deus
858 3192 911 3235 ab
940 3193 1152 3236 omnibus
1175 3206 1253 3250 per
1273 3192 1409 3236 fidem
1435 3193 1750 3252 cognoscitur;
1770 3209 1887 3254 quae
1906 3196 2090 3255 quidem

129 3267 349 3317 quantum
377 3257 433 3302 ad
458 3256 549 3302 hoc
576 3258 889 3316 cognitionem
917 3273 1033 3318 quae
1066 3260 1120 3303 de
1164 3261 1264 3304 Deo
1306 3274 1386 3319 per
1428 3261 1868 3307 demonstrationem
1900 3264 2092 3309 habetur

55 3380 74 3395 ³
128 3323 319 3377 excedit,
347 3324 452 3382 quia
478 3324 703 3383 quaedam
731 3324 786 3368 de
808 3325 911 3370 Deo
939 3340 1018 3386 per
1044 3326 1182 3371 fidem
1209 3327 1547 3385 cognoscimus,
1577 3328 1630 3372 ad
1658 3343 1788 3386 quae,
1817 3340 2002 3406 propter
2023 3333 2089 3375 sui

130 3390 441 3444 eminentiam,
466 3391 581 3435 ratio
605 3390 921 3436 demonstrans
943 3393 1177 3452 pervenire
1200 3407 1292 3437 non
1316 3404 1479 3451 potest,
1502 3396 1618 3438 sicut
1641 3395 1685 3438 in
1710 3395 1931 3455 principio
1954 3397 2090 3456 hujus

133 3458 283 3535 operis
309 3458 482 3503 dictum
508 3468 576 3503 est
600 3459 663 3517 (c.
693 3460 767 3516 5.).
787 3459 896 3504 Non
923 3470 991 3504 est
1016 3471 1170 3505 autem
1196 3460 1409 3520 possibile
1436 3474 1583 3520 neque
1609 3462 1656 3506 in
1688 3462 1775 3507 hac
1813 3463 1901 3508 Dei
1939 3466 2093 3524 cogni-

21 3520 73 3582 ²22.
132 3523 259 3579 tione
286 3525 495 3573 ultimam
519 3525 722 3571 hominis
747 3525 1010 3572 felicitatem
1043 3527 1305 3572 consistere.

227 3590 437 3644 Felicitas
464 3592 584 3639 enim
618 3602 687 3638 est
711 3592 909 3654 perfecta
939 3593 1128 3640 humani
1169 3593 1424 3642 intellectus
1465 3595 1687 3655 operatio,
1727 3596 1843 3643 sicut
1875 3612 1929 3645 ex
1961 3598 2091 3647 dictis
