2332 3854
841 246 994 285 LIBER
1034 245 1089 283 11.
1132 245 1253 284 CAP.
1295 243 1477 282 LXXXI.
2025 243 2129 298 245

177 345 328 391 taliter
352 345 603 392 secundum
630 359 729 391 esse
755 360 781 390 a
808 348 1074 405 corporibus
1100 356 1349 406 separatae,
1376 346 1432 391 de
1457 344 1617 405 quibus
1650 344 1763 389 infra
1796 345 1856 403 (c.
1883 359 1954 405 91.
1989 359 2131 405 usque

174 412 223 457 in
247 412 359 471 fine)
387 423 557 473 agetur,
585 427 611 457 a
637 413 797 472 quibus
825 414 978 468 etiam,
1004 425 1241 474 tamquam
1268 428 1293 458 a
1310 413 1628 473 superioribus,
1647 412 1826 457 uberius
1842 412 2126 458 influentiam

113 525 123 536 ‚
175 479 375 539 recipere
401 481 567 540 poterit
592 480 648 524 ad
673 480 914 540 perfectius
940 481 1302 540 intelligendum.

265 546 408 605 Cujus
434 548 614 606 signum
642 548 779 592 etiam
805 548 851 591 in
874 548 1127 593 viventibus
1146 559 1343 608 apparet.
1362 547 1483 592 Nam
1503 548 1669 602 anima,
1687 547 1870 607 quando
1888 517 2133 607 impeditur

176 612 231 657 ab
273 615 572 672 occupatione
615 614 735 658 circa
772 628 937 673 corpus
974 615 1226 692 proprium,
1261 615 1460 659 redditur
1485 614 1676 659 debilior
1703 615 1758 658 ad
1784 614 2132 672 intelligendum

176 678 327 738 aliqua
355 680 539 735 altiora;
573 680 692 724 unde
720 690 765 724 et
795 681 935 725 virtus
958 682 1300 739 temperantiae,
1327 696 1443 740 quae
1462 695 1487 725 a
1505 682 1736 740 corporeis
1756 680 2132 725 delectationibus

173 746 364 791 retrahit
390 747 607 800 animam,
633 747 875 806 praecipue
900 746 1009 791 facit
1034 748 1246 792 homines
1274 748 1329 791 ad
1356 747 1706 806 intelligendum
1733 757 1885 807 aptos;
1918 747 2131 791 homines

173 812 311 857 etiam
337 813 631 867 dormientes,
658 813 841 872 quando
876 814 1109 872 corporeis
1136 814 1339 858 sensibus
1357 828 1450 858 non
1474 824 1659 858 utuntur
1675 828 1761 859 nec
1780 823 1847 858 est
1864 813 2015 873 aliqua
2033 827 2129 872 per-

172 879 368 924 turbatio
394 880 644 925 humorum
672 890 748 925 aut
772 879 1089 924 fumositatum
1122 880 1390 939 impediens,
1418 880 1670 939 percipiunt
1702 880 1758 924 de
1785 879 1959 935 futuris,
1987 895 2041 925 ex
2063 895 2133 924 su·

169 945 402 1005 periurum
427 947 739 1006 impressione,
767 947 916 1006 aliqua
949 961 1064 1006 quae
1098 947 1288 991 modum
1330 947 1690 991 ratiocinationis
1730 947 1960 991 humanae
1999 959 2127 990 exce-

171 1013 303 1068 dunt;
329 1025 375 1060 et
388 1014 477 1059 hoc
498 1014 642 1060 multo
661 1015 807 1074 magis
833 1015 996 1060 accidit
1011 1015 1058 1058 in
1076 1015 1471 1074 syncopizantibus
1490 1025 1534 1059 et
1554 1016 1765 1060 ecstasim
1782 1014 1940 1073 passis,
1958 1023 2129 1074 quanto

171 1080 319 1139 magis
345 1080 394 1125 fit
432 1082 643 1126 retractio
681 1096 706 1125 a
740 1083 971 1141 corporeis
1009 1082 1228 1126 sensibus.
1261 1082 1359 1126 Nec
1396 1082 1627 1126 immerito
1665 1081 1755 1126 hoc
1794 1081 1972 1135 accidit,
2006 1080 2126 1140 quia,

171 1160 312 1206 quum
339 1147 493 1192 anima
518 1148 736 1202 humana,
762 1158 811 1192 ut
837 1162 972 1207 supra
1000 1149 1060 1205 (c.
1088 1147 1182 1205 68.)
1215 1158 1449 1192 ostensum
1475 1158 1558 1202 est,
1589 1148 1647 1192 sit
1671 1148 1718 1192 in
1745 1147 1946 1192 confinio
1973 1145 2131 1206 corpo-

168 1227 272 1258 rum
296 1222 340 1259 et
357 1214 732 1273 incorporearum
751 1215 1118 1269 substantiarum,
1137 1215 1265 1274 quasi
1282 1215 1328 1258 in
1345 1214 1583 1259 horizonte
1610 1215 1828 1259 exsistens
1851 1214 2128 1259 aeternitatis

169 1290 214 1326 et
238 1282 472 1341 temporis,
497 1282 715 1327 recedens
742 1283 795 1326 ab
814 1283 974 1326 infimo
999 1283 1331 1342 appropinquat
1354 1283 1407 1326 ad
1427 1296 1687 1336 summum;
1714 1281 1848 1335 unde,
1875 1292 1919 1326 et
1945 1281 2128 1340 quando

166 1347 366 1393 totaliter
390 1350 474 1395 erit
500 1364 526 1394 a
552 1364 745 1409 corpore
777 1361 998 1409 separata,
1025 1349 1224 1408 perfecte
1261 1350 1583 1394 assimilabitur
1620 1349 1881 1394 substantiis
1908 1349 2127 1408 separatis

167 1424 389 1474 quantum
416 1416 471 1460 ad
499 1417 688 1461 modum
715 1416 1013 1475 intelligendi,
1039 1426 1084 1461 et
1110 1417 1289 1461 uberius
1316 1416 1598 1461 influentiam
1625 1431 1781 1460 earum
1808 1416 2008 1475 recipiet.
2108 1476 2110 1478 Ι

257 1481 334 1526 Sic
365 1482 514 1541 igitur,
548 1484 632 1528 etsi
661 1482 915 1542 intelligere
947 1493 1156 1528 nostrum
1189 1483 1440 1528 secundum
1475 1483 1666 1527 modum
1707 1483 1957 1541 praesentis
1990 1482 2127 1537 vitae,

168 1559 383 1608 corrupto
410 1564 616 1609 corpore,
642 1561 974 1609 corrumpatur,
1001 1550 1215 1594 succedet
1239 1560 1394 1594 tamen
1422 1549 1534 1594 alius
1562 1550 1726 1594 modus
1752 1549 2036 1608 intelligendi
2061 1548 2125 1593 al-

171 1614 275 1660 tior.
301 1615 552 1662 Reminisci
579 1626 748 1670 autem,
771 1631 912 1675 quum
934 1617 991 1661 sit
1017 1627 1142 1661 actus
1167 1631 1247 1675 per
1273 1630 1547 1675 corporeum
1569 1631 1795 1675 organum
1822 1616 2057 1671 exercitus,
2080 1626 2130 1661 ut

166 1681 437 1728 Aristoteles
461 1683 508 1727 in
534 1683 650 1727 libro
676 1684 747 1727 De
774 1684 1001 1728 memoria
1033 1692 1076 1728 et
1108 1683 1447 1727 reminiscentia
1474 1685 1535 1741 (c.
1563 1683 1626 1740 2.)
1648 1683 1824 1742 probat,
1845 1697 1940 1727 non
1962 1684 2128 1741 poterit

166 1758 271 1808 post
294 1763 457 1809 corpus
483 1750 530 1793 in
556 1752 709 1794 anima
741 1763 1000 1804 remanere3
1032 1750 1120 1794 nisi
1161 1750 1394 1794 reminisci
1428 1750 1678 1808 aequivoce
1713 1760 1918 1795 sumatur
1949 1764 2032 1809 pro
2066 1751 2127 1794 in-

168 1814 421 1874 telligentia
437 1831 598 1861 eorum
615 1831 731 1876 quae
748 1818 847 1876 quis
869 1817 991 1876 prius
1008 1817 1149 1871 novit,
1164 1831 1300 1875 quam
1321 1827 1502 1876 oportet
1515 1817 1694 1861 animae
1713 1827 1946 1876 separatae
1971 1817 2127 1861 adesse

172 1881 310 1927 etiam
337 1897 495 1928 eorum
522 1898 639 1943 quae
665 1884 794 1928 novit
817 1884 864 1927 in
882 1884 988 1938 vita,
1006 1898 1146 1943 quum
1174 1884 1348 1942 species
1364 1883 1671 1942 intelligibiles
1697 1883 1745 1927 in
1770 1882 2003 1928 intellectu
2030 1898 2129 1941 pos-

171 1948 289 1995 sibili
313 1949 613 1995 indelebiliter
643 1951 931 2010 recipiantur,
958 1961 1005 1995 ut
1030 1950 1202 1994 dictum
1229 1961 1303 1995 est
1327 1964 1460 2008 supra
1487 1951 1548 2008 (c.
1578 1950 1685 2008 74).
1714 1950 1850 1995 Circa
1877 1950 1988 1994 alias
2013 1964 2123 1995 vero

171 2015 353 2061 animae
379 2017 682 2076 operationes,
710 2017 826 2061 sicut
851 2026 919 2062 est
945 2031 1114 2072 amare,
1141 2017 1338 2075 gaudere
1371 2027 1416 2061 et
1448 2016 1535 2061 alia
1567 2017 1845 2075 hujusmodi,
1880 2027 1947 2061 est
1979 2017 2128 2076 aequi-

167 2082 351 2127 vocatio
378 2084 605 2137 cavenda;
631 2097 738 2126 nam
767 2083 1040 2142 quandoque
1067 2094 1305 2128 sumuntur
1332 2094 1382 2127 ut
1403 2093 1505 2127 sunt
1524 2084 1705 2128 animae
1722 2084 1973 2142 passiones,
1996 2093 2041 2128 et
2061 2084 2127 2128 sic

166 2158 271 2193 sunt
295 2159 422 2194 actus
448 2149 671 2194 sensibilis
689 2150 911 2208 appetitus
934 2150 1184 2194 secundum
1204 2150 1609 2210 concupiscibilem
1630 2150 1704 2194 vel
1726 2150 1997 2195 irascibilem
2021 2165 2126 2194 cum

169 2215 320 2275 aliqua
350 2217 685 2275 permutatione
718 2217 960 2276 corporali,
994 2222 1038 2261 et
1068 2219 1132 2261 sic
1169 2218 1214 2261 in
1250 2218 1403 2261 anima
1441 2232 1627 2262 manere
1669 2232 1765 2262 non
1799 2228 1991 2277 possunt
2023 2227 2127 2276 post

165 2291 379 2336 mortem,
405 2293 455 2327 ut
480 2282 751 2327 Aristoteles
777 2284 939 2343 probat
963 2284 1009 2327 in
1037 2284 1184 2343 primo
1212 2285 1283 2329 De
1312 2285 1467 2328 anima
1494 2288 1541 2341 (t.
1570 2298 1608 2328 c.
1636 2282 1754 2341 66.);
1782 2294 2022 2329 sumuntur
2053 2299 2128 2328 au-

161 2357 259 2393 tem
283 2350 558 2408 quandoque
584 2364 667 2409 pro
695 2350 892 2409 simplici
920 2360 1022 2394 actu
1048 2350 1310 2406 voluntatis,
1337 2353 1413 2410 qui
1448 2362 1515 2396 est
1543 2351 1711 2410 absque
1737 2351 1976 2410 passione3
2003 2351 2123 2396 unde

162 2414 432 2462 Aristoteles
456 2417 504 2460 in
530 2417 727 2475 septimo
754 2417 902 2461 Ethic.
937 2418 997 2474 (c.
1030 2416 1132 2474 ult.)
1159 2417 1268 2462 dicit
1299 2418 1422 2476 quod
1454 2418 1581 2462 Deus
1615 2432 1705 2461 una
1736 2417 1935 2477 simplici
1968 2432 2125 2476 opera-

161 2481 288 2527 tione
313 2483 494 2541 gaudet,
520 2492 566 2527 et
591 2484 636 2527 in
662 2483 843 2528 decimo
871 2484 932 2542 (c.
960 2483 1023 2540 8.)
1051 2484 1173 2543 quod
1199 2484 1246 2528 in
1270 2484 1658 2544 contemplatione
1682 2484 1930 2544 sapientiae
1958 2494 2026 2529 est
2052 2485 2124 2528 de-

161 2546 347 2593 lectatio
375 2549 669 2605 admirabilis,
695 2560 741 2594 et
765 2550 811 2594 in
829 2559 995 2594 octavo
1023 2550 1083 2608 (c.
1108 2551 1168 2608 5.)
1185 2565 1392 2595 amorem
1411 2551 1640 2595 amicitiae
1661 2551 1715 2594 ab
1737 2551 1984 2605 amatione,
2004 2565 2120 2610 quae

164 2625 232 2660 est
257 2616 424 2674 passio,
442 2616 700 2675 distinguit;
727 2631 868 2676 quum
886 2631 996 2662 vero
1016 2616 1230 2662 voluntas
1252 2619 1308 2662 sit
1322 2619 1524 2677 potentia
1541 2632 1635 2662 non
1650 2627 1782 2662 utens
1800 2631 1990 2676 organo,
2008 2617 2125 2662 sicut

161 2696 248 2728 nec
273 2681 546 2737 intellectus,
571 2682 726 2742 palam
753 2694 822 2728 est
846 2683 1126 2743 hujusmodi,
1152 2685 1407 2729 secundum
1434 2684 1556 2744 quod
1583 2694 1688 2729 sunt
1709 2694 1835 2729 actus
1856 2683 2120 2738 voluntatis,

161 2749 210 2794 in
235 2749 389 2795 anima
414 2760 621 2808 separata
652 2765 903 2795 remanere.

253 2815 329 2861 Sic
354 2816 491 2875 igitur
516 2830 570 2860 ex
595 2817 836 2876 praedictis
866 2817 1116 2863 rationibus
1144 2817 1358 2863 concludi
1383 2831 1478 2863 non
1504 2827 1655 2877 potest
1687 2819 1888 2862 animam
1916 2816 2119 2862 hominis

164 2895 263 2927 esse
288 2882 546 2927 mortalem.

851 3034 1105 3091 CAPUT
1146 3033 1434 3090 LXXXII.

147 3174 151 3177 ”
217 3171 377 3218 QUOD
417 3170 628 3211 ANIMAP.
667 3170 962 3210 BRUTORUM
1002 3171 1312 3209 ANIMALIUM
1351 3171 1468 3211 NON
1508 3171 1651 3209 SUNT
1692 3170 2065 3210 IMMORTALES.

253 3280 319 3326 Ex
350 3280 423 3326 his
450 3290 603 3325 autem
629 3294 745 3340 quae
771 3280 889 3326 dicta
911 3291 1029 3336 sunt,
1053 3281 1284 3326 evidenter
1305 3280 1557 3326 ostenditur
1571 3279 1808 3324 brutorum
1834 3281 2009 3326 animas
2024 3295 2119 3326 non

163 3359 262 3392 esse
287 3346 587 3392 immortales.

242 3413 343 3472 Jam
365 3414 489 3458 enim
515 3424 749 3459 ostensum
768 3424 835 3459 est
859 3415 920 3472 (c.
944 3428 1009 3473 57.
1029 3425 1073 3459 et
1097 3413 1190 3472 68.)
1209 3415 1330 3473 quod
1348 3414 1472 3458 nulla
1490 3413 1695 3473 operatio
1713 3414 1955 3459 sensitivae
1976 3414 2115 3474 partis

165 3492 263 3525 esse
281 3480 377 3525 sine
403 3494 596 3540 corpore
622 3490 784 3540 potest.
812 3480 865 3526 In
891 3482 1128 3525 animabus
1157 3492 1309 3525 autem
1335 3481 1572 3525 brutorum
1599 3494 1693 3524 non
1720 3491 1789 3525 est
1813 3481 2016 3526 invenire
2044 3481 2123 3525 ali·

164 3559 302 3605 quam
327 3547 644 3608 operationem
670 3547 953 3607 superiorem
979 3548 1316 3607 operationibus
1342 3547 1583 3592 sensitivae
1609 3547 1771 3607 partis3
1796 3561 1890 3592 non
1918 3548 2040 3592 enirn
2059 3548 2123 3592 in—

163 3611 375 3672 telligunt
398 3627 546 3673 neque
571 3613 921 3671 ratiocinantur;
963 3614 1085 3673 quod
1121 3627 1176 3659 ex
1211 3614 1301 3659 hoc
1344 3623 1543 3673 apparet,
1570 3613 1675 3674 quia
1710 3614 1866 3659 omnia
1903 3613 2119 3660 animalia
