2332 3854
856 170 1011 211 usna
1050 170 1121 209 ιν.
1163 170 1284 210 εΑΡ.
1325 170 1437 208 Lm.
2001 154 2106 224 647

218 270 370 315 'Haec
403 270 540 329 igitur
570 278 674 314 sunt
705 279 751 314 et
779 270 947 314 similia
978 286 1033 315 ex
1068 271 1229 330 quibus
1273 271 1407 316 alicui
1439 269 1582 315 videri
1613 278 1763 328 potest
1804 283 1858 313 ea
1902 280 2018 328 quae
2041 269 2111 313 ‘de

153 336 464 380 incarnatione
496 335 606 380 fides
633 335 861 380 catholica
892 339 1123 397 praedicat
1147 338 1326 382 divinae
1347 338 1576 396 majestati
1602 346 1647 380 et
1671 335 1920 393 sapientiae
1947 348 2111 379 conve-

154 402 326 447 nienti-a
358 416 452 447 non
478 401 630 447 fuisse.

857 547 861 550 ⁴
908 578 1164 636 CAPUT
1205 578 1351 634 LIV.

497 712 656 758 QUOD
699 711 1045 751 CONVENIENS
1085 713 1214 750 FUIT
1255 712 1411 751 DEUM
1453 712 1761 752 [NCARNARI.

292 812 396 871 (ΙΙΙ.
429 819 545 872 part.
578 820 731 873 quaest.
765 814 799 858 I.
833 820 915 859 art.
948 829 983 860 1.
1015 821 1052 858 et
1083 814 1165 858 III.
1201 814 1310 859 Sent.
1343 814 1435 859 dist.
1468 830 1503 860 1.
1536 822 1690 875 quaest.
1722 815 1760 861 J.
1790 821 1872 859 art.
1904 813 1983 873 2,).

243 925 292 969 Si
323 925 423 985 quis
454 934 604 970 autem
638 925 877 984 diligenter
902 935 947 970 et
978 926 1049 985 pie
1082 926 1407 970 incarnationis
1437 926 1654 985 mysteria
1687 926 1959 979 consideret,
1986 924 2111 968 inve-

153 991 248 1036 niet
273 1001 450 1036 tantam
482 991 730 1051 sapientiae
764 991 1133 1050 profunditatem,
1165 993 1287 1051 quod
1310 1007 1498 1036 omnem
1518 993 1770 1037 humanam
1795 993 2107 1051 cognitionem

153 1058 641 1112 excedat,secundum
671 1056 782 1102 iilud
817 1059 1029 1117 Apostoli
1061 1061 1120 1115 (I.
1149 1059 1258 1103 Cor.
1277 1060 1310 1102 Ι.
1339 1059 1438 1116 25):
1476 1059 1601 1117 Quod
1631 1060 1799 1104 stultum
1831 1065 1888 1103 est
1913 1060 2012 1111 Dei,
2045 1072 2111 1102 sa-

148 1127 332 1184 pientius
354 1131 411 1170 ost
442 1126 689 1170 hominibus.
724 1125 857 1169 Unde
883 1124 932 1169 fit
964 1135 1012 1169 ut
1042 1126 1115 1184 pie
1148 1126 1454 1170 consideranti
1486 1140 1669 1184 semper
1694 1125 1842 1183 magis
1875 1139 1928 1168 ac
1962 1123 2110 1182 magis

153 1190 443 1236 admirabiles
474 1192 673 1236 rationes
705 1192 971 1251 hujusmodi
1002 1192 1206 1251 mysterii
1238 1191 1599 1236 manifestentur.>

241 1258 446 1302 Primum
477 1257 614 1316 igitur
645 1259 737 1302 hoc
765 1259 1148 1302 considerandum
1176 1269 1257 1312 est,
1290 1259 1413 1318 quod
1446 1259 1700 1303 incarnatio
1733 1258 1823 1302 Dei
1855 1256 2114 1302 efficacissi-

152 1336 279 1369 mum
310 1323 395 1368 fuit
426 1325 642 1368 auxilium
674 1325 853 1368 homini
880 1326 934 1369 ad
957 1326 1283 1369 beatitudinem
1306 1325 1521 1371 tendenti.
1549 1326 1802 1370 Ostensum
1825 1332 1893 1368 est
1919 1324 2108 1368 enimin

153 1384 287 1436 tertio
305 1393 368 1449 (ε.
390 1391 495 1450 37.),
514 1391 635 1450 quod
655 1391 853 1449 perfecta
872 1392 1102 1436 beatitudo
1120 1393 1321 1436 hominis
1338 1393 1385 1436 in
1403 1393 1669 1436 immediata
1688 1391 1777 1436 Dei
1797 1391 1974 1436 visione
2003 1404 2113 1435 con-

150 1457 279 1502 sistit.
303 1456 467 1502 -Posset
486 1468 639 1502 autem
667 1457 803 1502 alicui
820 1458 962 1502 videri
983 1458 1105 1517 quod
1132 1459 1277 1502 homo
1303 1459 1358 1502 ad
1381 1459 1503 1502 hunc
1521 1469 1688 1503 statum
1709 1472 1945 1517 nunquam
1966 1456 2111 1516 possit

150 1523 407 1583 pertingere
432 1524 555 1582 quod
581 1524 836 1569 intellectus
863 1525 1091 1569 humanus
1117 1526 1382 1569 immediate
1408 1526 1493 1584 ipsi
1520 1526 1699 1569 divinae
1725 1525 1947 1569 essentiae
1969 1524 2114 1568 unire-

149 1599 312 1644 tun-ut
335 1590 592 1635 intellectus
618 1591 904 1650 intelligibili,
931 1602 1114 1651 propter
1145 1592 1420 1636 immensam
1454 1592 1713 1636 distantiam
1746 1602 2040 1645 naturarum3
2067 1599 2112 1634 et

150 1657 214 1702 sic
245 1657 369 1701 eirca
399 1657 739 1719 inquisitionem
772 1658 1062 1702 beatitudinis
1087 1658 1233 1702 homo
1265 1667 1532 1717 tepesceret,
1559 1659 1656 1717 ipsa
1689 1658 2006 1717 desperatione
2039 1657 2111 1701 de·
2180 1703 2182 1705 ,

151 1733 316 1768 tentus.
348 1723 437 1768 Per
465 1723 557 1767 hoc
591 1734 744 1767 autem
776 1724 898 1782 quod
930 1724 1057 1768 Deus
1088 1724 1339 1768 humanam
1372 1734 1584 1768 naturam
1616 1724 1701 1768 sibi
1732 1725 1859 1768 unire
1890 1723 2036 1768 voluit
2061 1723 2108 1766 in

151 1800 362 1849 persona,
384 1789 730 1834 evidentissime
755 1790 1020 1835 hominibus
1040 1790 1379 1835 demonstratur
1401 1792 1523 1850 quod
1549 1791 1694 1834 homo
1721 1805 1800 1849 per
1826 1789 2109 1835 intellectum

149 1856 254 1900 Deo
283 1864 439 1916 potest
463 1856 594 1910 uniri,
627 1857 779 1914 ipsum
810 1857 1075 1901 immediate
1096 1857 1308 1901 videndo.
1335 1857 1438 1901 Fuit
1462 1857 1599 1916 igitur
1626 1856 2110 1901 convenientissimum

71 1933 75 1938 ·
148 1922 272 1981 quod
291 1923 419 1967 Deus
437 1922 692 1967 humanam
717 1932 929 1967 naturam
956 1934 1208 1968 assumeret
1239 1924 1295 1967 ad
1321 1938 1451 1983 spem
1479 1924 1680 1967 hominis
1706 1923 1752 1966 in
1778 1923 2106 1967 beatitudinem

148 1984 497 2043 sublevandam3
527 1989 664 2043 unde,
696 1999 800 2048 post
830 1990 1192 2034 incarnationem
1221 1990 1408 2045 Christi,
1433 1990 1647 2033 homines
1679 1999 1930 2048 coeperunt
1961 1989 2110 2047 magis

149 2054 206 2099 ad
223 2055 471 2100 coelestem
487 2056 814 2100 beatitudinem
833 2057 1044 2115 aspirare,
1066 2056 1318 2100 secundum
1336 2056 1458 2115 quod
1475 2057 1571 2115 ipse
1593 2056 1703 2100 dicit
1718 2055 1900 2115 (Joann.
1916 2056 1973 2099 X.
1996 2056 2111 2112 10.):

148 2123 238 2181 Ego
256 2124 357 2166 veni
371 2128 423 2167 ‘ut
442 2124 579 2167 vitam
600 2122 791 2177 habeant,
818 2130 855 2168 et
880 2123 1159 2168 abundantius
1184 2124 1385 2168 habeant.
1781 2150 1796 2169 ‘t

237 2187 387 2234 Simul
411 2185 549 2233 etiam
576 2202 657 2247 per
688 2189 779 2233 hoc
808 2189 985 2234 homini
1013 2188 1276 2234 auferuntur
1306 2189 1634 2248 impedimenta
1659 2189 1986 2234 beatitudinem
2016 2188 2112 2232 adi-

145 2254 363 2314 piscendi.
392 2253 553 2307 Quum
580 2255 703 2299 enirn
724 2254 923 2314 perfecta
954 2255 1156 2300 hominis
1188 2256 1420 2300 beatitudo
1453 2256 1500 2299 in
1526 2256 1625 2300 sola
1648 2255 1735 2300 Dei
1766 2255 1980 2299 fruitione
2001 2269 2111 2299 con-

146 2321 287 2375 sistat,
320 2331 369 2365 ut
399 2335 533 2380 supra
566 2331 800 2366 ostensum
835 2331 915 2375 est,
946 2322 1255 2366 necessarium
1296 2332 1364 2366 est
1403 2322 1526 2381 quod
1559 2322 1836 2381 quicumque
1869 2322 1954 2375 his,
1988 2335 2104 2380 quae

144 2387 260 2432 infra
290 2388 445 2432 Deum
476 2398 594 2442 sunt,
626 2388 833 2433 inhaeret
865 2388 1059 2433 finaliter
1101 2403 1126 2432 a
1158 2403 1293 2433 verae
1324 2389 1614 2433 beatitudinis
1647 2388 1995 2447 participatione
2029 2389 2112 2431 im·

146 2454 365 2514 pediatur.
392 2454 465 2498 Ad
491 2454 582 2499 hoc
614 2465 768 2499 autem
798 2455 944 2499 homo
971 2455 1134 2499 deduci
1160 2466 1338 2514 poterat
1362 2455 1484 2514 quod
1510 2456 1643 2499 rebus
1669 2453 1787 2498 infra
1813 2455 1964 2498 Deum
1991 2454 2108 2498 exsi-

147 2518 367 2566 stentibus
390 2520 648 2565 inhaereret
663 2530 717 2565 -ut
737 2520 830 2575 fini,
857 2522 1112 2579 ignorando
1134 2536 1242 2566 suae
1264 2532 1451 2566 naturae
1475 2521 1757 2580 dignitatem.
1783 2521 1850 2564 Ex
1871 2521 1961 2564 hoc
1986 2521 2108 2564 enim

149 2587 373 2646 contingit
399 2587 520 2646 quod
553 2588 752 2646 quidam,
785 2588 1124 2632 considerantes
1156 2603 1204 2632 se
1238 2588 1488 2632 secundum
1520 2598 1728 2631 naturam
1761 2600 2030 2646 corpoream
2062 2597 2108 2632 et

148 2654 427 2708 sensitivam,
461 2665 598 2712 quam
631 2668 737 2697 cum
770 2653 868 2698 aliis
901 2654 1172 2698 animalibus
1204 2655 1374 2698 habent
1408 2667 1721 2708 communem,
1763 2654 1810 2696 in
1840 2653 1974 2697 rebus
2012 2667 2109 2697 cor-

146 2720 376 2779 poralibus
410 2730 456 2764 et
486 2719 862 2764 delectationibus
888 2721 1037 2764 carnis
1063 2721 1311 2779 quamdam
1343 2721 1669 2765 beatitudinem
1695 2719 1932 2764 bestialem
1959 2721 2104 2779 requi-

148 2797 252 2831 runt
287 2788 443 2844 (tertio
476 2786 600 2844 Epic.
632 2797 746 2831 teste
774 2788 893 2845 Aug.
921 2800 1080 2831 contra
1113 2788 1256 2831 Acad.
1291 2797 1335 2831 et
1365 2792 1493 2832 tract.
1519 2797 1677 2832 contra
1703 2787 1867 2846 Epic.).
1897 2787 2102 2839 Quidam

145 2866 255 2898 vero
273 2854 349 2910 (de
373 2854 533 2898 ceteris
549 2855 650 2898 vide
670 2854 767 2897 Lib.
787 2854 841 2898 11.
856 2869 892 2898 c.
921 2855 994 2912 3.),
1023 2855 1360 2898 considerantes
1379 2855 1680 2914 quarumdam
1705 2865 2014 2899 creaturarum
2032 2870 2102 2899 ex-

150 2920 410 2964 cellentiam
443 2934 578 2979 super
608 2920 836 2974 homines,
868 2931 1088 2979 quantum
1122 2921 1176 2964 ad
1211 2920 1374 2979 aliqua,
1407 2934 1566 2964 eorum
1602 2921 1743 2964 cultui
1775 2935 1822 2965 se
1860 2921 2103 2965 adstrinxe-

146 2995 263 3039 runt,
294 2985 495 3031 colentes
523 2987 745 3030 mundum
779 2997 822 3031 et
848 2997 996 3046 partes
1028 2989 1138 3044 ejuS,
1167 2997 1349 3046 propter
1383 2987 1746 3046 magnitudinem
1773 2988 2033 3046 quantitatis
2056 2998 2101 3032 et

143 3053 363 3111 temporis
393 3053 756 3107 diuturnitatem;
790 3052 863 3097 vel
903 3053 1156 3112 spirituales
1201 3054 1486 3107 substantias,
1519 3054 1710 3112 angelos
1753 3064 1798 3098 et
1836 3042 2101 3108 daemones,

146 3129 329 3178 propter
369 3119 460 3163 hoc
492 3120 615 3178 quod
655 3119 894 3164 hominem
926 3120 1145 3164 excedere
1185 3121 1489 3174 inveniuntur,
1522 3130 1615 3165 tam
1657 3121 1704 3164 in
1746 3120 2105 3181 immortalitate,

147 3196 286 3244 quam
311 3187 357 3229 in
384 3186 595 3229 acumine
626 3186 909 3240 >intellectum
943 3187 1236 3230 aestimantes
1264 3187 1308 3230 in
1336 3187 1419 3240 his,
1447 3196 1494 3230 ut
1521 3196 1627 3246 puta
1653 3200 1788 3245 supra
1820 3201 1868 3231 se
1895 3187 2107 3232 exsisten-

143 3252 279 3304 tibus,
307 3251 512 3296 hominis
537 3252 863 3296 beatitudinem
886 3265 983 3297 esse
1010 3253 1331 3311 quaerendam.
1363 3252 1587 3304 Quamvis
1611 3265 1780 3307 autem,
1807 3265 2027 3312 quantum
2049 3254 2105 3298 ad

146 3317 319 3376 aliquas
345 3318 644 3370 conditiones,
675 3319 819 3363 homo
852 3318 1074 3378 aliquibus
1107 3319 1323 3364 creaturis
1350 3320 1534 3364 exsistat
1558 3318 1759 3374 inferior,
1787 3333 1839 3363 ac
1868 3320 2008 3365 etiam
2039 3321 2106 3364 in·-

146 3382 267 3428 frmis
285 3385 499 3428 creaturis
519 3384 567 3428 in
584 3384 855 3443 quibusdam
872 3385 1159 3438 assimiletur,
1183 3394 1336 3430 tamen
1358 3387 1610 3430 secundum
1638 3387 1845 3431 ordinem
1875 3386 1974 3432 finis
1989 3387 2106 3431 nihil

147 3449 336 3494 homine
361 3450 534 3494 exsistit
559 3450 705 3505 altius,
731 3451 818 3495 nisi
843 3451 968 3496 solus
1008 3452 1148 3505 Deus,
1175 3452 1221 3496 in
1245 3466 1339 3510 quo
1371 3452 1474 3496 solo
1507 3451 1706 3512 perfecta
1738 3453 1939 3497 hominis
1962 3454 2107 3498 beati·

146 3516 258 3561 tudo
291 3517 508 3561 consistit.
542 3515 671 3561 Hanc
689 3517 842 3575 ,igitur
872 3517 1074 3562 hominis
1106 3518 1388 3576 dignitatem,
1421 3519 1543 3578 quod
1560 3517 1736 3564 scilicet
1762 3521 1807 3564 in
1838 3519 2104 3565 immediata
