2332 3854
844 262 999 302 mma
1037 261 1114 301 111.
1155 261 1275 301 CAP-
1315 259 1372 299 11.
1975 243 2081 314 289

131 382 186 415 ex
205 368 288 413 tali
311 365 722 427 praeconceptione
752 375 915 424 agunt3
943 365 1035 409 hoc
1053 365 1175 409 enim
1199 372 1266 408 est
1283 374 1418 422 agere
1435 374 1515 421 per
1531 359 1830 404 intellectum.
1858 359 1986 405 Sicut
2012 375 2086 405 au-

130 445 224 481 tem
241 435 287 479 in
308 433 539 479 intellectu
565 433 963 491 praeconcipiente
981 431 1152 476 exsistit
1176 440 1273 476 tota
1289 427 1540 475 similitudo
1559 427 1761 481 effectus,
1781 428 1836 472 ad
1853 442 1990 487 quam
2008 443 2086 487 per

134 503 337 547 actiones
354 499 647 557 intelligentis
672 498 946 557 pervenitur,
973 500 1033 542 ita
1059 498 1105 540 in
1132 506 1294 555 agente
1320 495 1513 548 naturali
1538 494 1822 553 praeexsistit
1837 494 2085 538 similitudo

0 529 19 594 ἱ
134 566 351 613 naturalis
378 565 579 619 effectus,
612 579 665 609 ex
692 578 781 623 qua
818 565 938 608 actio
972 564 1027 607 ad
1054 564 1176 607 hunc
1204 562 1418 607 effectum
1455 561 1803 615 determinatur3
1838 574 1946 604 nam
1968 561 2086 620 ignis

134 644 321 694 generat
345 633 516 691 ignem,
543 641 587 676 et
613 630 734 676 oliva
761 630 947 674 olivam.
977 631 1106 674 SIcut
1127 630 1264 688 igitur
1290 642 1429 688 agens
1454 642 1534 688 per
1560 627 1842 672 intellectum
1868 628 2011 672 tendit
2041 628 2087 671 in

133 701 272 745 finem
298 699 650 744 determinatum
669 711 747 756 per
764 711 894 741 suam
913 698 1157 751 actionem,
1175 697 1236 740 ita
1254 710 1393 754 agens
1411 710 1490 755 per
1505 706 1730 740 naturam.
1759 694 1914 739 Omne
1951 695 2088 754 igitur

134 780 275 826 agens
298 766 393 825 agit
422 775 605 825 propter
630 764 783 808 finem.

221 833 454 890 Amplius.
473 842 712 891 peccatum
728 844 822 874 non
843 830 1069 874 invenitur
1095 830 1181 873 nisi
1208 831 1253 872 in
1269 830 1341 874 his
1358 843 1473 888 quae
1491 838 1594 873 sunt
1609 838 1793 896 propter
1817 827 1980 883 finem3
2001 842 2087 873 nec

134 901 257 946 enim
278 900 526 958 imputatur
552 898 687 942 alicui
713 898 768 941 ad
791 907 1031 956 peccatum
1051 898 1087 941 si
1110 897 1290 940 deficiat
1307 898 1360 940 ab
1381 910 1437 940 eo
1456 896 1510 939 ad
1533 896 1655 955 quod
1681 909 1776 940 non
1799 905 1887 950 est3
1905 896 2089 940 medico

135 967 258 1012 enim
282 966 528 1025 imputatur
546 966 600 1009 ad
619 975 859 1024 peccatum
886 965 921 1008 si
949 964 1129 1008 deficiat
1147 978 1172 1007 a
1198 964 1402 1008 sanando
1430 973 1654 1017 naturam,
1679 977 1773 1006 non
1798 971 1949 1007 autem
1973 963 2090 1007 aedi-

135 1032 312 1077 ficatori
329 1043 404 1076 aut
421 1031 750 1091 grammatic03
773 1031 851 1075 sed
869 1041 1110 1089 peccatum
1132 1031 1390 1074 invenimus
1406 1030 1452 1073 in
1470 1030 1540 1074 his
1568 1044 1683 1106 quae
1700 1030 1813 1074 fiunt
1837 1030 2091 1074 secundum

136 1109 296 1153 artem,
321 1099 438 1143 sicut
463 1112 604 1158 quum
631 1098 958 1156 grammaticus
985 1111 1077 1141 non
1115 1108 1236 1141 recte
1265 1097 1478 1156 loquitur,
1505 1110 1549 1141 et
1574 1097 1620 1140 in
1645 1097 1718 1141 his
1745 1110 1861 1155 quae
1887 1106 1991 1141 sunt
2027 1111 2094 1141 se-

136 1166 336 1211 cundum
351 1174 575 1222 naturam,
599 1165 716 1209 sicut
740 1174 863 1223 patet
884 1165 930 1207 in
947 1165 1160 1223 partubus
1180 1164 1494 1207 monstruosis.
1513 1163 1636 1221 Ergo
1658 1173 1752 1207 tarn
1777 1177 1917 1222 agens
1938 1177 2095 1208 secun-

135 1234 246 1278 dum
275 1242 485 1277 naturam
520 1246 657 1291 quarn
696 1245 836 1290 agens
869 1231 1118 1276 secundum
1158 1241 1316 1285 artem,
1354 1240 1399 1274 et
1431 1245 1456 1274 a
1491 1230 1743 1290 proposito,
1783 1230 1875 1289 agit
1909 1240 2093 1290 propter

0 1347 1 1350 ,
135 1299 289 1344 finem.

0 1378 18 1441 ᾗ
224 1367 365 1423 Item:
391 1365 430 1410 si
456 1379 595 1424 agens
622 1380 715 1409 non
742 1365 949 1410 tenderet
980 1365 1035 1408 ad
1064 1364 1263 1423 aliquem
1291 1364 1506 1409 effectum
1532 1364 1900 1420 determinatum,
1932 1378 2095 1408 omnes

14 1488 16 1491 Υ
135 1431 324 1478 effectus
347 1443 497 1477 essent
523 1433 564 1476 ei
589 1431 908 1476 indifferentes.
940 1432 1080 1484 Quod
1108 1442 1261 1476 autem
1288 1430 1594 1476 indifferenter
1617 1446 1666 1475 se
1693 1431 1829 1476 habet
1862 1431 1918 1475 ad
1951 1431 2096 1476 multa

0 1444 23 1595 i
134 1513 230 1544 non
255 1499 403 1558 magis
420 1513 562 1542 unum
579 1512 740 1543 eorum
767 1509 980 1557 operatur
1001 1513 1139 1557 quam
1167 1498 1310 1559 aliud3
1338 1498 1456 1542 unde
1476 1512 1500 1541 a
1527 1499 1822 1556 contingente
1851 1499 1906 1542 ad
1929 1507 2117 1542 utrum--

140 1580 229 1626 que
253 1579 349 1610 non
374 1565 576 1624 sequitur
592 1565 755 1624 aliquis
777 1564 964 1609 effectus
987 1566 1074 1609 nisi
1100 1579 1179 1623 per
1197 1565 1365 1623 aliquid
1384 1565 1506 1623 quod
1526 1566 1851 1609 determinetur
1867 1565 1922 1609 ad
1941 1578 2098 1609 unum.

139 1632 428 1691 Impossibile
454 1632 591 1690 igitur
616 1642 733 1676 esset
760 1631 882 1690 quod
910 1642 1077 1690 ageret.
1122 1632 1277 1676 Omne
1303 1632 1439 1690 igitur
1466 1645 1605 1689 agens
1631 1631 1775 1675 tendit
1811 1632 1867 1676 ad
1899 1632 2098 1691 aliquem

138 1699 489 1744 determinatum
516 1697 744 1752 effectum,
778 1699 900 1757 quod
927 1699 1089 1742 dicitur
1119 1698 1220 1742 finis
1253 1699 1363 1756 ejus.

229 1765 346 1809 Sunt
371 1775 524 1808 autem
553 1764 731 1822 aliquae
757 1765 962 1808 actiones
989 1779 1104 1823 quae
1122 1778 1216 1808 non
1242 1765 1452 1808 videntur
1478 1778 1575 1808 esse
1602 1774 1787 1823 propter
1812 1765 1966 1819 finem,
1983 1765 2100 1811 sicut

141 1831 345 1876 actiones
379 1829 596 1884 ludicrae,
630 1841 675 1875 et
710 1831 1133 1890 contemplatoriae,
1169 1841 1213 1875 et
1245 1831 1450 1875 actiones
1490 1845 1605 1890 quae
1647 1832 1815 1890 absque
1849 1832 2099 1876 attentione

141 1897 269 1952 fiunt,
290 1898 408 1942 sicut
429 1897 695 1942 confricatio
722 1898 887 1942 barbae
915 1907 959 1942 et
983 1898 1261 1956 hujusmodi,
1288 1912 1343 1942 ex
1368 1898 1530 1957 quibus
1564 1898 1725 1957 aliquis
1749 1899 1924 1957 opinari
1951 1909 2101 1958 potest

142 1965 265 2025 quod
291 1963 349 2009 sit
373 1963 556 2023 aliquod
584 1978 724 2023 agens
749 1978 843 2008 non
870 1975 1053 2023 propter
1079 1964 1232 2009 finem.

229 2031 321 2077 Sed
337 2031 574 2076 sciendum
591 2032 713 2090 quod
731 2031 935 2075 actiones
958 2031 1342 2090 contemplativae
1358 2045 1452 2076 non
1470 2042 1573 2076 sunt
1594 2042 1778 2091 propter
1792 2032 1932 2076 alium
1946 2033 2116 2087 finem„

143 2097 223 2143 sed
247 2098 373 2157 ipsae
392 2108 496 2142 sunt
511 2098 633 2152 finis3
662 2098 864 2142 actiones
891 2108 1043 2142 autem
1069 2097 1271 2142 ludicrae
1296 2099 1524 2143 interdum
1552 2109 1655 2143 sunt
1680 2099 1797 2153 finis,
1815 2100 1933 2144 sicut
1958 2114 2100 2159 quum

142 2166 242 2224 quis
273 2163 425 2209 solum
450 2164 565 2208 ludit
589 2175 774 2223 propter
798 2164 1153 2209 delectationem
1180 2179 1296 2224 quae
1322 2165 1367 2209 in
1393 2165 1502 2209 ludo
1523 2176 1602 2219 est,
1630 2166 1906 2225 quandoque
1945 2177 2099 2212 autem

142 2235 246 2275 sunt
261 2240 444 2290 propter
460 2230 614 2284 finem,
625 2232 740 2275 sicut
756 2246 897 2290 quum
913 2231 1111 2276 ludimus
1126 2242 1175 2275 ut
1191 2233 1487 2291 postmodum
1501 2232 1659 2276 fortius
1672 2235 1873 2277 secundo
1889 2248 2102 2292 agamus;

142 2297 346 2343 actiones
366 2308 520 2342 autem
538 2311 655 2356 quae
681 2297 797 2342 fiunt
816 2299 913 2343 sine
932 2299 1183 2343 attentione
1201 2313 1295 2342 non
1313 2309 1418 2343 sunt
1435 2299 1488 2342 ab
1507 2299 1755 2354 intellectu,
1778 2301 1857 2344 sed
1875 2301 1928 2344 ab
1953 2300 2104 2360 aliqua

141 2365 290 2411 subita
303 2364 634 2423 imaginatione
651 2364 724 2408 vel
740 2365 934 2409 naturali
960 2365 1198 2424 principio,
1215 2366 1332 2410 sicut
1347 2366 1623 2410 inordinatio
1649 2367 1857 2410 humoris
1880 2368 2103 2425 pruritum

142 2430 379 2476 excitantis
406 2442 475 2476 est
500 2445 636 2476 causa
664 2430 1005 2476 confricationis
1033 2432 1214 2485 barbae,
1241 2446 1357 2491 quae
1375 2432 1424 2476 fit
1441 2432 1537 2476 sine
1556 2433 1804 2477 attentione
1822 2433 2102 2488 intellectus;

144 2508 190 2544 et
217 2507 374 2543 tamen
398 2498 514 2542 haec
537 2498 594 2542 ad
620 2498 798 2557 aliquos
823 2498 936 2543 fines
967 2499 1172 2552 tendunt,
1205 2498 1314 2542 licet
1339 2509 1516 2558 praeter
1541 2500 1749 2543 ordinem
1775 2495 2049 2545 intellectus.

151 2601 154 2606 .
229 2565 320 2610 Per
345 2565 436 2609 hoc
469 2575 622 2609 autem
655 2565 908 2609 excluditur
945 2566 1236 2624 antiquorum
1271 2566 1549 2610 naturalium
1586 2581 1712 2610 error
1749 2566 2023 2626 (Empedoc.
2058 2577 2106 2612 et

144 2632 340 2676 Democ.
367 2632 486 2690 apud
511 2632 701 2676 Aristot.
728 2632 931 2676 secundo
959 2632 1098 2691 Phys.
1128 2642 1159 2676 t.
1189 2646 1228 2676 c.
1256 2644 1326 2675 22.
1355 2642 1399 2676 et
1429 2633 1540 2691 43.),
1574 2633 1652 2691 qui
1684 2633 1915 2690 ponebant
1947 2633 2105 2677 omnia

143 2697 243 2744 ficri
267 2712 322 2744 cx
345 2699 621 2744 necessitate
646 2699 881 2753 materiae,
907 2712 1095 2744 causam
1120 2698 1307 2743 finalem
1338 2713 1365 2742 a
1397 2699 1530 2744 rebus
1562 2700 1742 2758 penitus
1773 2700 2103 2745 subtrahentes.

927 2940 1182 2997 CAPUT
1223 2941 1325 2997 III.

486 3093 646 3139 QUOD
688 3094 843 3133 OMNE
882 3093 1056 3132 AGENS
1099 3094 1230 3132 AGIT
1271 3094 1519 3134 PROPTER
1558 3094 1769 3134 BONUM.

345 3216 399 3274 (L
416 3222 534 3276 part.
567 3222 718 3274 quaest.
754 3217 846 3268 CV.
880 3224 962 3263 art.
990 3231 1027 3277 5.
1060 3224 1099 3262 et
1129 3219 1196 3263 De
1221 3220 1342 3263 verit.
1375 3224 1526 3277 quaest.
1561 3218 1700 3263 XXII.
1733 3224 1814 3262 art.
1841 3217 1911 3275 1.).

238 3349 304 3394 Ex
329 3349 419 3394 hoc
453 3358 606 3393 autem
633 3347 820 3394 ulterius
846 3350 1180 3395 ostendendum
1214 3361 1282 3395 est
1307 3351 1429 3410 quod
1457 3365 1595 3395 omne
1623 3364 1765 3409 agens
1798 3350 1892 3410 agit
1923 3360 2107 3410 propter

48 3437 96 3466 ’,,,
136 3415 341 3465 'bonum-

73 3484 102 3539 {j
241 3482 352 3528 Inde
373 3481 502 3527 enim
527 3480 819 3526 manifestum
847 3493 915 3528 est
940 3497 1079 3529 omne
1104 3498 1243 3543 agens
1277 3498 1412 3543 agere
1438 3494 1620 3543 propter
1646 3483 1801 3538 finem,
1828 3483 1934 3543 quia
1970 3485 2110 3543 quod·

147 3548 263 3597 libet
285 3563 425 3610 agens
450 3549 593 3593 tendit
618 3548 674 3593 ad
701 3548 885 3609 aliquod
912 3551 1279 3596 determinatum.
1305 3551 1356 3596 Id
1384 3560 1537 3596 autem
1564 3551 1620 3595 ad
1646 3550 1769 3611 quod
1797 3565 1944 3610 agens
1967 3551 2110 3596 deter-

153 3615 324 3662 minate
349 3615 492 3661 tendit
518 3624 697 3675 oportet
723 3630 822 3661 esse
849 3619 1130 3664 conveniens
1161 3619 1229 3674 ei;
1255 3633 1349 3663 non
1377 3617 1500 3664 enim
1532 3617 1773 3664 tenderet
1761 3631 1808 3662 m
1839 3618 1991 3677 ipsum
2021 3618 2111 3663 nisi

289 3716 327 3753 S.
352 3716 508 3753 Tuom
535 3717 669 3753 Summa
691 3724 804 3753 contra
829 3718 983 3754 Gentiles.
1936 3729 1976 3765 19
