2332 3854
326 198 394 252 68
1021 213 1177 252 namt
1215 212 1251 252 1.
1294 212 1415 253 cAP.
1454 213 1582 264 Lvn.

325 313 560 359 intellectu
585 313 788 374 potentia
813 313 972 358 locum
993 328 1088 358 non
1109 314 1261 368 habet,
1287 324 1487 375 utsupra
1514 316 1575 374 (c.
1606 315 1695 375 16.)
1723 327 1960 364 ostensum
1987 328 2079 376 est;
2099 332 2196 370 non
2217 330 2285 365 est

325 382 462 440 igitur
490 383 585 439 ejus
611 381 867 426 intellectus
894 382 1184 426 discursivus.

366 501 368 503 v
413 449 646 505 Amplius:
674 449 720 491 in
748 449 875 491 omni
902 449 1091 492 scientia
1118 449 1366 493 discursiva
1390 460 1570 507 oportet
1592 450 1761 510 aliquid
1784 466 1882 496 esse
1901 461 2286 508 causatum;nam

323 516 544 575 principia
571 526 673 558 sunt
684 515 1028 574 quodammodo
1043 529 1180 558 causa
1195 514 1394 560 efficiens
1413 517 1735 573 conclusionis,
1753 519 1873 563 unde
1886 530 1931 563 et
1955 519 2285 571 demonstratio

331 583 493 626 dicitur
519 582 812 658 syllogismus
845 581 1017 625 faciens
1050 582 1180 626 scire.
1206 582 1258 626 In
1286 583 1436 627 divina
1464 594 1616 628 autem
1643 585 1831 629 scientia
1857 585 1972 630 nihil
2003 575 2154 645 potest
2185 599 2286 641 esse

325 660 577 702 causatum,
605 664 710 692 cum
737 650 833 706 ipsa
873 649 962 692 Dei
994 649 1182 692 scientia
1209 650 1266 693 sit
1296 650 1392 708 ipse
1428 651 1568 705 Deus,
1595 661 1645 695 ut
1671 666 1725 695 ex
1758 653 2063 711 superioribus
2095 654 2157 711 (c.
2188 653 2283 711 45.)

323 727 459 776 patet.
487 717 575 759 Dei
607 717 743 774 igitur
766 716 954 758 scientia
981 729 1074 759 non
1100 727 1251 775 potest
1276 731 1375 760 esse
1402 717 1666 764 discursiva.

335 782 337 784 ’
412 784 601 827 Adhuc:
640 797 692 825 ea
731 796 845 839 quae
882 781 1148 826 naturaliter
1186 795 1541 861 cognoscuntur,
1569 786 1739 844 absque
1772 786 2123 831 ratiocinatione
2151 783 2285 833 nobis

323 861 428 895 sunt
453 861 577 902 nota,
605 852 720 893 sicut
746 859 867 908 patet
894 850 950 893 de
975 850 1132 927 primis
1158 851 1405 910 principiis.
1434 837 1523 895 Sed
1556 852 1604 895 in
1636 853 1738 896 Deo
1772 866 1868 897 non
1899 863 2050 912 potest
2081 867 2181 900 esse
2213 867 2287 898 co-

324 918 466 976 gnitio
485 918 570 960 nisi
596 915 828 974 naturalis,
856 917 1001 960 immo
1019 917 1106 961 nisi
1123 918 1397 972 essentialis;
1425 933 1507 962 sua
1525 919 1648 962 enim
1666 919 1857 963 scientia
1879 930 1946 964 est
1971 934 2055 964 sua
2075 920 2285 975 essentia,

323 995 371 1028 ut
397 998 532 1042 supra
561 983 711 1040 (ibid.)
738 983 981 1041 probatum
1008 993 1087 1028 est.
1115 985 1204 1028 Dei
1229 985 1367 1042 igitur
1394 986 1598 1044 cognitio
1625 999 1719 1029 non
1747 995 1815 1030 est
1839 986 2172 1030 ratiocinativa.

412 1051 679 1094 Praeterea:
715 1064 905 1093 ornnem
932 1061 1110 1094 motum
1139 1065 1327 1095 necesse
1355 1061 1422 1095 est
1447 1052 1604 1095 reduci
1628 1052 1674 1095 in
1697 1053 1897 1111 primum
1922 1066 2130 1111 movens,
2162 1053 2287 1112 quod

324 1129 392 1162 est
423 1132 616 1161 movens
633 1127 827 1171 tanturn,
855 1127 900 1161 et
924 1132 1018 1161 non
1036 1127 1216 1161 motum
1235 1134 1246 1172 3
1272 1117 1383 1161 illud
1400 1118 1536 1175 igitur
1555 1133 1578 1162 a
1597 1133 1687 1177 quo
1707 1129 1774 1163 est
1789 1119 1938 1178 prima
1963 1119 2095 1178 origo
2118 1130 2286 1175 motus,

326 1195 393 1230 est
420 1188 610 1229 omnino
639 1199 737 1228 esse
764 1199 956 1228 movens
985 1195 1029 1229 et
1053 1199 1148 1228 non
1174 1195 1368 1228 motum.
1396 1185 1498 1228 Hoc
1527 1196 1680 1229 autem
1707 1195 1774 1229 est
1803 1185 2061 1231 intellectus
2091 1186 2286 1240 divinus,

322 1264 371 1297 ut
396 1268 527 1311 supra
557 1253 616 1310 (c.
651 1254 737 1311 13.)
773 1263 1007 1297 ostensum
1046 1263 1140 1305 est;
1175 1262 1356 1311 oportet
1382 1252 1518 1310 igitur
1545 1251 1828 1296 intellectum
1854 1252 2060 1298 divinum
2092 1253 2285 1299 omnino

323 1335 420 1364 esse
439 1330 719 1373 moventem,
736 1334 830 1363 non
857 1330 1048 1363 motum.
1078 1319 1385 1363 Ratiocinatio
1405 1329 1555 1363 autem
1576 1329 1643 1363 est
1660 1320 1845 1378 quidam
1861 1330 2015 1364 motus
2031 1319 2287 1366 intellectus

321 1387 594 1431 transeuntis
623 1387 675 1430 ab
703 1401 795 1430 uno
823 1387 868 1430 in
898 1387 1033 1432 aliud.
1057 1387 1165 1430 Non
1186 1396 1257 1430 *est
1282 1386 1418 1445 igitur
1444 1386 1621 1429 divinus
1648 1385 1906 1430 intellectus
1930 1387 2284 1434 ratiocinativus.

412 1456 552 1498 Item:
581 1453 704 1513 quod
731 1464 799 1498 est
827 1468 1094 1512 supremum
1119 1453 1166 1496 in
1199 1453 1347 1506 nobis,
1375 1463 1441 1496 est
1468 1452 1652 1496 inferius
1678 1452 1726 1496 in
1753 1467 1808 1496 eo
1836 1454 1959 1512 quod
1983 1453 2032 1498 in
2053 1453 2156 1500 Deo
2189 1464 2286 1508 est;

323 1536 432 1566 nam
458 1521 645 1565 inferius
672 1535 767 1564 non
794 1521 973 1579 attingit
999 1520 1203 1579 superius
1229 1520 1317 1563 nisi
1341 1521 1387 1563 in
1415 1521 1483 1563 sui
1513 1534 1714 1563 summo.
1750 1519 2026 1579 Supremum
2054 1531 2207 1571 autem
2239 1522 2287 1566 in

319 1599 476 1633 nostra
518 1588 783 1647 cognitione
811 1598 878 1631 est
902 1602 997 1631 non
1024 1588 1155 1641 ratio,
1182 1587 1260 1631 sed
1293 1586 1550 1631 intellectus
1582 1586 1659 1645 qui
1692 1596 1759 1631 est
1799 1587 1988 1632 rationis
2020 1588 2165 1662 origo.
2197 1588 2287 1632 Dei

322 1657 459 1716 igitur
486 1656 688 1714 cognitio
715 1669 811 1698 non
838 1664 903 1698 est
926 1654 1258 1707 ratiocinativa,
1285 1654 1363 1697 sed
1389 1652 1710 1698 intellectualis
1737 1663 1927 1702 tantum.

414 1723 651 1782 Amplius:
687 1737 711 1766 a
743 1723 846 1766 Deo
880 1721 1030 1765 omnis
1064 1721 1266 1764 defectus
1292 1721 1599 1765 removendus
1627 1731 1708 1774 est,
1736 1735 1791 1764 eo
1818 1721 1976 1780 quod
1962 1735 2060 1781 ipse
2087 1711 2156 1767 est
2179 1721 2287 1767 sim-

323 1791 502 1850 pliciter
529 1789 768 1849 perfectus,
797 1799 844 1832 ut
871 1803 1006 1846 supra
1033 1789 1092 1845 (c.
1122 1788 1214 1844 28.)
1244 1798 1480 1832 ostensum
1503 1797 1583 1832 est.
1608 1788 1699 1832 Sed
1718 1803 1771 1832 ex
1793 1787 2139 1847 imperfectione
2158 1788 2287 1838 intel·

322 1858 530 1903 lectualis
567 1869 756 1900 naturae
793 1856 1003 1914 provenit
1031 1855 1348 1899 ratiocinativa
1384 1855 1584 1913 cognitio
1605 1867 1763 1909 3‘-nam
1800 1854 1922 1914 quod
1958 1869 2039 1914 per
2065 1854 2187 1900 aliud
2213 1869 2287 1900 co.-

325 1926 574 1985 gnoscitur,
602 1925 752 1967 minus
778 1934 843 1967 est
869 1933 1031 1966 notum
1051 1937 1106 1966 eo
1126 1923 1246 1981 quod
1275 1936 1354 1981 per
1380 1936 1427 1965 se
1456 1922 1765 1980 cognoscitur,
1790 1935 1876 1965 nec
1905 1922 1960 1965 ad
1986 1921 2032 1965 id
2057 1921 2181 1981 quod
2205 1936 2288 1982 per

324 1993 444 2036 aliud
474 2002 541 2035 est
566 2001 726 2034 notum
751 2001 912 2034 natura
946 1990 1268 2047 cognoscentis
1296 1988 1460 2032 sufficit
1492 1988 1588 2031 sine
1613 2002 1668 2031 eo
1696 2002 1775 2047 per
1802 1987 1924 2046 quod
1950 1987 2001 2032 fit
2022 1998 2223 2039 notum.
2216 1989 2298 2046 In·

325 2059 589 2118 cognitione
626 2067 778 2101 autem
804 2056 1121 2100 ratiocinativa
1148 2055 1195 2098 fit
1224 2055 1392 2114 aliquid
1419 2065 1581 2098 notum
1608 2069 1687 2114 per
1714 2054 1858 2098 aliud.
1887 2055 2010 2114 quod
2038 2056 2191 2100 autern
2222 2055 2286 2100 in-

320 2125 639 2171 tellectualiter
677 2124 985 2183 cognoscitur,
1027 2137 1108 2180 per
1143 2137 1192 2166 se
1225 2132 1292 2166 est
1327 2133 1505 2175 notum,
1548 2133 1592 2166 et
1629 2122 1684 2166 ad
1718 2122 1868 2181 ipsum
1909 2123 2284 2181 cognoscendum

321 2205 481 2238 natura
520 2192 841 2251 cognoscentis
880 2190 1046 2234 sufficit
1078 2191 1245 2248 absque
1277 2189 1490 2234 exteriori
1527 2190 1705 2243 medio3
1733 2189 1852 2233 unde
1877 2189 2170 2234 manifestum
2202 2199 2284 2244 est,

321 2262 443 2320 quod
471 2259 670 2303 defectus
699 2259 885 2317 quidam
911 2257 1169 2302 intellectus
1198 2268 1265 2302 est
1290 2257 1595 2301 ratiocinatio.
1619 2257 1786 2300 Divina
1813 2257 1951 2315 igitur
1975 2256 2165 2301 scientia
2189 2271 2284 2302 non

320 2339 388 2373 est
413 2327 743 2371 ratiocinativa.

407 2396 599 2439 Adhuc:
640 2394 807 2452 absque
844 2393 1032 2436 rationis
1063 2393 1267 2436 discursu
1303 2391 1751 2450 comprehenduntur
1799 2405 1854 2436 ea
1879 2405 2077 2450 quorum
2108 2392 2284 2452 species

319 2463 494 2508 suntin
533 2470 866 2519 cognoscente3
907 2475 1002 2504 non
1036 2460 1159 2504 enim
1184 2461 1307 2504 visus
1341 2459 1550 2505 discurrit
1570 2459 1625 2502 ad
1657 2459 1856 2518 lapidem
1893 2459 2285 2518 cognoscendum,

319 2532 447 2589 cujus
474 2529 724 2574 similitudo
764 2530 810 2572 in
845 2528 945 2571 visu
973 2538 1053 2572 est.
1080 2528 1249 2571 Divina
1277 2537 1429 2571 autem
1456 2526 1649 2570 essentia
1682 2537 1750 2570 est
1786 2525 1997 2570 omnium
2018 2525 2289 2582 similitudo,

317 2609 367 2642 ut
383 2611 517 2656 supra
541 2598 599 2653 (c.
626 2597 712 2653 54.)
742 2596 985 2654 probatum
1012 2605 1101 2649 est;
1135 2609 1230 2639 non
1255 2594 1392 2654 igitur
1408 2593 1614 2653 procedit
1631 2592 1686 2636 ad
1713 2592 1885 2652 aliquid
1902 2593 2280 2655 cognoscendum

319 2680 400 2725 per
425 2664 614 2709 rationis
642 2664 912 2707 discursum.

407 2733 538 2776 Patet
554 2732 692 2775 etiam
709 2730 879 2774 solutio
907 2744 1068 2774 eorum
1088 2745 1204 2789 quae
1229 2729 1484 2774 discursum
1507 2730 1553 2773 in
1580 2729 1782 2772 divinam
1807 2727 2046 2775 scientiam
2067 2727 2289 2777 inducere

317 2799 551 2843 videntur:
574 2809 672 2842 tum
715 2811 770 2842 ex
805 2798 896 2841 hoc
925 2798 1047 2856 quod
1077 2811 1157 2856 per
1197 2799 1438 2841 essentiam
1481 2810 1612 2841 suam
1647 2795 1736 2840 alia
1768 2794 1913 2850 novit,
1949 2795 2072 2854 quod
2096 2795 2284 2854 quidem

318 2877 554 2911 ostensum
582 2875 649 2909 est
674 2879 768 2908 non
795 2864 894 2909 fieri
920 2865 1183 2918 discursive,
1211 2879 1316 2908 cum
1344 2865 1439 2923 ejus
1469 2863 1668 2909 essentia
1694 2877 1742 2908 se
1768 2862 1937 2907 habeat
1962 2862 2019 2907 ad
2050 2861 2156 2916 alia,
2186 2876 2283 2912 non

318 2934 435 2977 sicut
461 2932 758 3009 principium
762 2932 818 2975 ad
845 2931 1179 2985 conclusiones,
1207 2932 1287 2976 sed
1315 2932 1431 2976 sicut
1464 2931 1637 2989 species
1665 2930 1720 2974 ad
1746 2943 1819 2974 res
1845 2929 2078 2988 cognitas:
2103 2938 2203 2978 tum
2229 2943 2284 2979 ex

315 3001 406 3045 hoc
425 3000 580 3059 quod
569 2999 897 3043 inconveniens
923 2997 1040 3043 forte
1066 2998 1289 3057 aliquibus
1321 2998 1548 3043 videretur
1570 2997 1608 3041 si
1625 2998 1751 3041 Deus
1769 2995 2041 3056 syllogizare
2065 3010 2160 3042 non
2178 3010 2284 3056 pos-

309 3078 407 3122 vset;
430 3068 568 3111 habet
593 3067 717 3110 enim
749 3065 1053 3124 syllogizandi
1078 3065 1318 3110 scientiam
1343 3075 1581 3124 tamquam
1607 3064 1829 3123 judicans,
1855 3073 1901 3109 et
1929 3077 2025 3109 non
2050 3063 2116 3109 sic
2147 3062 2284 3124 syllo-

317 3135 511 3194 gizando
539 3134 810 3178 discurrens.

406 3202 526 3246 Huic
559 3212 712 3246 autem
737 3200 916 3244 veritati
940 3200 1190 3244 rationibus
1217 3199 1435 3258 probatae
1471 3199 1608 3243 etiam
1642 3212 1770 3243 sacra
1804 3197 2038 3258 Scriptura
2066 3196 2279 3248 testimo·-

315 3269 442 3312 nium
476 3269 703 3328 perhibet·
732 3268 894 3312 dicitur
921 3268 1043 3311 enirn
1071 3267 1230 3325 (Hebr.
1257 3266 1334 3310 IV.
1359 3280 1424 3325 13.
1428 3266 1471 3323 ):
1504 3267 1663 3311 Omnia
1688 3265 1857 3312 nudaet
1875 3270 2132 3326 apertam
2151 3265 2281 3311 oculis·

314 3339 427 3394 ejus,·
456 3350 571 3394 quae
605 3337 728 3380 enim
753 3334 1069 3380 ratiocinando
1096 3334 1282 3387 scimus,
1314 3348 1407 3378 non
1435 3344 1538 3378 sunt
1564 3333 1816 3380 secundum
1843 3347 1893 3380 se
1922 3332 2057 3379 nobis
2082 3332 2210 3379 nuda
2235 3342 2281 3379 et

316 3412 484 3463 aperta,
511 3403 589 3447 sed
616 3403 792 3448 ratione
819 3402 1081 3463 aperiuntur
1107 3411 1151 3446 et
1175 3401 1416 3446 nudantur.
2176 3421 2177 3424 ¹
