2332 3854
742 186 895 225 Lmen
933 185 1010 224 111.
1053 186 1173 224 cap·
1215 185 1337 224 ειν.
1921 186 2027 240 527

79 303 126 340 et
149 293 343 339 aliarum
375 302 616 335 causarum
639 286 991 333 inferiorumad
1022 287 1162 332 istum
1188 286 1417 342 effectum,
1443 295 1488 332 et
1506 286 1646 345 Jonas
1687 285 2031 332 subversionem

78 360 245 405 Ninive
270 357 523 403 secundum
548 355 823 413 exigentiam
850 354 1143 409 meritorum3
1170 354 1408 413 utrobique
1433 362 1588 398 tamen
1616 351 1745 398 aliter
1786 353 1937 398 evenit
1967 368 2032 398 se-

79 426 277 473 cundum
304 422 620 483 operationem
636 420 726 464 Dei
751 420 981 464 liberantis
1008 429 1052 465 et
1068 421 1282 465 sanantis.
1301 420 1376 466 Sic
1409 420 1546 478 igitur
1571 419 1838 479 prophetica
1863 419 2032 464 denun-

77 492 207 538 tiatio
239 490 295 535 de
319 489 479 534 futuris
512 486 740 532 sufficiens
767 496 836 531 est
865 486 970 530 fidei
997 498 1333 545 argumentum,
1367 486 1487 546 quia,
1511 486 1620 532 licet
1634 486 1847 531 homines
1880 485 2032 545 aliqua

77 558 134 605 de
157 556 319 602 futuris
343 562 750 615 praecognoscant,
791 561 1065 597 nontamen
1106 553 1162 597 de
1203 552 1363 597 futuris
1405 553 1771 611 contingentibus
1804 562 1872 596 est
1908 566 2031 612 prae-

79 623 281 684 cognitio
322 635 429 666 cum
462 619 743 672 certitudine,
769 619 886 662 sicut
918 629 984 663 est
1015 619 1330 678 praecognitio
1363 619 1657 679 prophetiae;
1684 618 1768 665 etsi
1803 619 1926 663 enim
1954 618 2032 662 ali-

77 690 260 752 quando
296 688 374 733 fiat
399 687 648 746 prophetae
685 685 902 730 revelatio
935 686 1187 729 secundum
1219 685 1429 730 ordinem
1467 699 1707 731 causarum
1740 685 1795 729 ad
1832 684 2031 744 aliquem

78 757 307 809 effectum,
330 753 466 800 simul
487 764 641 797 tamen
666 751 740 796 vel
765 761 924 810 postea
946 751 994 794 fit
1011 751 1159 795 eidem
1176 750 1392 796 revelatio
1420 752 1475 796 de
1493 761 1659 797 eventu
1680 752 1818 796 futuri
1844 750 2032 797 effectus

78 821 272 884 qualiter
290 821 350 866 sit
372 819 704 864 immutandus:
731 818 848 862 sicut
872 817 1015 862 Isaiae
1038 817 1237 862 revelata
1261 817 1345 862 fuit
1369 819 1545 863 sanatio
1573 818 1796 864 Ezechiae
1822 827 1866 863 et
1885 818 2031 876 Jonae

77 887 284 936 liberatio
309 886 630 932 Ninivitarum.
1368 918 1378 926 ,

54 1009 59 1015 .
164 953 353 1012 Maligni
379 961 532 996 autem
556 951 751 1011 spiritus,
775 950 1012 995 veritatem
1039 950 1144 995 fidei
1167 965 1458 1010 corrumpere
1486 951 1742 1005 molientes,
1775 951 1892 997 sicut
1924 951 2028 995 abu-

77 1030 231 1071 tuntur
255 1019 522 1080 operatione
555 1016 882 1062 miraculorum
914 1026 962 1060 ut
993 1031 1194 1061 errorem
1224 1018 1443 1063 inducant
1475 1027 1519 1062 et
1551 1028 1871 1078 argumentum
1897 1032 2032 1062 verae

78 1088 184 1136 fidei
207 1085 455 1140 debilitent,
479 1094 634 1128 tamen
659 1098 755 1127 non
780 1097 885 1127 vere
918 1082 1138 1128 miracula
1168 1084 1392 1140 faciendo,
1425 1085 1503 1130 sed
1538 1099 1590 1129 ea
1622 1099 1739 1144 quae
1770 1084 2033 1130 hominibus

78 1153 353 1205 miraculosa
377 1161 608 1212 apparent,
625 1161 675 1196 ut
692 1165 827 1210 supra
844 1152 904 1208 (e.
929 1150 1047 1208 103.)
1065 1160 1301 1195 ostensum
1328 1162 1408 1207 est,
1427 1152 1489 1196 ita
1507 1154 1645 1197 etiam
1671 1152 1914 1196 abutuntur
1935 1166 2035 1210 pro·

77 1221 259 1283 phetica
282 1218 690 1281 praenuntiatione,
717 1231 810 1262 non
842 1217 1027 1276 quidem
1058 1231 1164 1261 vere
1196 1217 1528 1276 prophetando,
1560 1219 1637 1263 sed
1670 1217 2033 1278 praenuntiando

79 1288 230 1349 aliqua
253 1286 505 1332 secundum
531 1285 740 1330 ordinem
767 1297 1008 1328 causarum
1034 1283 1213 1328 homini
1234 1284 1534 1338 occultarum,
1558 1294 1607 1329 ut
1627 1285 1864 1329 videantur
1883 1283 2035 1328 futura

77 1366 468 1415 praecognoscere
489 1353 535 1395 in
557 1350 739 1409 seipsis;
766 1360 824 1403 et,
846 1349 952 1393 licet
969 1364 1022 1393 ex
1039 1350 1186 1394 causis
1209 1350 1486 1395 naturalibus
1508 1350 1694 1396 effectus
1717 1351 2034 1409 contingentes

77 1420 362 1482 proveniant,
388 1418 605 1478 praedicti
630 1427 783 1461 tamen
811 1417 990 1475 spiritus
1016 1415 1260 1461 subtilitate
1286 1416 1542 1462 intellectus
1568 1418 1638 1462 sui
1663 1418 1811 1475 magis
1843 1427 2036 1477 possunt

79 1499 359 1548 cognoscere
385 1498 523 1545 quam
549 1483 776 1536 homines,
803 1482 909 1542 quia
935 1493 1222 1541 cognoscunt
1247 1483 1429 1542 quando
1456 1494 1501 1527 et
1525 1483 1716 1543 qualiter
1742 1483 1930 1529 effectus
1955 1498 2035 1528 na-

77 1553 292 1599 turalium
318 1565 559 1596 causarum
583 1549 795 1609 impediri
819 1549 1018 1608 possint;
1052 1558 1097 1593 et
1127 1549 1231 1593 ideo
1258 1549 1304 1594 in
1330 1551 1691 1608 praenuntiando
1723 1550 1872 1595 futura
1906 1553 2037 1596 mira-

77 1620 262 1666 biliores
279 1629 324 1663 et
338 1618 594 1662 veraciores
622 1625 839 1675 apparent
856 1630 994 1675 quam
1011 1615 1223 1659 homines
1243 1627 1665 1677 quantumcumque
1683 1617 1889 1662 scientes.
1912 1618 2042 1661 Inter-

80 1700 239 1733 causas
264 1695 418 1730 autem
442 1682 683 1735 naturaleS,
701 1695 939 1741 supremae
961 1691 1005 1725 et
1028 1696 1053 1724 a
1076 1682 1340 1740 cognitione
1361 1694 1517 1727 nostra
1540 1684 1686 1743 magis
1708 1693 1913 1728 remotae
1932 1694 2037 1728 sunt

78 1754 196 1798 vires
222 1750 490 1796 coelestium
512 1763 772 1808 corporum,
794 1763 906 1808 quas
928 1747 1168 1807 praedictis
1186 1749 1414 1807 spiritibus
1433 1751 1638 1810 cognitas
1662 1765 1758 1795 esse
1782 1750 2035 1795 secundum

78 1819 401 1881 proprietatem
425 1830 534 1861 suae
559 1825 747 1860 naturae
774 1829 828 1859 ex
854 1815 1158 1873 superioribus
1184 1815 1306 1874 (Lib.
1322 1815 1378 1860 II.
1399 1831 1435 1861 c.
1454 1818 1548 1877 99.)
1575 1827 1711 1876 patet.
1741 1817 1900 1870 Quum
1924 1831 2034 1876 ergo

80 1888 236 1933 omnia
265 1884 478 1930 inferiora
510 1897 703 1941 corpora
737 1882 988 1926 secundum
1014 1882 1132 1926 vires
1170 1891 1213 1926 et
1250 1894 1427 1927 motum
1463 1885 1750 1943 superiorum
1788 1899 2039 1944 corporum

78 1951 388 2011 disponantur,
413 1958 604 2008 possunt
627 1947 846 2006 praedicti
870 1947 1050 2006 spiritus
1077 1947 1223 1992 multo
1249 1948 1397 2007 magis
1423 1963 1559 2008 quam
1588 1949 1748 2009 aliquis
1775 1949 2034 2008 astrologus

78 2017 395 2078 praenuntiare
419 2025 580 2060 ventos
606 2025 651 2059 et
675 2023 966 2073 tempestates
991 2013 1177 2068 futuras,
1206 2015 1519 2074 corruptiones
1543 2017 1672 2071 aeris,
1699 2026 1744 2060 et
1770 2016 1855 2078 alia
1882 2017 2037 2075 hujus-

79 2084 208 2129 modi
238 2098 354 2145 quae
388 2083 511 2127 circa
542 2082 818 2126 mutationes
845 2081 1110 2125 inferiorum
1144 2095 1388 2141 corporum
1423 2083 1635 2127 accidunt
1666 2098 1720 2128 ex
1753 2094 1882 2127 motu
1909 2098 2038 2142 supe-

79 2153 251 2196 riorum
279 2163 523 2210 corporum
548 2157 743 2193 causata.
776 2148 847 2202 Et,
878 2147 986 2192 licet
1017 2147 1234 2193 coelestia
1268 2163 1459 2207 corpora
1491 2164 1628 2208 super
1659 2160 1835 2209 partem
1867 2150 2038 2196 intelle-

80 2218 249 2263 ctivam
270 2218 449 2263 animae
472 2216 639 2260 directe
661 2229 755 2259 non
776 2215 952 2274 possint
971 2214 1246 2274 imprimere,
1269 2225 1318 2259 ut
1339 2230 1473 2275 supra
1495 2217 1557 2274 (c.
1581 2216 1674 2274 84.)
1697 2227 1932 2262 ostensum
1955 2228 2037 2272 est,

79 2284 263 2345 plurimi
287 2294 442 2328 tamen
468 2291 716 2342 sequuntur
739 2282 936 2339 impetus
967 2281 1232 2340 passionum
1260 2291 1304 2326 et
1328 2282 1648 2327 inclinationes
1682 2283 1959 2342 corporales,
1991 2284 2037 2328 in

80 2365 192 2412 quas
223 2349 475 2396 efficaciam
507 2349 675 2394 habere
708 2347 923 2392 coelestia
957 2362 1150 2407 corpora
1182 2347 1477 2393 manifestum
1511 2360 1599 2404 est;
1633 2350 1784 2394 solum
1818 2351 1940 2396 enim
1973 2366 2039 2396 sa-

79 2417 298 2477 pientum,
324 2431 519 2476 quorum
546 2426 615 2460 est
639 2429 802 2475 parvus
823 2429 1055 2468 numerus,
1078 2425 1146 2459 est
1165 2415 1431 2473 hujusmodi
1452 2418 1738 2476 passionibus
1761 2418 1959 2464 obviare.
1982 2419 2040 2464 Et

84 2484 189 2530 inde
227 2493 296 2529 est
332 2483 453 2543 quod
480 2482 616 2527 etiam
655 2482 710 2527 de
744 2482 916 2526 actibus
942 2481 1185 2526 hominum
1223 2483 1366 2527 multa
1401 2484 1661 2543 praedicere
1697 2495 1900 2544 possunt,
1932 2485 2040 2530 licet

82 2550 355 2611 quandoque
382 2559 428 2594 et
450 2549 536 2609 ipsi
560 2549 607 2593 in
631 2548 991 2608 praenuntiando
1018 2547 1230 2593 deficiant
1255 2560 1439 2609 propter
1466 2550 1637 2595 arbitrii
1668 2550 1939 2597 libertatern.
1973 2552 2040 2596 Ea

84 2629 193 2662 vero
227 2630 343 2675 quae
374 2625 774 2675 praecognoscunt
813 2614 1132 2674 praenuntiant
1163 2615 1362 2674 quidem,
1394 2630 1488 2660 non
1521 2627 1723 2661 mentem
1754 2617 2039 2674 illustrando,

84 2683 202 2728 sicut
225 2683 273 2727 in
297 2680 574 2728 revelatione
601 2681 776 2742 divina;
808 2695 902 2725 non
935 2680 1056 2725 enim
1084 2695 1244 2725 eorum
1270 2682 1461 2727 intentio
1496 2693 1563 2744 est
1595 2694 1643 2728 ut
1675 2698 1804 2728 mens
1835 2685 2040 2730 humana

66 2748 340 2810 ‘perficiatur
366 2748 421 2793 ad
447 2748 685 2792 veritatem
712 2747 1098 2806 cognoscendam,
1120 2748 1199 2791 sed
1222 2750 1368 2807 magis
1391 2750 1513 2808 quod
1541 2764 1567 2793 a
1588 2750 1774 2797 veritate
1798 2762 2038 2797 avertatur.

82 2815 408 2861 Praenuntiant
434 2824 587 2859 autem
613 2813 886 2874 quandoque
913 2814 1096 2872 quidem
1123 2814 1374 2859 secundum
1399 2815 1740 2875 imaginationis
1761 2818 2040 2865 immutatio-

39 2905 41 2907 ·
82 2896 205 2937 nem,
225 2880 299 2926 vel
324 2881 370 2926 in
399 2880 686 2935 dormiendo,
709 2881 823 2925 sicut
844 2895 984 2939 quum
1010 2880 1093 2939 per¹
1114 2881 1290 2925 somnia
1319 2881 1576 2941 aliquorum
1596 2883 1851 2929 futurorum
1871 2885 2042 2930 indicia

86 2957 356 3002 monstrant,
380 2947 476 2992 sive
503 2947 641 2991 etiam
662 2945 911 3006 vigiland0,
937 2946 1054 2991 sicut
1078 2946 1124 2990 in
1151 2947 1389 3006 arreptitiis
1417 2958 1461 2993 et
1485 2949 1760 3008 phreneticis
1791 2961 1929 3011 patet,
1962 2953 2041 3012 qui

85 3014 236 3074 aliqua
259 3013 409 3059 futura
439 3013 771 3074 praenuntiant,
795 3012 1038 3072 aliquando
1061 3027 1169 3057 vero
1195 3028 1275 3073 per
1302 3013 1451 3073 aliqua
1474 3015 1695 3060 exteriora
1722 3017 1903 3071 indicia,
1926 3019 2042 3063 sicut

86 3095 166 3141 per
191 3090 343 3126 motus
368 3090 414 3124 et
438 3081 630 3139 garritus
657 3080 809 3124 avium
838 3090 882 3124 et
903 3094 981 3143 per
1008 3093 1062 3123 ea
1088 3094 1203 3139 quae
1231 3091 1449 3139 apparent
1473 3080 1519 3124 in
1546 3082 1658 3128 extis
1684 3083 1967 3140 animalium,
1997 3096 2042 3130 et

87 3148 134 3192 in
160 3155 433 3206 punctorum
460 3147 764 3206 quorumdam
797 3145 1114 3205 descriptione,
1142 3156 1186 3190 et
1211 3146 1256 3190 in
1288 3146 1509 3191 similibus
1542 3162 1658 3207 quae
1690 3159 1811 3194 sorte
1843 3151 2040 3210 quadam

87 3213 182 3260 fieri
214 3213 445 3268 videntur;
478 3212 722 3272 aliquando
755 3222 922 3266 autem,
954 3212 1187 3256 visibiliter
1220 3213 1478 3272 apparendo
1512 3224 1556 3259 et
1587 3228 1798 3260 sermone
1841 3217 2043 3263 sensibili

87 3279 446 3342 praenuntiando
472 3278 634 3324 futura.
657 3278 726 3332 Et,
753 3279 857 3324 licet
882 3279 1048 3324 horum
1076 3278 1287 3324 ultimum
1315 3280 1552 3325 manifeste
1586 3296 1665 3340 per
1697 3282 1925 3341 malignos
1951 3285 2043 3344 spi-

88 3347 198 3392 ritus
223 3345 315 3399 fiat,
341 3355 495 3391 tamen
522 3345 608 3390 alia
629 3344 820 3405 quidam
847 3346 1060 3391 reducere
1088 3356 1310 3391 conantur
1334 3346 1381 3390 in
1409 3345 1582 3406 aliquas
1610 3362 1769 3393 causas
1795 3350 2039 3396 naturaleS.

87 3413 260 3461 Dicunt
284 3414 407 3458 enim
434 3412 572 3472 quod,
596 3427 737 3474 quum
764 3427 926 3471 corpus
951 3411 1149 3458 coeleste
1173 3423 1357 3458 moveat
1383 3413 1438 3457 ad
1464 3412 1639 3474 aliquos
1663 3413 1849 3460 effectus
1875 3418 1921 3461 in
1948 3417 2043 3463 istis

87 3478 387 3534 inferioribuS,
406 3493 462 3537 ex
477 3478 679 3538 ejusdem
698 3478 901 3539 corporis
922 3479 1223 3540 impressione
1250 3479 1296 3524 in
1324 3479 1547 3539 aliquibus
1565 3480 1696 3526 rebus
1713 3480 1833 3526 illius
1856 3481 2043 3529 effectus

90 3545 467 3610 signaquaedam
496 3555 737 3606 apparent;
762 3545 1009 3593 coelestem
1037 3546 1159 3592 enim
1184 3545 1533 3606 impressionem
1565 3546 1767 3595 diversae
1801 3563 1871 3596 res
1903 3549 2045 3596 diver·
2104 3600 2106 3602 ,
