2332 3854
260 235 368 303 336
957 246 1110 284 LIBER
1152 246 1228 283 111.
1271 232 1392 283 CAP.
1434 245 1522 283 xl..

251 360 386 410 patet.
413 350 464 393 In
492 349 756 408 cognitione
784 358 935 392 autern
954 347 1058 391 fidei
1075 346 1301 391 invenitur
1319 347 1523 406 operatio
1542 347 1797 393 intellectus
1815 349 2211 407 imperfectissima

252 426 471 476 quantum
500 416 553 459 ad
581 415 625 459 id
653 416 774 474 quod
803 425 869 459 est
902 429 956 457 ex
982 423 1108 472 parte
1134 412 1409 468 intellectus,
1447 415 1654 472 quamvis
1681 415 1879 459 maxima
1908 415 2128 474 perfectio
2151 416 2217 461 i'n'-

252 484 457 528 veniatur
495 498 547 526 ex
585 493 709 541 parte
748 481 938 538 objecti3
965 494 1058 523 non
1087 480 1211 523 enim
1238 479 1496 524 intellectus
1520 481 1640 539 capit
1665 481 1775 524 illud
1803 482 1877 525 cui
1903 483 2089 527 assentit
2125 473 2217 528 cre-⁴

252 551 416 595 dendo.
442 551 549 593 Non
578 559 643 592 est
669 549 805 606 igitur
831 561 977 605 neque
1011 547 1056 589 in
1078 546 1166 590 hac
1193 546 1282 591 Dei
1309 548 1574 606 cognitione
1597 548 1757 592 ultima
1783 548 1985 592 hominis
2007 548 2214 595 felicitas.

340 618 478 661 Item:
507 626 740 659 ostensum
775 625 840 657 est
874 627 1006 671 supra
1045 614 1105 670 (c.
1134 611 1226 670 26.)
1261 619 1394 680 quod
1434 614 1595 658 ultima
1637 613 1831 658 felicitas
1871 614 1967 659 non
2011 617 2217 660 consistit

252 683 592 743 principaliter
582 696 626 724 m
656 691 757 724 actu
794 679 1055 723 voluntatis.
1088 680 1140 722 In
1183 680 1448 756 cognitione
1494 691 1647 724 autem
1689 681 1794 724 fidei
1833 681 2216 740 principalitatem

253 751 389 794 habet
415 749 646 800 voluntas;
674 747 930 790 intellectus
960 748 1082 789 enim
1106 747 1289 791 assentit
1315 762 1395 806 per
1419 747 1558 791 fidem
1575 749 1645 791 his
1666 763 1781 824 quae
1800 749 1885 792 sibi
1902 751 2218 808 proponuntur

253 817 358 875 quia
385 815 494 868 vult,
521 829 615 856 non
644 823 795 856 autem
826 827 877 856 ex
905 813 1002 870 ipsa
1029 813 1229 857 veritatis
1257 815 1483 858 evidentia
1505 815 1766 859 necessario
1793 825 1974 860 tractus.
2010 816 2119 860 Non
2148 825 2218 860 est

253 884 388 941 igitur
421 884 465 924 in
492 881 578 924 hac
608 880 871 938 cognitione
894 879 1055 923 ultima
1079 879 1280 924 hominis
1307 880 1513 925 felicitas.

344 949 533 992 Adhuc:
563 948 639 1005 qui
667 946 807 989 credit
836 960 1072 990 assensum
1115 948 1298 1005 praebet
1324 948 1393 991 his
1422 963 1536 1006 quae
1565 949 1649 992 sibi
1682 949 1736 992 ab
1765 948 1856 993 alio
1883 960 2213 1008 proponuntur,

254 1031 369 1075 quae
397 1016 491 1073 ipse
518 1028 611 1057 non
639 1014 780 1066 videt;
810 1013 927 1056 unde
955 1013 1065 1056 fides
1098 1014 1245 1071 magis
1277 1014 1416 1058 habet
1449 1014 1762 1073 cognitionem
1805 1016 1977 1060 auditui
2016 1017 2215 1061 similem

254 1097 391 1141 quarn
424 1081 601 1124 visioni.
628 1080 735 1123 Non
764 1089 916 1122 autem
944 1080 1147 1124 crederet
1174 1080 1335 1139 aliquis
1369 1095 1463 1124 non
1495 1082 1618 1135 visis,
1661 1082 1714 1125 ab
1759 1081 1912 1141 aliquo
1955 1084 2216 1142 propositis,

252 1150 339 1192 nisi
366 1149 624 1192 aestimaret
651 1162 754 1190 eum
783 1146 1101 1204 perfectiorem
1143 1147 1455 1205 cognitionem
1488 1147 1656 1192 habere
1700 1149 1754 1192 de
1793 1149 2037 1208 propositis
2077 1158 2216 1211 quam

251 1217 348 1274 ipse
375 1216 539 1258 habeat
562 1214 638 1272 qui
656 1229 749 1257 non
767 1214 901 1256 videt.
921 1213 1014 1256 Aut
1036 1213 1172 1271 igitur
1191 1214 1446 1257 aestimatio
1466 1215 1689 1258 credentis
1709 1225 1775 1258 est
1791 1214 1919 1269 falsa,
1939 1226 2016 1260 aut
2037 1227 2217 1274 oportet

254 1283 374 1342 quod
402 1295 661 1340 proponens
688 1281 854 1324 habeat
887 1279 1205 1338 perfectiorem
1234 1281 1547 1338 cognitionem
1574 1282 1942 1340 propositorum3
1967 1282 2089 1342 quod
2114 1293 2159 1328 et
2179 1284 2218 1328 si
2270 1302 2295 1338 ¹„

251 1351 348 1408 ipse
374 1363 466 1392 non
495 1347 645 1391 solum
674 1347 914 1405 cognoscit
941 1361 1008 1400 ea,
1036 1346 1113 1390 sed
1146 1347 1275 1405 quasi
1314 1347 1367 1390 ab
1398 1347 1551 1406 aliquo
1580 1347 1670 1391 alio
1699 1348 1902 1402 audiens,
1934 1363 2028 1393 non
2069 1359 2220 1409 potest

252 1417 341 1460 hoc
369 1417 414 1458 in
446 1415 674 1458 infinitum
701 1414 972 1472 procedere3
1001 1423 1120 1458 esset
1146 1414 1268 1457 enim
1294 1428 1437 1457 vanus
1466 1424 1510 1457 et
1537 1414 1704 1473 absque
1733 1415 1999 1460 certitudine
2023 1415 2130 1461 fidei
2156 1422 2220 1462 as-

252 1497 435 1535 sensus;
463 1496 556 1539 non
580 1482 701 1524 enim
734 1481 1011 1524 inveniretur
1044 1480 1228 1539 aliquod
1270 1481 1470 1539 primum
1498 1495 1552 1524 ex
1580 1495 1627 1524 se
1655 1492 1844 1535 certum,
1877 1482 2000 1541 quod
2043 1480 2220 1528 certitu-

253 1551 403 1595 dinem
433 1536 539 1592 fidei
568 1548 844 1592 credentium
874 1546 1076 1601 afferret3
1117 1561 1211 1590 non
1240 1557 1306 1591 est
1333 1549 1453 1591 enim
1498 1547 1713 1606 possibile
1754 1547 1862 1592 fidei
1904 1549 2218 1609 cognitionem

255 1631 352 1661 esse
377 1615 540 1659 falsam
567 1629 715 1673 neque
743 1629 924 1667 vanam,
952 1624 999 1658 ut
1020 1615 1069 1657 in
1094 1614 1315 1672 principio
1343 1613 1443 1658 libri
1470 1624 1592 1671 patet
1619 1613 1738 1671 (Lib.
1764 1615 1799 1658 Ι.
1824 1629 1868 1659 c.
1886 1613 1974 1672 6.;)
1999 1623 2044 1660 εἰ
2064 1627 2218 1661 tamen

254 1685 291 1729 si
318 1693 435 1727 esset
460 1682 573 1725 falsa
606 1692 650 1725 et
681 1696 812 1734 vana,
840 1681 885 1724 in
918 1680 997 1724 tali
1026 1681 1290 1739 cognitione
1317 1680 1510 1725 felicitas
1536 1695 1629 1724 non
1656 1691 1811 1740 posset
1847 1682 2111 1742 consistere.
2136 1671 2219 1728 Est

253 1751 388 1809 igitur
415 1748 565 1807 aliqua
591 1749 792 1791 hominis
821 1747 1025 1805 cognitio
1051 1747 1106 1791 de
1128 1747 1230 1791 Deo
1255 1747 1388 1791 altior
1411 1748 1674 1823 cognitione
1697 1747 1816 1802 fidei,
1839 1748 1934 1792 sive
1955 1749 2057 1807 ipse
2070 1747 2234 1794 hoffio.

253 1830 514 1875 proponens
541 1815 676 1859 fidem
704 1815 970 1859 immediate
996 1815 1148 1858 videat
1172 1815 1426 1868 veritatem,
1455 1814 1571 1859 sicut
1597 1814 1784 1859 Christo
1807 1804 2059 1870 credimus,
2073 1815 2187 1860 sive
2192 1826 2219 1860 'a

254 1884 434 1927 vidente
467 1882 730 1926 immediate
759 1882 965 1939 accipiat,
993 1884 1109 1925 sicut
1142 1881 1369 1925 credimus
1403 1881 1641 1939 Apostolis
1679 1891 1722 1925 et
1754 1881 2012 1941 Prophetis.
2057 1871 2218 1936 Quum

255 1951 391 2009 igitur
415 1950 462 1993 in
495 1963 676 1993 summa
708 1948 798 1992 Dei
826 1948 1090 2024 cognitione
1116 1947 1310 1992 felicitas
1337 1948 1539 1991 hominis
1567 1948 1800 2003 consistat,
1837 1949 2119 2007 impossibile
2149 1958 2219 1994 est

220 2049 227 2054 -
254 2018 377 2077 quod
412 2018 630 2060 consistat
654 2016 700 2058 in
733 2015 839 2059 fidei
865 2015 1143 2073 cognitione.

344 2084 577 2143 Amplius:
615 2097 693 2141 per
733 2082 1014 2135 felicitatem,
1048 2097 1190 2141 quum
1223 2083 1279 2126 sit
1319 2081 1506 2126 ultimus
1548 2082 1663 2138 finis,
1704 2081 1922 2127 naturale
1943 2072 2217 2142 desiderium

255 2153 491 2211 quietatur.
527 2149 747 2209 Cognitio
781 2159 933 2193 autem
960 2149 1066 2192 fidei
1107 2163 1201 2193 non
1234 2149 1407 2208 quietat
1448 2149 1737 2203 desiderium,
1778 2149 1856 2193 sed
1889 2150 2038 2209 magis
2068 2149 2218 2209 ipsum

255 2219 477 2271 accendit,
506 2218 610 2276 quia
638 2217 946 2275 unusquisque
975 2216 1199 2260 desiderat
1225 2217 1377 2260 videre
1404 2216 1527 2275 quod
1562 2216 1716 2260 credit.
1757 2216 1865 2261 Non
1905 2227 1974 2263 est
2011 2217 2149 2276 igitur
2170 2217 2219 2261 in

232 2286 520 2344 ·c0gnitione
546 2284 651 2328 fidei
677 2283 838 2327 ultima
859 2283 1061 2327 hominis
1084 2282 1291 2329 felicitas,

343 2353 608 2395 Praeterea:
634 2351 836 2409 cognitio
865 2350 920 2394 de
946 2351 1060 2394 Deo·
1078 2350 1199 2394 dicta
1226 2360 1293 2394 est
1313 2349 1429 2404 finis,
1452 2350 1498 2394 in
1522 2359 1743 2408 quantum
1766 2350 1929 2396 ultimo
1951 2350 2030 2397 fini
2050 2359 2218 2406 rerum,

255 2419 430 2463 scilicet
455 2419 573 2471 Deo,
602 2417 852 2475 conjungit.
882 2418 968 2460 Per
995 2417 1310 2475 cognitionem
1338 2426 1490 2460 autem
1517 2416 1622 2460 fidei
1648 2431 1743 2461 non
1769 2417 1818 2462 fit
1849 2432 1919 2463 res
1956 2418 2127 2463 credita
2157 2418 2220 2462 in-

253 2486 455 2530 tellectui
481 2498 694 2543 praesens
721 2483 931 2543 perfecte,
959 2484 1063 2542 quia
1089 2483 1200 2527 fides
1220 2483 1275 2527 de
1304 2483 1562 2527 absentibus
1581 2494 1662 2537 est,
1684 2498 1778 2528 non
1806 2484 1860 2529 de
1883 2479 2218 2544 praesentibus3

256 2553 375 2597 unde
402 2563 446 2596 et
478 2551 728 2611 Apostolus
756 2551 862 2594 dicit
891 2551 966 2607 (II.
1003 2551 1108 2595 Cor.
1139 2549 1194 2593 V.
1219 2549 1281 2607 6.)
1316 2550 1453 2608 quod,
1480 2550 1680 2608 quamdiu
1700 2551 1919 2610 perfidem
1939 2553 2217 2609 ambulamus,

248 2622 575 2681 peregrinamur
606 2634 631 2663 a
658 2620 845 2663 Domino
859 2633 874 2670 ;
910 2617 959 2661 fit
984 2628 1138 2661 tamen
1171 2632 1250 2676 per
1276 2617 1414 2661 fidem
1445 2618 1571 2661 Deus
1598 2631 1812 2675 praesens
1846 2617 2044 2674 affectui,
2070 2632 2217 2679 quum

255 2687 511 2733 voluntarie
539 2687 725 2730 credens
749 2686 850 2729 Deo
885 2685 1114 2737 assentiat,
1141 2684 1394 2728 secundum
1421 2685 1544 2743 quod
1582 2685 1744 2728 dicitur
1776 2685 1964 2745 (Ephes.
1995 2686 2072 2732 111.
2105 2687 2217 2744 17.):

255 2755 463 2799 Habitare
498 2754 711 2799 Christum
730 2760 808 2811 per
822 2752 951 2810 fidem
985 2753 1029 2795 in
1062 2751 1253 2796 cordibus
1279 2753 1441 2795 nostris.
1468 2751 1576 2795 Non
1604 2761 1671 2796 est
1695 2751 1832 2810 igitur
1852 2752 2068 2811 possibile
2094 2753 2217 2813 quod

255 2823 302 2866 in
331 2822 596 2881 cognitione
629 2820 733 2865 fidei
766 2819 927 2863 ultima
953 2818 1147 2863 felicitas
1173 2819 1376 2862 humana
1404 2818 1635 2864 consistat.

1018 2951 1272 3055 CAPUT
1315 2999 1461 3054 XLI.

643 3135 803 3181 Quon
847 3134 1009 3172 HOMO
1053 3134 1168 3173 Non
1199 3133 1415 3172 POTEST
1457 3133 1513 3172 IN
1545 3133 1657 3172 HAc
1698 3134 1832 3172 vm

309 3218 744 3259 coenoscssnss
801 3210 1247 3256 SUBSTANTms
1303 3215 1672 3254 sEPARATAs
1715 3217 1831 3256 PER
1875 3214 2175 3255 s‘rumuu

481 3301 550 3339 ET
593 3299 1022 3345 INQUISITIONEM
1062 3298 1434 3338 SCIENTIARUM
1475 3291 1994 3348 SPECULATIVARU'M,
2102 3310 2106 3314 s

900 3380 975 3418 UT
1015 3380 1227 3418 votum·
1268 3380 1576 3418 AVEMPACE.
2035 3355 2041 3359 ’
2099 3367 2102 3375 ’

348 3494 495 3538 Habet
521 3503 674 3538 autem
702 3502 743 3537 et
768 3492 915 3537 adhuc
936 3490 1073 3536 aliam
1092 3490 1404 3550 cognitionem
1425 3491 1479 3535 de
1496 3491 1599 3535 Deo
1618 3488 1939 3535 intellectualis
1952 3484 2215 3535 Substantia.

258 3561 446 3605 Dictum
474 3571 541 3605 est
567 3561 689 3604 enim
716 3560 761 3604 in
789 3559 991 3604 secundo
1019 3560 1080 3617 (c.
1107 3558 1200 3618 98.)
1228 3557 1350 3617 quod
1377 3557 1696 3602 intellectualis
1729 3551 1988 3619 substantin‘
2002 3564 2218 3615 separata
2294 3568 2298 3608 g

259 3627 585 3689 cognoscendo
613 3627 855 3672 essentiam
882 3639 1029 3681 suam,
1057 3625 1296 3685 cognoscit
1328 3634 1372 3669 et
1397 3624 1519 3684 quod
1547 3635 1615 3669 est
1640 3637 1774 3684 supra
1810 3615 1875 3677 se,
1901 3615 1953 3669 et
1969 3617 2108 3683 ‘quod
2149 3631 2219 3670 est
