2332 3854
288 193 394 262 238
930 208 1086 246 LlBER
1126 208 1180 244 11.
1225 208 1343 246 CAP.
1386 207 1610 246 Lxxvm.

285 311 333 354 in
359 311 584 370 potentia3
607 310 864 355 intellectus
893 320 1046 354 autem
1072 309 1300 367 possibilis
1326 320 1394 354 est
1413 311 1588 369 patiens
1615 311 1960 370 quodammodo
1985 322 2029 357 et
2047 314 2250 372 potentia

287 391 391 432 ens3
418 377 675 422 intellectus
707 378 843 435 igitur
867 391 1006 435 agens
1028 386 1095 420 est
1119 390 1214 420 non
1240 378 1429 435 patiens,
1457 387 1502 422 et
1528 387 1630 422 actu
1657 392 1750 423 ens.
1783 380 1918 423 Patet
1942 389 2094 424 autem
2127 381 2250 440 quod

285 458 370 488 nec
399 458 451 488 ex
478 445 549 488 his
574 445 722 488 verbis
746 443 1005 488 Aristotelis
1022 443 1182 487 haberi
1204 453 1353 502 potest
1371 444 1493 503 quod
1510 443 1767 490 intellectus
1791 459 1929 504 agens
1946 447 2004 490 sit
2028 447 2251 506 quaedam

286 511 535 555 substantia
553 521 775 570 separata,
803 511 880 554 sed
908 510 1031 568 quod
1050 510 1107 554 sit
1132 520 1364 569 separatus
1389 511 1481 555 hoc
1504 511 1646 556 modo
1673 526 1765 570 quo
1789 513 1923 571 supra
1941 512 2051 557 dixit
2071 513 2128 558 de
2149 527 2251 573 pos-

286 577 419 632 sibili,
447 577 621 621 scilicet
647 588 696 621 ut
720 592 814 621 non
832 577 999 621 habeat
1015 591 1256 635 organum.
1276 576 1417 629 Quod
1438 587 1592 622 autem
1614 578 1723 622 dicit
1739 579 1861 637 quod
1883 589 1950 623 est
1969 579 2253 625 «substantia

287 654 390 688 actu
418 659 555 698 ens»,
587 658 682 688 non
714 653 936 702 repugnat
962 643 1005 687 ei
1036 643 1159 703 quod
1196 644 1487 688 «substantia
1524 645 1703 688 animae
1731 655 1799 689 est
1828 645 1875 689 in
1910 647 2113 705 potentia
2129 662 2172 703 n,
2203 657 2254 692 ut

286 726 419 771 supra
448 713 507 768 (c,
544 710 636 768 76.)
665 720 900 754 ostensum
928 720 1007 754 est.

375 779 552 822 Deinde
579 778 809 836 subjungit
838 779 888 835 (t.
917 792 955 822 c.
988 778 1099 836 19.):
1131 778 1300 823 «Idem
1324 789 1478 823 autem
1505 789 1585 834 est,
1603 779 1855 824 secundum
1873 789 2041 835 actum,
2063 780 2252 826 scientia

286 845 351 889 rei
368 862 420 900 »·
451 846 498 888 in
531 859 622 903 quo
657 844 1012 889 Commentator
1038 845 1147 890 dicit
1172 845 1295 904 quod
1328 845 1478 890 differt
1507 845 1765 891 intellectus
1794 860 1934 905 agens
1967 860 1994 891 a
2023 847 2252 906 possibili;

286 926 409 965 nam,
435 912 497 955 in·
508 911 741 955 intellectu
775 921 954 970 agente,
980 911 1103 956 idem
1130 922 1198 956 est
1221 911 1482 971 intelligens
1510 923 1554 957 et
1579 912 1877 968 intellectum,
1904 927 1998 958 non
2025 923 2178 959 autem
2203 915 2251 958 in

286 977 500 1038 possibili
531 978 633 1022 Hoc
658 988 811 1022 autem
835 978 1073 1023 manifeste
1101 988 1169 1024 est
1191 989 1349 1023 contra
1365 980 1665 1024 intentionem
1685 980 1963 1036 Aristotelis3
1990 995 2100 1025 nam
2115 995 2252 1041 supra

287 1047 338 1103 (t.
366 1059 402 1089 e.
436 1058 482 1102 15
492 1046 523 1102 )
552 1045 713 1089 eadem
735 1045 872 1089 verba
899 1045 1085 1099 dixerat,
1113 1046 1167 1089 de
1199 1045 1433 1090 intellectu
1460 1039 1680 1104 possibili,
1707 1047 1785 1090 ubi
1805 1047 1916 1092 dixit
1941 1047 1996 1092 de
2017 1046 2251 1093 intellectu

285 1111 506 1189 possibili,
541 1112 663 1188 quod
693 1114 825 1170 «ipse
867 1111 1163 1170 intelligibilis
1196 1122 1263 1157 est
1294 1113 1410 1157 sicut
1441 1113 1765 1172 intelligibilia3
1797 1114 1844 1157 in
1874 1113 1946 1158 his
1979 1114 2103 1158 enim
2134 1128 2251 1173 quae

285 1179 381 1224 sine
408 1179 599 1222 materia
620 1189 738 1233 sunt,
765 1178 888 1223 idem
915 1189 983 1223 est
1007 1178 1267 1238 intelligens
1301 1189 1345 1224 et
1371 1180 1493 1238 quod
1519 1178 1810 1238 intelligitur3
1838 1180 2028 1225 scientia
2052 1194 2252 1241 namque

285 1244 563 1305 speculativa
582 1255 626 1289 et
652 1245 774 1304 quod
801 1245 1088 1304 speculatum
1111 1256 1179 1290 est
1203 1246 1327 1290 idem
1349 1256 1416 1290 est
1435 1263 1474 1289 >›.
1501 1245 1741 1291 Manifeste
1768 1247 1906 1301 enim,
1921 1260 2002 1306 per
2021 1247 2113 1292 hoc
2129 1247 2252 1307 quod

284 1311 540 1356 intellectus
566 1311 807 1371 possibilis,
833 1322 968 1371 prout
991 1322 1058 1357 est
1080 1322 1183 1357 actu
1211 1312 1486 1371 intelligens,
1513 1313 1636 1356 idem
1664 1324 1730 1358 est
1763 1327 1867 1357 cum
1895 1327 1952 1358 eo
1978 1313 2101 1373 quod
2127 1314 2255 1358 intel-

285 1379 451 1438 ligitur,
483 1378 579 1422 vult
614 1379 853 1423 ostendere
880 1379 1002 1438 quod
1034 1378 1292 1423 intellectus
1319 1379 1546 1438 possibilis
1572 1379 1840 1438 intelligitur
1865 1380 1981 1425 sicut
2007 1380 2096 1425 alia
2125 1380 2254 1425 intel-

284 1445 485 1505 ligibilia.
514 1445 569 1490 Et
594 1446 809 1504 primum,
835 1461 969 1505 supra
993 1447 1043 1504 (t.
1073 1461 1110 1490 c.
1140 1447 1228 1503 14.)
1257 1446 1429 1491 dixerat
1455 1447 1576 1506 quod
1607 1446 1902 1492 «intellectus
1928 1447 2155 1507 possibilis
2183 1457 2251 1492 est

285 1513 632 1572 quodammodo
658 1512 984 1572 intelligibilia3
1011 1514 1089 1558 sed
1117 1513 1231 1557 nihil
1259 1524 1364 1558 actu
1392 1523 1459 1558 est
1487 1524 1733 1573 antequam
1758 1513 2048 1574 intelligat>›;
2076 1514 2151 1559 ubi
2183 1528 2255 1559 ex-

283 1594 436 1639 presse
459 1579 535 1623 dat
552 1579 807 1638 intelligere
830 1580 967 1638 quod,
994 1594 1072 1639 per
1097 1580 1189 1625 hoc
1213 1581 1336 1639 quod
1361 1579 1574 1639 intelligit
1601 1590 1719 1635 actu,
1741 1580 1826 1625 fit
1814 1595 1915 1640 ipsa
1937 1579 2256 1641 intelhsshha.

284 1648 382 1692 Nec
396 1657 464 1691 est
475 1647 644 1690 mirum
662 1647 700 1690 si
716 1647 806 1691 hoc
825 1647 946 1691 dicat
959 1648 1013 1691 de
1031 1647 1264 1692 intellectu
1283 1647 1502 1706 possibili,
1521 1649 1627 1706 quia
1639 1648 1735 1691 hoc
1752 1648 1893 1692 etiam·
1908 1662 2043 1707 supra
2061 1649 2112 1706 (t.
2130 1663 2168 1693 c.
2191 1650 2250 1708 3.)

285 1715 459 1758 dixerat
484 1714 538 1758 de
566 1728 701 1758 sensu
729 1723 773 1758 et
804 1713 1007 1758 sensibili
1033 1714 1286 1758 secundum
1313 1723 1489 1769 actum;
1519 1727 1676 1758 sensus
1703 1717 1825 1759 enim
1852 1714 1903 1759 fit
1928 1724 2032 1760 actu
2052 1728 2134 1775 per
2157 1729 2253 1774 spe-

287 1782 404 1826 ciem
431 1791 659 1825 sensatam
686 1781 731 1824 in
765 1791 883 1835 actu,
912 1791 956 1825 et
987 1781 1195 1826 similiter
1216 1780 1473 1826 intellectus
1497 1781 1724 1840 possibilis
1746 1781 1796 1826 fit
1821 1791 1924 1827 actu
1945 1796 2026 1840 per
2049 1783 2250 1842 speciem

285 1848 620 1907 intelligibilem
654 1858 781 1902 actu;
810 1858 854 1892 et
883 1848 971 1892 hac
1005 1849 1179 1893 ratione
1212 1848 1470 1893 intellectus
1501 1849 1547 1892 in
1583 1858 1685 1893 actu
1719 1849 1882 1893 dicitur
1910 1849 2062 1909 ipsum
2092 1849 2252 1894 intelli-

286 1914 422 1974 gibile
448 1916 494 1958 in
522 1925 639 1959 actu.

375 1982 454 2026 Est
479 1982 616 2040 igitur
633 1981 877 2026 dicendum
897 1982 1032 2040 quod,
1050 1993 1295 2042 postquam
1314 1982 1584 2027 Aristoteles
1611 1983 1928 2027 determinavit
1946 1983 2002 2028 de
2019 1982 2251 2029 intellectu

284 2048 489 2109 possibili
501 2059 546 2093 et
559 2058 735 2108 agente,
748 2049 824 2093 hic
836 2050 994 2108 incipit
1011 2050 1314 2094 determinare
1335 2050 1389 2093 de
1406 2049 1640 2094 intellectu
1656 2050 1703 2094 in
1722 2060 1839 2104 actu,
1855 2050 2010 2095 dicens
2028 2052 2081 2108 (t.
2098 2065 2138 2097 c.
2161 2052 2250 2111 19.)

285 2117 407 2176 quod
438 2131 462 2158 «
487 2116 678 2161 scientia
702 2116 749 2160 in
778 2126 880 2160 actu
908 2126 975 2161 est
999 2117 1123 2161 idem
1148 2117 1214 2162 rei
1240 2117 1379 2161 scitae
1407 2119 1454 2161 in
1481 2127 1584 2161 actu
1610 2134 1651 2161 ».
1675 2117 1854 2162 Deinde
1872 2117 1982 2162 dicit
2002 2118 2054 2176 (t.
2073 2132 2112 2162 c.
2131 2118 2249 2175 20.):

288 2200 311 2225 «
341 2183 436 2236 Qui
461 2198 572 2228 vero
599 2183 850 2228 secundum
874 2184 1127 2243 potentiam
1159 2194 1367 2243 tempore
1399 2184 1523 2242 prior
1553 2184 1600 2227 in
1633 2198 1726 2228 uno
1759 2193 1839 2238 est,
1872 2184 2065 2229 omnino
2098 2194 2251 2229 autem

284 2265 433 2310 neque
459 2251 506 2294 in
531 2261 739 2309 tempore
768 2267 806 2294 ».
838 2250 945 2303 Qua
971 2251 1155 2310 quidem
1189 2250 1477 2295 distinctione
1508 2251 1626 2295 inter
1657 2251 1911 2310 potentiam
1943 2261 1989 2296 et
2018 2261 2172 2296 actum
2203 2252 2251 2296 in
2326 2286 2332 2312 ὲ

285 2317 486 2377 pluribus
512 2316 626 2361 locis
655 2318 807 2371 utitur,
840 2317 1015 2361 scilicet
1047 2317 1169 2377 quod
1203 2327 1344 2372 actus,
1377 2318 1631 2362 secundum
1663 2328 1888 2373 naturam,
1921 2328 1990 2364 est
2019 2319 2145 2378 prior
2174 2333 2252 2379 po-
2325 2313 2332 2330 ³

284 2385 447 2440 tentia3
470 2395 679 2443 tempore
701 2398 827 2438 vero,
850 2384 897 2427 in
924 2398 1016 2428 uno
1045 2394 1089 2428 et
1115 2385 1279 2428 eodem
1303 2384 1426 2443 quod
1454 2395 1653 2428 mutatur
1686 2385 1740 2429 de
1767 2386 1971 2444 potentia
2001 2386 2048 2430 in
2081 2395 2250 2440 actum,

286 2462 352 2497 est
377 2452 500 2510 prior
532 2452 735 2510 potentia
769 2461 896 2505 actu;
930 2451 1196 2510 simpliciter
1227 2465 1338 2495 vero
1371 2451 1618 2510 loquendo,
1651 2466 1744 2496 non
1778 2462 1846 2496 est
1877 2452 2082 2511 potentia
2113 2454 2250 2498 etiam

287 2530 495 2578 ternpore
521 2519 644 2578 prior
667 2529 784 2572 actu,
811 2518 915 2577 quia
942 2518 1144 2577 potentia
1180 2532 1275 2562 non
1306 2517 1536 2562 reducitur
1571 2518 1617 2562 in
1653 2529 1806 2562 actum
1841 2519 1931 2564 nisi
1966 2533 2046 2579 per
2082 2529 2248 2564 actum.

285 2587 410 2631 Dicit
433 2601 542 2645 ergo
569 2586 693 2646 quod
716 2585 1012 2630 «intellectus
1035 2586 1206 2644 quiest
1227 2586 1478 2630 secundum
1504 2588 1756 2645 potentiam
1775 2585 1972 2644 (scilicet
1986 2586 2250 2646 possibilis),

285 2664 419 2714 prout
441 2664 508 2698 est
529 2653 576 2698 in
602 2653 818 2712 potentia,
845 2653 968 2712 prior
995 2663 1062 2697 est
1086 2663 1293 2711 tempore
1320 2667 1459 2711 quam
1484 2652 1739 2697 intellectus
1761 2654 1807 2697 in
1825 2663 1953 2708 actu;
1976 2663 2022 2698 et
2035 2653 2126 2698 hoc
2144 2653 2249 2698 dico

284 2722 330 2765 in
354 2735 445 2765 uno
473 2730 518 2764 et
543 2720 723 2774 eodem,
749 2734 843 2764 non
869 2729 1024 2764 tamen
1051 2720 1241 2763 omnino
1269 2736 1310 2774 »,
1338 2719 1381 2763 id
1410 2729 1477 2764 est
1499 2719 1835 2775 universaliter3
1862 2720 1967 2779 quia
1993 2718 2250 2765 intellectus

285 2787 511 2848 possibilis
537 2787 767 2832 reducitur
792 2787 838 2830 in
866 2797 1018 2831 actum
1037 2801 1116 2844 per
1137 2786 1421 2831 intellectum
1440 2796 1668 2845 agentem,
1686 2789 1764 2846 qui
1781 2797 1848 2832 est
1863 2787 1908 2831 in
1927 2797 2044 2842 actu,
2061 2797 2111 2831 ut
2126 2787 2250 2842 dixit,
2330 2826 2332 2829 .

286 2866 331 2901 et
355 2856 519 2900 iterum
548 2869 628 2913 per
646 2854 843 2914 aliquem
869 2853 1148 2898 intellectum
1166 2854 1429 2912 possibilem
1447 2853 1619 2898 factum
1637 2864 1766 2909 actu;
1788 2854 1908 2899 unde
1927 2854 2034 2898 dicit
2050 2854 2097 2898 in
2113 2854 2248 2898 tertio
2323 2854 2332 2902 j?

285 2924 466 2983 Physic.
492 2924 544 2980 (t.
567 2937 603 2967 c.
632 2923 724 2979 20.)
751 2912 874 2980 quod
901 2937 923 2962 «
951 2931 1053 2965 ante
1078 2921 1326 2975 addiscere,
1353 2921 1525 2980 indiget
1551 2921 1712 2980 aliquis
1729 2921 1923 2966 docente
1940 2931 1991 2966 ut
2010 2921 2251 2966 reducatur

285 2990 340 3034 de
367 2990 571 3049 potentia
593 2989 639 3032 in
667 2999 822 3032 actum
844 3005 884 3031 ».
915 2988 990 3032 Sic
1016 2988 1154 3046 igitur
1175 2988 1222 3031 in
1248 2987 1395 3031 verbis
1417 2987 1513 3031 istis
1541 2988 1739 3032 ostendit
1761 2988 1969 3032 ordinem
1990 2986 2248 3032 intellectus
2320 3031 2325 3037 ,

285 3057 529 3117 possibilis,
556 3065 692 3115 prout
718 3065 785 3099 est
809 3055 855 3098 in
883 3055 1101 3114 potentia,
1130 3054 1185 3098 ad
1211 3053 1497 3098 intellectum
1523 3055 1569 3097 in
1598 3063 1714 3098 actu.

374 3124 552 3168 Deinde
576 3123 684 3167 dicit
710 3124 762 3180 (t.
781 3136 817 3165 c.
838 3123 953 3179 20.):
977 3138 1000 3162 «
1014 3121 1104 3165 Sed
1121 3135 1215 3165 non
1233 3121 1476 3180 aliquando
1496 3121 1679 3179 quidem
1697 3120 1921 3181 intelligit,
1939 3130 1984 3166 et
2001 3119 2245 3180 aliquando
2318 3141 2329 3165 ἱ»

286 3205 379 3236 non
407 3190 617 3249 intelligit
636 3205 687 3243 »ς
715 3191 760 3233 in
788 3203 878 3247 quo
908 3189 1104 3233 ostendit
1130 3188 1431 3232 differentiam
1456 3187 1712 3233 intellectus
1730 3188 1776 3232 in
1794 3198 1898 3233 actu
1925 3198 1971 3233 et
1995 3186 2251 3232 intellectus
2314 3224 2320 3230 „

285 3257 526 3318 possibilis.
557 3257 702 3316 Supra
730 3256 852 3300 enim
881 3256 931 3312 (t.
961 3269 998 3298 c.
1032 3257 1116 3310 14.)
1145 3255 1254 3298 dixit
1281 3255 1335 3298 de
1363 3254 1595 3299 intellectu
1614 3255 1818 3315 possibili
1836 3255 1958 3315 quod
1989 3268 2119 3299 «non
2135 3267 2253 3300 sem·
2312 3299 2314 3315 ,y

287 3341 366 3385 per
392 3324 617 3383 intelligit,
645 3324 723 3368 sed
751 3322 1024 3382 quandoque
1051 3336 1144 3366 non
1172 3321 1440 3380 intelligit»,
1469 3323 1650 3381 quando
1677 3322 1852 3367 scilicet
1875 3331 1942 3367 est
1967 3322 2014 3366 in
2047 3321 2250 3382 potentia
2312 3327 2315 3333 ”

288 3393 343 3436 ad
371 3391 688 3451 intelligibilia,
718 3390 1033 3449 «quandoque
1059 3388 1328 3447 intelligit»,
1353 3389 1536 3448 quando
1564 3389 1739 3434 scilicet
1763 3398 1831 3434 est
1850 3389 1898 3436 in
1919 3399 2023 3435 actu
2043 3389 2155 3448 ipsa.
2181 3388 2251 3433 In·
2330 3442 2332 3450 ⁴

287 3459 495 3504 tellectus
515 3468 667 3503 autem
686 3472 766 3517 per
782 3458 872 3502 hoc
886 3456 935 3501 fit
954 3466 1057 3501 actu
1076 3456 1198 3515 quod
1212 3465 1279 3500 est
1295 3456 1392 3515 ipsa
1410 3456 1726 3516 intelligibilia,
1743 3465 1793 3501 ut
1806 3457 1899 3515 jam
1915 3455 2026 3501 dixit
2041 3458 2093 3518 (t.
2110 3469 2150 3501 c.
2167 3454 2247 3513 8.).
2307 3456 2309 3458 ’
2328 3451 2332 3495 ἑ

289 3526 422 3571 Unde
450 3541 543 3570 non
572 3526 790 3583 competit
814 3524 857 3569 ei
888 3524 1163 3584 quandoque
1190 3522 1444 3581 intelligere
1478 3532 1521 3568 et
1552 3523 1826 3583 quandoque
1851 3536 1946 3568 non
1977 3521 2247 3582 intelligere.

378 3593 555 3639 Deinde
582 3592 813 3652 subjungit
840 3592 890 3648 (t.
919 3605 956 3635 c.
986 3591 1102 3650 20.):
1139 3608 1162 3633 «
1197 3590 1466 3651 Separatum
1501 3600 1650 3636 autem
1685 3591 1776 3637 hoc
1808 3589 1960 3637 solum
1985 3588 2108 3652 quod
2139 3602 2251 3638 vete
