<?xml version="1.0" encoding="UTF-8"?>
<!DOCTYPE html PUBLIC "-//W3C//DTD XHTML 1.0 Transitional//EN"
    "http://www.w3.org/TR/xhtml1/DTD/xhtml1-transitional.dtd">
<html xmlns="http://www.w3.org/1999/xhtml" xml:lang="en" lang="en">
 <head>
  <title>
</title>
<meta http-equiv="Content-Type" content="text/html;charset=utf-8" />
  <meta name='ocr-system' content='tesseract 3.04.00' />
  <meta name='ocr-capabilities' content='ocr_page ocr_carea ocr_par ocr_line ocrx_word'/>
</head>
<body>
  <div class='ocr_page' id='page_1' title='image "./divithomaeaquina00thom_0493.png"; bbox 0 0 2332 3854; ppageno 0'>
   <div class='ocr_carea' id='block_1_1' title="bbox 0 3101 7 3365">
    <p class='ocr_par' dir='ltr' id='par_1_1' title="bbox 0 3101 7 3365">
     <span class='ocr_line' id='line_1_1' title="bbox 0 3101 7 3365; textangle 90"><span class='ocrx_word' id='word_1_1' title='bbox 6 3362 7 3365; x_wconf 62' lang='lat'><em>„</em></span> <span class='ocrx_word' id='word_1_2' title='bbox 0 3185 7 3333; x_wconf 42' lang='lat'><strong>,.⁴·-----&lt;</strong></span> <span class='ocrx_word' id='word_1_3' title='bbox 0 3166 2 3168; x_wconf 62' lang='lat'>&lt;</span> <span class='ocrx_word' id='word_1_4' title='bbox 0 3101 2 3104; x_wconf 92' lang='lat'><em>-</em></span> 
     </span>
    </p>
   </div>
   <div class='ocr_carea' id='block_1_2' title="bbox 721 215 2046 287">
    <p class='ocr_par' dir='ltr' id='par_1_2' title="bbox 721 215 2046 287">
     <span class='ocr_line' id='line_1_2' title="bbox 721 215 2046 287; baseline -0.004 -11"><span class='ocrx_word' id='word_1_5' title='bbox 721 236 876 276; x_wconf 72' lang='lat' dir='ltr'><strong>mnan</strong></span> <span class='ocrx_word' id='word_1_6' title='bbox 915 235 992 275; x_wconf 88' lang='lat'>111.</span> <span class='ocrx_word' id='word_1_7' title='bbox 1033 236 1153 275; x_wconf 78' lang='lat' dir='ltr'><strong>CAP.</strong></span> <span class='ocrx_word' id='word_1_8' title='bbox 1196 233 1422 274; x_wconf 83' lang='lat' dir='ltr'><strong>cxxvm.</strong></span> <span class='ocrx_word' id='word_1_9' title='bbox 1944 215 2046 287; x_wconf 85' lang='lat'><strong>481</strong></span> 
     </span>
    </p>
   </div>
   <div class='ocr_carea' id='block_1_3' title="bbox 96 334 2061 998">
    <p class='ocr_par' dir='ltr' id='par_1_3' title="bbox 96 334 2056 457">
     <span class='ocr_line' id='line_1_3' title="bbox 96 334 2056 404; baseline -0.007 -14"><span class='ocrx_word' id='word_1_10' title='bbox 96 343 220 404; x_wconf 89' lang='lat' dir='ltr'><strong>quod</strong></span> <span class='ocrx_word' id='word_1_11' title='bbox 252 357 307 389; x_wconf 82' lang='lat' dir='ltr'><strong>ex</strong></span> <span class='ocrx_word' id='word_1_12' title='bbox 337 341 440 402; x_wconf 85' lang='lat' dir='ltr'><strong>lege</strong></span> <span class='ocrx_word' id='word_1_13' title='bbox 465 340 619 386; x_wconf 88' lang='lat' dir='ltr'><strong>divina</strong></span> <span class='ocrx_word' id='word_1_14' title='bbox 645 340 902 385; x_wconf 72' lang='lat' dir='ltr'><strong>instituatur</strong></span> <span class='ocrx_word' id='word_1_15' title='bbox 933 339 1078 384; x_wconf 90' lang='lat' dir='ltr'><strong>homo</strong></span> <span class='ocrx_word' id='word_1_16' title='bbox 1105 347 1155 384; x_wconf 92' lang='lat' dir='ltr'><strong>ut</strong></span> <span class='ocrx_word' id='word_1_17' title='bbox 1179 336 1430 384; x_wconf 87' lang='lat' dir='ltr'><strong>secundum</strong></span> <span class='ocrx_word' id='word_1_18' title='bbox 1456 334 1663 381; x_wconf 89' lang='lat' dir='ltr'>ordinem</span> <span class='ocrx_word' id='word_1_19' title='bbox 1689 334 1878 379; x_wconf 87' lang='lat' dir='ltr'><strong>rationis</strong></span> <span class='ocrx_word' id='word_1_20' title='bbox 1905 348 1952 379; x_wconf 89' lang='lat' dir='ltr'><strong>se</strong></span> <span class='ocrx_word' id='word_1_21' title='bbox 1979 334 2056 378; x_wconf 88' lang='lat' dir='ltr'><strong>ha-</strong></span> 
     </span>
     <span class='ocr_line' id='line_1_4' title="bbox 96 407 686 457; baseline -0.008 -2"><span class='ocrx_word' id='word_1_22' title='bbox 96 410 203 457; x_wconf 82' lang='lat' dir='ltr'><strong>beat</strong></span> <span class='ocrx_word' id='word_1_23' title='bbox 232 410 288 455; x_wconf 80' lang='lat' dir='ltr'><strong>ad</strong></span> <span class='ocrx_word' id='word_1_24' title='bbox 315 409 430 454; x_wconf 84' lang='lat' dir='ltr'><strong>alios</strong></span> <span class='ocrx_word' id='word_1_25' title='bbox 461 407 686 453; x_wconf 82' lang='lat' dir='ltr'><strong>homines.</strong></span> 
     </span>
    </p>

    <p class='ocr_par' dir='ltr' id='par_1_4' title="bbox 96 468 2061 998">
     <span class='ocr_line' id='line_1_5' title="bbox 188 468 2054 530; baseline -0.005 -9"><span class='ocrx_word' id='word_1_26' title='bbox 188 476 380 522; x_wconf 84' lang='lat' dir='ltr'>Adhuc:</span> <span class='ocrx_word' id='word_1_27' title='bbox 411 474 514 520; x_wconf 82' lang='lat' dir='ltr'><strong>finis</strong></span> <span class='ocrx_word' id='word_1_28' title='bbox 539 473 719 518; x_wconf 88' lang='lat' dir='ltr'><strong>divinae</strong></span> <span class='ocrx_word' id='word_1_29' title='bbox 750 471 863 530; x_wconf 88' lang='lat' dir='ltr'><strong>legis</strong></span> <span class='ocrx_word' id='word_1_30' title='bbox 895 482 965 516; x_wconf 90' lang='lat' dir='ltr'><strong>est</strong></span> <span class='ocrx_word' id='word_1_31' title='bbox 1000 481 1048 516; x_wconf 92' lang='lat' dir='ltr'><strong>ut</strong></span> <span class='ocrx_word' id='word_1_32' title='bbox 1083 472 1228 516; x_wconf 90' lang='lat' dir='ltr'><strong>homo</strong></span> <span class='ocrx_word' id='word_1_33' title='bbox 1266 471 1369 516; x_wconf 88' lang='lat' dir='ltr'><strong>Deo</strong></span> <span class='ocrx_word' id='word_1_34' title='bbox 1403 470 1659 515; x_wconf 84' lang='lat' dir='ltr'><strong>adhaereat.</strong></span> <span class='ocrx_word' id='word_1_35' title='bbox 1680 468 1869 527; x_wconf 89' lang='lat' dir='ltr'><strong>Juvatur</strong></span> <span class='ocrx_word' id='word_1_36' title='bbox 1901 477 2054 512; x_wconf 90' lang='lat' dir='ltr'><strong>autem</strong></span> 
     </span>
     <span class='ocr_line' id='line_1_6' title="bbox 101 535 2056 597; baseline -0.006 -8"><span class='ocrx_word' id='word_1_37' title='bbox 101 557 217 589; x_wconf 88' lang='lat' dir='ltr'><strong>unus</strong></span> <span class='ocrx_word' id='word_1_38' title='bbox 243 543 388 588; x_wconf 89' lang='lat' dir='ltr'><strong>homo</strong></span> <span class='ocrx_word' id='word_1_39' title='bbox 414 542 459 586; x_wconf 82' lang='lat' dir='ltr'><strong>in</strong></span> <span class='ocrx_word' id='word_1_40' title='bbox 481 542 572 587; x_wconf 87' lang='lat' dir='ltr'><strong>hoc</strong></span> <span class='ocrx_word' id='word_1_41' title='bbox 594 555 649 587; x_wconf 86' lang='lat' dir='ltr'><strong>ex</strong></span> <span class='ocrx_word' id='word_1_42' title='bbox 676 539 781 592; x_wconf 81' lang='lat' dir='ltr'><strong>alio,</strong></span> <span class='ocrx_word' id='word_1_43' title='bbox 804 548 899 582; x_wconf 87' lang='lat' dir='ltr'><strong>tam</strong></span> <span class='ocrx_word' id='word_1_44' title='bbox 921 548 1141 597; x_wconf 87' lang='lat' dir='ltr'><strong>quantum</strong></span> <span class='ocrx_word' id='word_1_45' title='bbox 1164 538 1219 582; x_wconf 88' lang='lat' dir='ltr'><strong>ad</strong></span> <span class='ocrx_word' id='word_1_46' title='bbox 1247 537 1561 595; x_wconf 82' lang='lat' dir='ltr'><strong>cognitionem</strong></span> <span class='ocrx_word' id='word_1_47' title='bbox 1587 548 1726 595; x_wconf 89' lang='lat' dir='ltr'><strong>quam</strong></span> <span class='ocrx_word' id='word_1_48' title='bbox 1753 535 1892 579; x_wconf 89' lang='lat' dir='ltr'><strong>etiarn</strong></span> <span class='ocrx_word' id='word_1_49' title='bbox 1918 548 2056 593; x_wconf 86' lang='lat' dir='ltr'><strong>quan·</strong></span> 
     </span>
     <span class='ocr_line' id='line_1_7' title="bbox 96 601 2055 664; baseline -0.006 -9"><span class='ocrx_word' id='word_1_50' title='bbox 96 620 195 656; x_wconf 83' lang='lat' dir='ltr'><strong>tum</strong></span> <span class='ocrx_word' id='word_1_51' title='bbox 221 610 277 654; x_wconf 85' lang='lat' dir='ltr'><strong>ad</strong></span> <span class='ocrx_word' id='word_1_52' title='bbox 309 608 626 660; x_wconf 85' lang='lat' dir='ltr'><strong>affectionem;</strong></span> <span class='ocrx_word' id='word_1_53' title='bbox 657 607 813 664; x_wconf 88' lang='lat' dir='ltr'><strong>juvant</strong></span> <span class='ocrx_word' id='word_1_54' title='bbox 834 606 957 649; x_wconf 89' lang='lat' dir='ltr'><strong>enim</strong></span> <span class='ocrx_word' id='word_1_55' title='bbox 980 620 1027 649; x_wconf 91' lang='lat' dir='ltr'><strong>se</strong></span> <span class='ocrx_word' id='word_1_56' title='bbox 1054 605 1266 649; x_wconf 88' lang='lat' dir='ltr'><strong>homines</strong></span> <span class='ocrx_word' id='word_1_57' title='bbox 1293 614 1453 648; x_wconf 90' lang='lat' dir='ltr'><strong>mutuo</strong></span> <span class='ocrx_word' id='word_1_58' title='bbox 1485 603 1531 646; x_wconf 92' lang='lat' dir='ltr'><strong>in</strong></span> <span class='ocrx_word' id='word_1_59' title='bbox 1555 602 1817 661; x_wconf 87' lang='lat' dir='ltr'><strong>cognitione</strong></span> <span class='ocrx_word' id='word_1_60' title='bbox 1839 601 2055 654; x_wconf 87' lang='lat' dir='ltr'><strong>veritatis,</strong></span> 
     </span>
     <span class='ocr_line' id='line_1_8' title="bbox 100 667 2059 734; baseline -0.005 -14"><span class='ocrx_word' id='word_1_61' title='bbox 100 686 146 721; x_wconf 89' lang='lat' dir='ltr'><strong>et</strong></span> <span class='ocrx_word' id='word_1_62' title='bbox 164 689 280 720; x_wconf 89' lang='lat' dir='ltr'><strong>unus</strong></span> <span class='ocrx_word' id='word_1_63' title='bbox 298 675 438 719; x_wconf 89' lang='lat' dir='ltr'><strong>alium</strong></span> <span class='ocrx_word' id='word_1_64' title='bbox 455 683 677 734; x_wconf 88' lang='lat' dir='ltr'><strong>provocat</strong></span> <span class='ocrx_word' id='word_1_65' title='bbox 695 672 750 717; x_wconf 91' lang='lat' dir='ltr'><strong>ad</strong></span> <span class='ocrx_word' id='word_1_66' title='bbox 771 673 944 716; x_wconf 90' lang='lat' dir='ltr'><strong>bonum</strong></span> <span class='ocrx_word' id='word_1_67' title='bbox 965 683 1009 717; x_wconf 89' lang='lat' dir='ltr'><strong>et</strong></span> <span class='ocrx_word' id='word_1_68' title='bbox 1028 672 1214 716; x_wconf 89' lang='lat' dir='ltr'><strong>retrahit</strong></span> <span class='ocrx_word' id='word_1_69' title='bbox 1234 686 1258 716; x_wconf 89' lang='lat' dir='ltr'><strong>a</strong></span> <span class='ocrx_word' id='word_1_70' title='bbox 1277 671 1402 715; x_wconf 87' lang='lat' dir='ltr'><strong>malo</strong></span> <span class='ocrx_word' id='word_1_71' title='bbox 1418 686 1429 725; x_wconf 93' lang='lat'>;</span> <span class='ocrx_word' id='word_1_72' title='bbox 1446 671 1566 715; x_wconf 90' lang='lat' dir='ltr'><strong>unde</strong></span> <span class='ocrx_word' id='word_1_73' title='bbox 1585 670 1741 727; x_wconf 85' lang='lat' dir='ltr'><strong>(Prov.</strong></span> <span class='ocrx_word' id='word_1_74' title='bbox 1757 667 1947 713; x_wconf 84' lang='lat' dir='ltr'>XXVII.</span> <span class='ocrx_word' id='word_1_75' title='bbox 1970 667 2059 726; x_wconf 90' lang='lat'><strong>17.)</strong></span> 
     </span>
     <span class='ocr_line' id='line_1_9' title="bbox 100 734 2056 800; baseline -0.004 -14"><span class='ocrx_word' id='word_1_76' title='bbox 100 742 285 788; x_wconf 86' lang='lat' dir='ltr'><strong>dicitur:</strong></span> <span class='ocrx_word' id='word_1_77' title='bbox 313 743 491 787; x_wconf 84' lang='lat' dir='ltr'><strong>Ferrum</strong></span> <span class='ocrx_word' id='word_1_78' title='bbox 504 743 625 800; x_wconf 88' lang='lat' dir='ltr'><strong>ferro</strong></span> <span class='ocrx_word' id='word_1_79' title='bbox 644 741 877 794; x_wconf 72' lang='lat' dir='ltr'><strong>exacuitur,</strong></span> <span class='ocrx_word' id='word_1_80' title='bbox 899 745 935 783; x_wconf 87' lang='lat' dir='ltr'><strong>et</strong></span> <span class='ocrx_word' id='word_1_81' title='bbox 952 740 1071 783; x_wconf 88' lang='lat' dir='ltr'><strong>homo</strong></span> <span class='ocrx_word' id='word_1_82' title='bbox 1094 740 1258 783; x_wconf 81' lang='lat' dir='ltr'><strong>exacuit</strong></span> <span class='ocrx_word' id='word_1_83' title='bbox 1276 740 1426 795; x_wconf 77' lang='lat' dir='ltr'><strong>faciem</strong></span> <span class='ocrx_word' id='word_1_84' title='bbox 1449 739 1576 782; x_wconf 86' lang='lat' dir='ltr'><strong>amici</strong></span> <span class='ocrx_word' id='word_1_85' title='bbox 1596 739 1661 782; x_wconf 90' lang='lat' dir='ltr'><strong>sui</strong></span> <span class='ocrx_word' id='word_1_86' title='bbox 1670 752 1686 790; x_wconf 88' lang='lat'><strong>,·</strong></span> <span class='ocrx_word' id='word_1_87' title='bbox 1714 747 1760 781; x_wconf 90' lang='lat' dir='ltr'><strong>et</strong></span> <span class='ocrx_word' id='word_1_88' title='bbox 1781 735 1953 793; x_wconf 88' lang='lat' dir='ltr'><strong>(Eccle.</strong></span> <span class='ocrx_word' id='word_1_89' title='bbox 1976 734 2056 779; x_wconf 93' lang='lat' dir='ltr'><strong>IV.</strong></span> 
     </span>
     <span class='ocr_line' id='line_1_10' title="bbox 104 803 2057 868; baseline -0.003 -16"><span class='ocrx_word' id='word_1_90' title='bbox 104 808 273 868; x_wconf 76' lang='lat'><strong>9·12.):</strong></span> <span class='ocrx_word' id='word_1_91' title='bbox 303 808 452 853; x_wconf 84' lang='lat' dir='ltr'><strong>Melius</strong></span> <span class='ocrx_word' id='word_1_92' title='bbox 476 815 530 853; x_wconf 80' lang='lat' dir='ltr'><strong>est</strong></span> <span class='ocrx_word' id='word_1_93' title='bbox 546 808 645 852; x_wconf 87' lang='lat' dir='ltr'><strong>duos</strong></span> <span class='ocrx_word' id='word_1_94' title='bbox 667 821 744 852; x_wconf 84' lang='lat' dir='ltr'><strong>esse</strong></span> <span class='ocrx_word' id='word_1_95' title='bbox 767 806 891 851; x_wconf 85' lang='lat' dir='ltr'><strong>simul</strong></span> <span class='ocrx_word' id='word_1_96' title='bbox 922 821 1047 864; x_wconf 83' lang='lat' dir='ltr'><strong>quam</strong></span> <span class='ocrx_word' id='word_1_97' title='bbox 1079 821 1236 858; x_wconf 84' lang='lat' dir='ltr'><strong>unum;</strong></span> <span class='ocrx_word' id='word_1_98' title='bbox 1272 807 1418 850; x_wconf 82' lang='lat' dir='ltr'><strong>habeut</strong></span> <span class='ocrx_word' id='word_1_99' title='bbox 1439 807 1548 849; x_wconf 87' lang='lat' dir='ltr'><strong>enim</strong></span> <span class='ocrx_word' id='word_1_100' title='bbox 1580 805 1902 848; x_wconf 87' lang='lat' dir='ltr'><strong>emolumentum</strong></span> <span class='ocrx_word' id='word_1_101' title='bbox 1931 803 2057 848; x_wconf 80' lang='lat' dir='ltr'><strong>socie-</strong></span> 
     </span>
     <span class='ocr_line' id='line_1_11' title="bbox 102 870 2059 931; baseline -0.003 -11"><span class='ocrx_word' id='word_1_102' title='bbox 102 877 199 920; x_wconf 74' lang='lat' dir='ltr'><strong>tatis</strong></span> <span class='ocrx_word' id='word_1_103' title='bbox 221 889 341 927; x_wconf 83' lang='lat' dir='ltr'><strong>suae,</strong></span> <span class='ocrx_word' id='word_1_104' title='bbox 368 876 403 918; x_wconf 83' lang='lat' dir='ltr'><strong>si</strong></span> <span class='ocrx_word' id='word_1_105' title='bbox 425 889 529 919; x_wconf 87' lang='lat' dir='ltr'><strong>unus</strong></span> <span class='ocrx_word' id='word_1_106' title='bbox 545 874 747 926; x_wconf 71' lang='lat' dir='ltr'><strong>ceciderit,</strong></span> <span class='ocrx_word' id='word_1_107' title='bbox 775 874 826 917; x_wconf 88' lang='lat' dir='ltr'><strong>ab</strong></span> <span class='ocrx_word' id='word_1_108' title='bbox 849 873 977 916; x_wconf 81' lang='lat' dir='ltr'><strong>altero</strong></span> <span class='ocrx_word' id='word_1_109' title='bbox 994 873 1212 931; x_wconf 74' lang='lat' dir='ltr'><strong>fulcietur.</strong></span> <span class='ocrx_word' id='word_1_110' title='bbox 1240 874 1321 916; x_wconf 87' lang='lat' dir='ltr'><strong>Vae</strong></span> <span class='ocrx_word' id='word_1_111' title='bbox 1335 873 1428 926; x_wconf 87' lang='lat' dir='ltr'><strong>soli,</strong></span> <span class='ocrx_word' id='word_1_112' title='bbox 1457 874 1571 930; x_wconf 86' lang='lat' dir='ltr'><strong>quia,</strong></span> <span class='ocrx_word' id='word_1_113' title='bbox 1595 886 1723 930; x_wconf 86' lang='lat' dir='ltr'><strong>quum</strong></span> <span class='ocrx_word' id='word_1_114' title='bbox 1748 870 1954 924; x_wconf 78' lang='lat' dir='ltr'><strong>ceciderit,</strong></span> <span class='ocrx_word' id='word_1_115' title='bbox 1974 883 2059 914; x_wconf 83' lang='lat' dir='ltr'><strong>non</strong></span> 
     </span>
     <span class='ocr_line' id='line_1_12' title="bbox 103 936 2061 998; baseline -0.003 -13"><span class='ocrx_word' id='word_1_116' title='bbox 103 941 225 986; x_wconf 81' lang='lat' dir='ltr'><strong>habet</strong></span> <span class='ocrx_word' id='word_1_117' title='bbox 249 941 527 986; x_wconf 75' lang='lat' dir='ltr'><strong>sublevantem</strong></span> <span class='ocrx_word' id='word_1_118' title='bbox 549 956 601 985; x_wconf 88' lang='lat' dir='ltr'><strong>se.</strong></span> <span class='ocrx_word' id='word_1_119' title='bbox 625 942 679 985; x_wconf 86' lang='lat' dir='ltr'><strong>Et</strong></span> <span class='ocrx_word' id='word_1_120' title='bbox 701 941 737 984; x_wconf 86' lang='lat' dir='ltr'><strong>si</strong></span> <span class='ocrx_word' id='word_1_121' title='bbox 768 939 1016 984; x_wconf 86' lang='lat' dir='ltr'><strong>dormierint</strong></span> <span class='ocrx_word' id='word_1_122' title='bbox 1041 939 1136 992; x_wconf 88' lang='lat' dir='ltr'><strong>du0,</strong></span> <span class='ocrx_word' id='word_1_123' title='bbox 1162 940 1424 998; x_wconf 84' lang='lat' dir='ltr'><strong>fovebuntur</strong></span> <span class='ocrx_word' id='word_1_124' title='bbox 1448 945 1590 983; x_wconf 87' lang='lat' dir='ltr'><strong>mutuo</strong></span> <span class='ocrx_word' id='word_1_125' title='bbox 1602 953 1617 990; x_wconf 87' lang='lat'><strong>,·</strong></span> <span class='ocrx_word' id='word_1_126' title='bbox 1641 952 1746 983; x_wconf 85' lang='lat' dir='ltr'><strong>unus</strong></span> <span class='ocrx_word' id='word_1_127' title='bbox 1767 936 1971 995; x_wconf 85' lang='lat' dir='ltr'><strong>quomodo</strong></span> <span class='ocrx_word' id='word_1_128' title='bbox 1995 950 2061 982; x_wconf 86' lang='lat' dir='ltr'><strong>ca-</strong></span> 
     </span>
    </p>
   </div>
   <div class='ocr_carea' id='block_1_4' title="bbox 33 1004 2061 1069">
    <p class='ocr_par' dir='ltr' id='par_1_5' title="bbox 33 1004 2061 1069">
     <span class='ocr_line' id='line_1_13' title="bbox 33 1004 2061 1069; baseline -0.002 -16"><span class='ocrx_word' id='word_1_129' title='bbox 33 1035 39 1042; x_wconf 90' lang='lat'><strong>·</strong></span> <span class='ocrx_word' id='word_1_130' title='bbox 103 1008 240 1069; x_wconf 77' lang='lat' dir='ltr'><strong>lefiet?</strong></span> <span class='ocrx_word' id='word_1_131' title='bbox 264 1008 320 1053; x_wconf 84' lang='lat' dir='ltr'><strong>Et</strong></span> <span class='ocrx_word' id='word_1_132' title='bbox 348 1009 385 1052; x_wconf 83' lang='lat' dir='ltr'><strong>si</strong></span> <span class='ocrx_word' id='word_1_133' title='bbox 410 1009 616 1067; x_wconf 76' lang='lat' dir='ltr'><strong>quispiam</strong></span> <span class='ocrx_word' id='word_1_134' title='bbox 633 1006 918 1065; x_wconf 83' lang='lat' dir='ltr'><strong>praevaluerit</strong></span> <span class='ocrx_word' id='word_1_135' title='bbox 944 1013 1089 1051; x_wconf 84' lang='lat' dir='ltr'><strong>contra</strong></span> <span class='ocrx_word' id='word_1_136' title='bbox 1115 1021 1260 1060; x_wconf 85' lang='lat' dir='ltr'><strong>unum,</strong></span> <span class='ocrx_word' id='word_1_137' title='bbox 1287 1006 1367 1050; x_wconf 86' lang='lat' dir='ltr'><strong>duo</strong></span> <span class='ocrx_word' id='word_1_138' title='bbox 1394 1008 1585 1050; x_wconf 83' lang='lat' dir='ltr'><strong>resistunt</strong></span> <span class='ocrx_word' id='word_1_139' title='bbox 1604 1006 1654 1050; x_wconf 85' lang='lat' dir='ltr'><strong>ei.</strong></span> <span class='ocrx_word' id='word_1_140' title='bbox 1679 1004 1899 1064; x_wconf 85' lang='lat' dir='ltr'><strong>Oportuit</strong></span> <span class='ocrx_word' id='word_1_141' title='bbox 1922 1004 2061 1064; x_wconf 88' lang='lat' dir='ltr'><strong>igitur</strong></span> 
     </span>
    </p>
   </div>
   <div class='ocr_carea' id='block_1_5' title="bbox 103 1073 2078 1934">
    <p class='ocr_par' dir='ltr' id='par_1_6' title="bbox 103 1073 1488 1134">
     <span class='ocr_line' id='line_1_14' title="bbox 103 1073 1488 1134; baseline -0.002 -15"><span class='ocrx_word' id='word_1_142' title='bbox 103 1074 206 1134; x_wconf 75' lang='lat' dir='ltr'><strong>lege</strong></span> <span class='ocrx_word' id='word_1_143' title='bbox 230 1074 382 1118; x_wconf 84' lang='lat' dir='ltr'><strong>divina</strong></span> <span class='ocrx_word' id='word_1_144' title='bbox 409 1074 605 1119; x_wconf 89' lang='lat' dir='ltr'><strong>ordinari</strong></span> <span class='ocrx_word' id='word_1_145' title='bbox 630 1074 898 1117; x_wconf 85' lang='lat' dir='ltr'><strong>societatem</strong></span> <span class='ocrx_word' id='word_1_146' title='bbox 924 1073 1166 1117; x_wconf 89' lang='lat' dir='ltr'><strong>hominum</strong></span> <span class='ocrx_word' id='word_1_147' title='bbox 1194 1073 1248 1116; x_wconf 84' lang='lat' dir='ltr'><strong>ad</strong></span> <span class='ocrx_word' id='word_1_148' title='bbox 1275 1073 1488 1117; x_wconf 89' lang='lat' dir='ltr'><strong>invicem.</strong></span> 
     </span>
    </p>

    <p class='ocr_par' dir='ltr' id='par_1_7' title="bbox 106 1137 2071 1600">
     <span class='ocr_line' id='line_1_15' title="bbox 193 1137 2056 1200; baseline -0.004 -12"><span class='ocrx_word' id='word_1_149' title='bbox 193 1140 429 1200; x_wconf 76' lang='lat' dir='ltr'><strong>Amplius:</strong></span> <span class='ocrx_word' id='word_1_150' title='bbox 456 1141 528 1185; x_wconf 86' lang='lat' dir='ltr'><strong>lex</strong></span> <span class='ocrx_word' id='word_1_151' title='bbox 555 1141 706 1185; x_wconf 90' lang='lat' dir='ltr'><strong>divina</strong></span> <span class='ocrx_word' id='word_1_152' title='bbox 731 1150 799 1184; x_wconf 88' lang='lat' dir='ltr'><strong>est</strong></span> <span class='ocrx_word' id='word_1_153' title='bbox 824 1140 1048 1198; x_wconf 87' lang='lat' dir='ltr'><strong>quaedam</strong></span> <span class='ocrx_word' id='word_1_154' title='bbox 1076 1140 1190 1183; x_wconf 89' lang='lat' dir='ltr'><strong>ratio</strong></span> <span class='ocrx_word' id='word_1_155' title='bbox 1218 1140 1396 1183; x_wconf 88' lang='lat' dir='ltr'><strong>divinae</strong></span> <span class='ocrx_word' id='word_1_156' title='bbox 1418 1138 1732 1197; x_wconf 88' lang='lat' dir='ltr'><strong>providentiae</strong></span> <span class='ocrx_word' id='word_1_157' title='bbox 1758 1138 1815 1182; x_wconf 91' lang='lat' dir='ltr'><strong>ad</strong></span> <span class='ocrx_word' id='word_1_158' title='bbox 1840 1137 2056 1182; x_wconf 87' lang='lat' dir='ltr'><strong>homines</strong></span> 
     </span>
     <span class='ocr_line' id='line_1_16' title="bbox 106 1203 2050 1269; baseline -0.003 -16"><span class='ocrx_word' id='word_1_159' title='bbox 106 1208 438 1269; x_wconf 82' lang='lat' dir='ltr'><strong>gubernandos.</strong></span> <span class='ocrx_word' id='word_1_160' title='bbox 465 1208 538 1252; x_wconf 91' lang='lat' dir='ltr'><strong>Ad</strong></span> <span class='ocrx_word' id='word_1_161' title='bbox 565 1208 765 1252; x_wconf 86' lang='lat' dir='ltr'><strong>divinam</strong></span> <span class='ocrx_word' id='word_1_162' title='bbox 793 1218 945 1251; x_wconf 86' lang='lat' dir='ltr'><strong>autem</strong></span> <span class='ocrx_word' id='word_1_163' title='bbox 978 1208 1313 1266; x_wconf 84' lang='lat' dir='ltr'><strong>providentiam</strong></span> <span class='ocrx_word' id='word_1_164' title='bbox 1335 1207 1529 1265; x_wconf 85' lang='lat' dir='ltr'><strong>pertinet</strong></span> <span class='ocrx_word' id='word_1_165' title='bbox 1554 1206 1731 1265; x_wconf 89' lang='lat' dir='ltr'><strong>singula</strong></span> <span class='ocrx_word' id='word_1_166' title='bbox 1759 1219 1876 1265; x_wconf 90' lang='lat' dir='ltr'><strong>quae</strong></span> <span class='ocrx_word' id='word_1_167' title='bbox 1902 1205 1944 1249; x_wconf 89' lang='lat' dir='ltr'><strong>ei</strong></span> <span class='ocrx_word' id='word_1_168' title='bbox 1969 1203 2050 1249; x_wconf 88' lang='lat' dir='ltr'><strong>sub</strong></span> 
     </span>
     <span class='ocr_line' id='line_1_17' title="bbox 107 1273 2069 1331; baseline -0.003 -11"><span class='ocrx_word' id='word_1_169' title='bbox 107 1285 213 1321; x_wconf 83' lang='lat' dir='ltr'><strong>sunt</strong></span> <span class='ocrx_word' id='word_1_170' title='bbox 237 1275 318 1321; x_wconf 81' lang='lat' dir='ltr'><strong>sub</strong></span> <span class='ocrx_word' id='word_1_171' title='bbox 353 1275 507 1322; x_wconf 88' lang='lat' dir='ltr'><strong>debito</strong></span> <span class='ocrx_word' id='word_1_172' title='bbox 539 1275 697 1319; x_wconf 86' lang='lat' dir='ltr'><strong>ordine</strong></span> <span class='ocrx_word' id='word_1_173' title='bbox 726 1275 974 1328; x_wconf 88' lang='lat' dir='ltr'><strong>continere,</strong></span> <span class='ocrx_word' id='word_1_174' title='bbox 1002 1284 1051 1318; x_wconf 91' lang='lat' dir='ltr'><strong>ut</strong></span> <span class='ocrx_word' id='word_1_175' title='bbox 1082 1274 1256 1318; x_wconf 87' lang='lat' dir='ltr'><strong>scilicet</strong></span> <span class='ocrx_word' id='word_1_176' title='bbox 1281 1287 1414 1317; x_wconf 90' lang='lat' dir='ltr'><strong>suum</strong></span> <span class='ocrx_word' id='word_1_177' title='bbox 1442 1273 1599 1317; x_wconf 90' lang='lat' dir='ltr'><strong>locum</strong></span> <span class='ocrx_word' id='word_1_178' title='bbox 1626 1283 1670 1316; x_wconf 91' lang='lat' dir='ltr'><strong>et</strong></span> <span class='ocrx_word' id='word_1_179' title='bbox 1696 1273 1889 1331; x_wconf 88' lang='lat' dir='ltr'><strong>gradum</strong></span> <span class='ocrx_word' id='word_1_180' title='bbox 1915 1280 2069 1315; x_wconf 87' lang='lat' dir='ltr'><strong>teneat</strong></span> 
     </span>
     <span class='ocr_line' id='line_1_18' title="bbox 108 1335 2071 1402; baseline -0.003 -15"><span class='ocrx_word' id='word_1_181' title='bbox 108 1343 480 1402; x_wconf 89' lang='lat' dir='ltr'><strong>unumquodque.</strong></span> <span class='ocrx_word' id='word_1_182' title='bbox 514 1335 608 1385; x_wconf 85' lang='lat' dir='ltr'><strong>Lex</strong></span> <span class='ocrx_word' id='word_1_183' title='bbox 632 1341 770 1400; x_wconf 89' lang='lat' dir='ltr'><strong>igitur</strong></span> <span class='ocrx_word' id='word_1_184' title='bbox 795 1341 947 1384; x_wconf 88' lang='lat' dir='ltr'><strong>divina</strong></span> <span class='ocrx_word' id='word_1_185' title='bbox 980 1341 1044 1384; x_wconf 89' lang='lat' dir='ltr'><strong>sic</strong></span> <span class='ocrx_word' id='word_1_186' title='bbox 1078 1341 1290 1384; x_wconf 86' lang='lat' dir='ltr'><strong>homines</strong></span> <span class='ocrx_word' id='word_1_187' title='bbox 1325 1340 1379 1384; x_wconf 93' lang='lat' dir='ltr'><strong>ad</strong></span> <span class='ocrx_word' id='word_1_188' title='bbox 1411 1340 1611 1384; x_wconf 88' lang='lat' dir='ltr'><strong>invicem</strong></span> <span class='ocrx_word' id='word_1_189' title='bbox 1643 1339 1835 1393; x_wconf 86' lang='lat' dir='ltr'><strong>ordinat,</strong></span> <span class='ocrx_word' id='word_1_190' title='bbox 1860 1348 1912 1383; x_wconf 89' lang='lat' dir='ltr'><strong>ut</strong></span> <span class='ocrx_word' id='word_1_191' title='bbox 1935 1351 2071 1382; x_wconf 87' lang='lat' dir='ltr'><strong>unus-</strong></span> 
     </span>
     <span class='ocr_line' id='line_1_19' title="bbox 109 1405 2068 1469; baseline -0.003 -16"><span class='ocrx_word' id='word_1_192' title='bbox 109 1409 300 1469; x_wconf 86' lang='lat' dir='ltr'><strong>quisque</strong></span> <span class='ocrx_word' id='word_1_193' title='bbox 326 1423 459 1453; x_wconf 89' lang='lat' dir='ltr'><strong>suum</strong></span> <span class='ocrx_word' id='word_1_194' title='bbox 487 1409 693 1452; x_wconf 89' lang='lat' dir='ltr'><strong>ordinem</strong></span> <span class='ocrx_word' id='word_1_195' title='bbox 717 1417 892 1461; x_wconf 89' lang='lat' dir='ltr'><strong>teneat;</strong></span> <span class='ocrx_word' id='word_1_196' title='bbox 920 1408 1041 1466; x_wconf 92' lang='lat' dir='ltr'><strong>quod</strong></span> <span class='ocrx_word' id='word_1_197' title='bbox 1068 1417 1136 1450; x_wconf 90' lang='lat' dir='ltr'><strong>est</strong></span> <span class='ocrx_word' id='word_1_198' title='bbox 1157 1408 1369 1450; x_wconf 87' lang='lat' dir='ltr'><strong>homines</strong></span> <span class='ocrx_word' id='word_1_199' title='bbox 1392 1421 1552 1465; x_wconf 86' lang='lat' dir='ltr'><strong>pacem</strong></span> <span class='ocrx_word' id='word_1_200' title='bbox 1575 1406 1744 1450; x_wconf 87' lang='lat' dir='ltr'><strong>habere</strong></span> <span class='ocrx_word' id='word_1_201' title='bbox 1768 1405 1823 1449; x_wconf 88' lang='lat' dir='ltr'><strong>ad</strong></span> <span class='ocrx_word' id='word_1_202' title='bbox 1845 1407 2068 1458; x_wconf 86' lang='lat' dir='ltr'><strong>invicem;</strong></span> 
     </span>
     <span class='ocr_line' id='line_1_20' title="bbox 108 1471 2071 1535; baseline -0.003 -15"><span class='ocrx_word' id='word_1_203' title='bbox 108 1490 195 1535; x_wconf 85' lang='lat' dir='ltr'><strong>pax</strong></span> <span class='ocrx_word' id='word_1_204' title='bbox 226 1476 350 1523; x_wconf 88' lang='lat' dir='ltr'><strong>enirn</strong></span> <span class='ocrx_word' id='word_1_205' title='bbox 376 1475 620 1519; x_wconf 88' lang='lat' dir='ltr'><strong>hominurn</strong></span> <span class='ocrx_word' id='word_1_206' title='bbox 647 1474 758 1518; x_wconf 89' lang='lat' dir='ltr'><strong>nihil</strong></span> <span class='ocrx_word' id='word_1_207' title='bbox 787 1474 907 1517; x_wconf 80' lang='lat' dir='ltr'><strong>aliud</strong></span> <span class='ocrx_word' id='word_1_208' title='bbox 935 1484 1004 1518; x_wconf 86' lang='lat' dir='ltr'><strong>est</strong></span> <span class='ocrx_word' id='word_1_209' title='bbox 1025 1488 1161 1533; x_wconf 88' lang='lat' dir='ltr'><strong>quam</strong></span> <span class='ocrx_word' id='word_1_210' title='bbox 1189 1474 1396 1518; x_wconf 86' lang='lat' dir='ltr'><strong>ordinata</strong></span> <span class='ocrx_word' id='word_1_211' title='bbox 1424 1473 1687 1527; x_wconf 89' lang='lat' dir='ltr'><strong>concordia,</strong></span> <span class='ocrx_word' id='word_1_212' title='bbox 1715 1483 1764 1517; x_wconf 92' lang='lat' dir='ltr'><strong>ut</strong></span> <span class='ocrx_word' id='word_1_213' title='bbox 1785 1471 2071 1531; x_wconf 87' lang='lat' dir='ltr'><strong>Augustinus</strong></span> 
     </span>
     <span class='ocr_line' id='line_1_21' title="bbox 111 1539 1116 1600; baseline -0.003 -14"><span class='ocrx_word' id='word_1_214' title='bbox 111 1542 442 1600; x_wconf 89' lang='lat' dir='ltr'><strong>(decimonono</strong></span> <span class='ocrx_word' id='word_1_215' title='bbox 466 1541 537 1585; x_wconf 92' lang='lat' dir='ltr'><strong>De</strong></span> <span class='ocrx_word' id='word_1_216' title='bbox 564 1541 647 1586; x_wconf 90' lang='lat' dir='ltr'><strong>civ.</strong></span> <span class='ocrx_word' id='word_1_217' title='bbox 677 1541 780 1594; x_wconf 90' lang='lat' dir='ltr'><strong>Dei,</strong></span> <span class='ocrx_word' id='word_1_218' title='bbox 809 1555 846 1583; x_wconf 93' lang='lat' dir='ltr'><strong>c.</strong></span> <span class='ocrx_word' id='word_1_219' title='bbox 881 1540 968 1599; x_wconf 82' lang='lat'>13.)</span> <span class='ocrx_word' id='word_1_220' title='bbox 996 1539 1116 1584; x_wconf 90' lang='lat' dir='ltr'><strong>dicit.</strong></span> 
     </span>
    </p>

    <p class='ocr_par' dir='ltr' id='par_1_8' title="bbox 114 1606 2078 1934">
     <span class='ocr_line' id='line_1_22' title="bbox 200 1606 2073 1669; baseline -0.003 -14"><span class='ocrx_word' id='word_1_221' title='bbox 200 1610 340 1655; x_wconf 84' lang='lat' dir='ltr'><strong>Item:</strong></span> <span class='ocrx_word' id='word_1_222' title='bbox 373 1609 758 1669; x_wconf 87' lang='lat' dir='ltr'><strong>quandocumque</strong></span> <span class='ocrx_word' id='word_1_223' title='bbox 792 1607 943 1666; x_wconf 90' lang='lat' dir='ltr'><strong>aliqua</strong></span> <span class='ocrx_word' id='word_1_224' title='bbox 969 1607 1234 1651; x_wconf 89' lang='lat' dir='ltr'><strong>ordinantur</strong></span> <span class='ocrx_word' id='word_1_225' title='bbox 1261 1607 1341 1651; x_wconf 89' lang='lat' dir='ltr'><strong>sub</strong></span> <span class='ocrx_word' id='word_1_226' title='bbox 1377 1606 1545 1664; x_wconf 89' lang='lat' dir='ltr'><strong>aliquo,</strong></span> <span class='ocrx_word' id='word_1_227' title='bbox 1573 1616 1755 1665; x_wconf 88' lang='lat' dir='ltr'><strong>oportet</strong></span> <span class='ocrx_word' id='word_1_228' title='bbox 1779 1606 1858 1650; x_wconf 85' lang='lat' dir='ltr'><strong>illa</strong></span> <span class='ocrx_word' id='word_1_229' title='bbox 1885 1616 2073 1650; x_wconf 85' lang='lat' dir='ltr'><strong>concor-</strong></span> 
     </span>
     <span class='ocr_line' id='line_1_23' title="bbox 115 1673 2071 1732; baseline -0.002 -13"><span class='ocrx_word' id='word_1_230' title='bbox 115 1676 229 1720; x_wconf 88' lang='lat' dir='ltr'><strong>diter</strong></span> <span class='ocrx_word' id='word_1_231' title='bbox 254 1689 353 1721; x_wconf 87' lang='lat' dir='ltr'><strong>esse</strong></span> <span class='ocrx_word' id='word_1_232' title='bbox 380 1675 586 1719; x_wconf 89' lang='lat' dir='ltr'><strong>ordinata</strong></span> <span class='ocrx_word' id='word_1_233' title='bbox 613 1675 669 1718; x_wconf 90' lang='lat' dir='ltr'><strong>ad</strong></span> <span class='ocrx_word' id='word_1_234' title='bbox 694 1675 918 1727; x_wconf 89' lang='lat' dir='ltr'><strong>invicem;</strong></span> <span class='ocrx_word' id='word_1_235' title='bbox 945 1673 1070 1727; x_wconf 86' lang='lat' dir='ltr'><strong>alias,</strong></span> <span class='ocrx_word' id='word_1_236' title='bbox 1093 1687 1141 1717; x_wconf 85' lang='lat' dir='ltr'><strong>se</strong></span> <span class='ocrx_word' id='word_1_237' title='bbox 1162 1674 1360 1717; x_wconf 90' lang='lat' dir='ltr'><strong>invicem</strong></span> <span class='ocrx_word' id='word_1_238' title='bbox 1382 1673 1655 1732; x_wconf 86' lang='lat' dir='ltr'><strong>impedirent</strong></span> <span class='ocrx_word' id='word_1_239' title='bbox 1675 1674 1722 1716; x_wconf 89' lang='lat' dir='ltr'><strong>in</strong></span> <span class='ocrx_word' id='word_1_240' title='bbox 1745 1674 2071 1718; x_wconf 89' lang='lat' dir='ltr'><strong>consecutione</strong></span> 
     </span>
     <span class='ocr_line' id='line_1_24' title="bbox 115 1740 2073 1800; baseline -0.002 -13"><span class='ocrx_word' id='word_1_241' title='bbox 115 1743 216 1787; x_wconf 83' lang='lat' dir='ltr'><strong>finis</strong></span> <span class='ocrx_word' id='word_1_242' title='bbox 243 1742 516 1796; x_wconf 90' lang='lat' dir='ltr'><strong>communis,</strong></span> <span class='ocrx_word' id='word_1_243' title='bbox 553 1742 669 1785; x_wconf 89' lang='lat' dir='ltr'><strong>sicut</strong></span> <span class='ocrx_word' id='word_1_244' title='bbox 700 1750 823 1800; x_wconf 90' lang='lat' dir='ltr'><strong>patet</strong></span> <span class='ocrx_word' id='word_1_245' title='bbox 847 1741 893 1783; x_wconf 91' lang='lat' dir='ltr'><strong>in</strong></span> <span class='ocrx_word' id='word_1_246' title='bbox 921 1740 1134 1794; x_wconf 87' lang='lat' dir='ltr'><strong>exercitu,</strong></span> <span class='ocrx_word' id='word_1_247' title='bbox 1162 1741 1239 1799; x_wconf 93' lang='lat' dir='ltr'><strong>qui</strong></span> <span class='ocrx_word' id='word_1_248' title='bbox 1272 1740 1559 1784; x_wconf 88' lang='lat' dir='ltr'><strong>concorditer</strong></span> <span class='ocrx_word' id='word_1_249' title='bbox 1592 1741 1825 1784; x_wconf 88' lang='lat' dir='ltr'><strong>ordinatur</strong></span> <span class='ocrx_word' id='word_1_250' title='bbox 1852 1741 1906 1784; x_wconf 91' lang='lat' dir='ltr'><strong>ad</strong></span> <span class='ocrx_word' id='word_1_251' title='bbox 1933 1740 2073 1784; x_wconf 87' lang='lat' dir='ltr'><strong>victo-</strong></span> 
     </span>
     <span class='ocr_line' id='line_1_25' title="bbox 114 1807 2075 1868; baseline -0.001 -15"><span class='ocrx_word' id='word_1_252' title='bbox 114 1810 247 1864; x_wconf 58' lang='lat' dir='ltr'><strong>riamg</strong></span> <span class='ocrx_word' id='word_1_253' title='bbox 263 1822 379 1868; x_wconf 88' lang='lat' dir='ltr'><strong>quae</strong></span> <span class='ocrx_word' id='word_1_254' title='bbox 398 1818 465 1853; x_wconf 81' lang='lat' dir='ltr'><strong>est</strong></span> <span class='ocrx_word' id='word_1_255' title='bbox 481 1807 582 1852; x_wconf 88' lang='lat' dir='ltr'><strong>finis</strong></span> <span class='ocrx_word' id='word_1_256' title='bbox 604 1807 744 1851; x_wconf 89' lang='lat' dir='ltr'><strong>ducis.</strong></span> <span class='ocrx_word' id='word_1_257' title='bbox 769 1807 1091 1866; x_wconf 84' lang='lat' dir='ltr'><strong>Unusquisque</strong></span> <span class='ocrx_word' id='word_1_258' title='bbox 1120 1817 1273 1851; x_wconf 85' lang='lat' dir='ltr'><strong>autem</strong></span> <span class='ocrx_word' id='word_1_259' title='bbox 1290 1807 1434 1851; x_wconf 88' lang='lat' dir='ltr'><strong>homo</strong></span> <span class='ocrx_word' id='word_1_260' title='bbox 1462 1821 1540 1866; x_wconf 90' lang='lat' dir='ltr'><strong>per</strong></span> <span class='ocrx_word' id='word_1_261' title='bbox 1565 1807 1717 1866; x_wconf 89' lang='lat' dir='ltr'><strong>legem</strong></span> <span class='ocrx_word' id='word_1_262' title='bbox 1736 1807 1937 1851; x_wconf 84' lang='lat' dir='ltr'><strong>divinam</strong></span> <span class='ocrx_word' id='word_1_263' title='bbox 1960 1807 2075 1851; x_wconf 90' lang='lat' dir='ltr'><strong>ordi-</strong></span> 
     </span>
     <span class='ocr_line' id='line_1_26' title="bbox 119 1873 2078 1934; baseline -0.002 -13"><span class='ocrx_word' id='word_1_264' title='bbox 119 1887 255 1921; x_wconf 73' lang='lat' dir='ltr'><strong>natur</strong></span> <span class='ocrx_word' id='word_1_265' title='bbox 283 1876 340 1920; x_wconf 83' lang='lat' dir='ltr'><strong>ad</strong></span> <span class='ocrx_word' id='word_1_266' title='bbox 365 1876 533 1920; x_wconf 84' lang='lat' dir='ltr'><strong>Deum.</strong></span> <span class='ocrx_word' id='word_1_267' title='bbox 564 1875 782 1934; x_wconf 88' lang='lat' dir='ltr'><strong>Oportuit</strong></span> <span class='ocrx_word' id='word_1_268' title='bbox 802 1874 940 1933; x_wconf 86' lang='lat' dir='ltr'><strong>igitur</strong></span> <span class='ocrx_word' id='word_1_269' title='bbox 965 1887 1045 1933; x_wconf 89' lang='lat' dir='ltr'><strong>per</strong></span> <span class='ocrx_word' id='word_1_270' title='bbox 1070 1873 1221 1932; x_wconf 89' lang='lat' dir='ltr'><strong>legem</strong></span> <span class='ocrx_word' id='word_1_271' title='bbox 1250 1874 1451 1918; x_wconf 85' lang='lat' dir='ltr'><strong>divinam</strong></span> <span class='ocrx_word' id='word_1_272' title='bbox 1480 1875 1851 1928; x_wconf 84' lang='lat' dir='ltr'><strong>interhomines,</strong></span> <span class='ocrx_word' id='word_1_273' title='bbox 1873 1889 1930 1918; x_wconf 92' lang='lat' dir='ltr'><strong>ne</strong></span> <span class='ocrx_word' id='word_1_274' title='bbox 1949 1888 1998 1918; x_wconf 91' lang='lat' dir='ltr'><strong>se</strong></span> <span class='ocrx_word' id='word_1_275' title='bbox 2014 1874 2078 1917; x_wconf 86' lang='lat' dir='ltr'><strong>in-</strong></span> 
     </span>
    </p>
   </div>
   <div class='ocr_carea' id='block_1_6' title="bbox 37 1940 2076 2005">
    <p class='ocr_par' dir='ltr' id='par_1_9' title="bbox 37 1940 2076 2005">
     <span class='ocr_line' id='line_1_27' title="bbox 37 1940 2076 2005; baseline -0.001 -18"><span class='ocrx_word' id='word_1_276' title='bbox 37 1990 44 1994; x_wconf 58' lang='grc'><em>,</em></span> <span class='ocrx_word' id='word_1_277' title='bbox 75 2004 80 2005; x_wconf 21' lang='lat'><em>⁷</em></span> <span class='ocrx_word' id='word_1_278' title='bbox 117 1943 268 1987; x_wconf 89' lang='lat' dir='ltr'><strong>vicem</strong></span> <span class='ocrx_word' id='word_1_279' title='bbox 299 1942 586 2001; x_wconf 87' lang='lat' dir='ltr'><strong>impedirent,</strong></span> <span class='ocrx_word' id='word_1_280' title='bbox 620 1941 874 1985; x_wconf 86' lang='lat' dir='ltr'><strong>ordinatam</strong></span> <span class='ocrx_word' id='word_1_281' title='bbox 910 1941 1206 1985; x_wconf 89' lang='lat' dir='ltr'><strong>concordiam</strong></span> <span class='ocrx_word' id='word_1_282' title='bbox 1226 1955 1339 1996; x_wconf 90' lang='lat' dir='ltr'><strong>esse,</strong></span> <span class='ocrx_word' id='word_1_283' title='bbox 1371 1956 1486 2000; x_wconf 89' lang='lat' dir='ltr'><strong>quae</strong></span> <span class='ocrx_word' id='word_1_284' title='bbox 1514 1951 1580 1985; x_wconf 90' lang='lat' dir='ltr'><strong>est</strong></span> <span class='ocrx_word' id='word_1_285' title='bbox 1598 1957 1695 2000; x_wconf 87' lang='lat' dir='ltr'><strong>pax.</strong></span> <span class='ocrx_word' id='word_1_286' title='bbox 1724 1943 1841 1985; x_wconf 92' lang='lat' dir='ltr'><strong>Hinc</strong></span> <span class='ocrx_word' id='word_1_287' title='bbox 1865 1952 1932 1986; x_wconf 91' lang='lat' dir='ltr'><strong>est</strong></span> <span class='ocrx_word' id='word_1_288' title='bbox 1954 1940 2076 2000; x_wconf 91' lang='lat' dir='ltr'><strong>quod</strong></span> 
     </span>
    </p>
   </div>
   <div class='ocr_carea' id='block_1_7' title="bbox 22 2951 49 3386">
    <p class='ocr_par' dir='ltr' id='par_1_10' title="bbox 21 2951 49 3386">
     <span class='ocr_line' id='line_1_28' title="bbox 22 2951 49 3386; textangle 90"><span class='ocrx_word' id='word_1_289' title='bbox 22 3043 49 3386; x_wconf 43' lang='lat' dir='ltr'><strong>*Wwww*w</strong></span> <span class='ocrx_word' id='word_1_290' title='bbox 35 2951 38 2954; x_wconf 64' lang='grc'><em>»</em></span> 
     </span>
    </p>
   </div>
   <div class='ocr_carea' id='block_1_8' title="bbox 117 2007 2096 3677">
    <p class='ocr_par' dir='ltr' id='par_1_11' title="bbox 117 2007 2078 2135">
     <span class='ocr_line' id='line_1_29' title="bbox 118 2007 2078 2068; baseline -0.001 -14"><span class='ocrx_word' id='word_1_291' title='bbox 118 2009 259 2068; x_wconf 78' lang='lat' dir='ltr'><strong>(Psal.</strong></span> <span class='ocrx_word' id='word_1_292' title='bbox 295 2007 524 2054; x_wconf 87' lang='lat' dir='ltr'><strong>CXLVII.</strong></span> <span class='ocrx_word' id='word_1_293' title='bbox 561 2007 650 2063; x_wconf 88' lang='lat'>14.)</span> <span class='ocrx_word' id='word_1_294' title='bbox 683 2008 869 2053; x_wconf 89' lang='lat' dir='ltr'><strong>dicitur:</strong></span> <span class='ocrx_word' id='word_1_295' title='bbox 905 2009 994 2065; x_wconf 79' lang='lat' dir='ltr'><strong>Qui</strong></span> <span class='ocrx_word' id='word_1_296' title='bbox 1019 2009 1161 2067; x_wconf 84' lang='lat' dir='ltr'><strong>posuit</strong></span> <span class='ocrx_word' id='word_1_297' title='bbox 1190 2009 1286 2059; x_wconf 80' lang='lat' dir='ltr'><strong>sines</strong></span> <span class='ocrx_word' id='word_1_298' title='bbox 1319 2014 1405 2053; x_wconf 84' lang='lat' dir='ltr'><strong>tuos</strong></span> <span class='ocrx_word' id='word_1_299' title='bbox 1429 2016 1576 2067; x_wconf 86' lang='lat' dir='ltr'><strong>pacem</strong></span> <span class='ocrx_word' id='word_1_300' title='bbox 1586 2023 1602 2060; x_wconf 76' lang='lat'><strong>,⁰</strong></span> <span class='ocrx_word' id='word_1_301' title='bbox 1632 2019 1675 2052; x_wconf 85' lang='lat' dir='ltr'><strong>et</strong></span> <span class='ocrx_word' id='word_1_302' title='bbox 1706 2009 1937 2053; x_wconf 87' lang='lat' dir='ltr'><strong>Dominus</strong></span> <span class='ocrx_word' id='word_1_303' title='bbox 1969 2008 2078 2052; x_wconf 88' lang='lat' dir='ltr'><strong>dicit</strong></span> 
     </span>
     <span class='ocr_line' id='line_1_30' title="bbox 117 2074 1770 2135; baseline -0.001 -14"><span class='ocrx_word' id='word_1_304' title='bbox 117 2077 268 2135; x_wconf 79' lang='lat' dir='ltr'><strong>(Joan.</strong></span> <span class='ocrx_word' id='word_1_305' title='bbox 293 2074 416 2120; x_wconf 85' lang='lat' dir='ltr'>XVI.</span> <span class='ocrx_word' id='word_1_306' title='bbox 440 2075 553 2135; x_wconf 85' lang='lat'>33.):</span> <span class='ocrx_word' id='word_1_307' title='bbox 586 2076 703 2119; x_wconf 85' lang='lat' dir='ltr'><strong>Haec</strong></span> <span class='ocrx_word' id='word_1_308' title='bbox 725 2075 881 2119; x_wconf 84' lang='lat' dir='ltr'><strong>locutus</strong></span> <span class='ocrx_word' id='word_1_309' title='bbox 905 2086 996 2118; x_wconf 88' lang='lat' dir='ltr'><strong>sum</strong></span> <span class='ocrx_word' id='word_1_310' title='bbox 1015 2075 1149 2128; x_wconf 84' lang='lat' dir='ltr'><strong>vobis,</strong></span> <span class='ocrx_word' id='word_1_311' title='bbox 1175 2081 1223 2118; x_wconf 85' lang='lat' dir='ltr'><strong>ut</strong></span> <span class='ocrx_word' id='word_1_312' title='bbox 1243 2076 1289 2118; x_wconf 84' lang='lat' dir='ltr'><strong>in</strong></span> <span class='ocrx_word' id='word_1_313' title='bbox 1313 2086 1377 2118; x_wconf 87' lang='lat' dir='ltr'><strong>me</strong></span> <span class='ocrx_word' id='word_1_314' title='bbox 1397 2082 1546 2134; x_wconf 85' lang='lat' dir='ltr'><strong>pacem</strong></span> <span class='ocrx_word' id='word_1_315' title='bbox 1573 2076 1770 2119; x_wconf 80' lang='lat' dir='ltr'><strong>habeatis.</strong></span> 
     </span>
    </p>

    <p class='ocr_par' dir='ltr' id='par_1_12' title="bbox 122 2141 2091 3340">
     <span class='ocr_line' id='line_1_31' title="bbox 209 2141 2076 2201; baseline -0.001 -14"><span class='ocrx_word' id='word_1_316' title='bbox 209 2142 344 2188; x_wconf 88' lang='lat' dir='ltr'><strong>Tunc</strong></span> <span class='ocrx_word' id='word_1_317' title='bbox 362 2152 514 2186; x_wconf 87' lang='lat' dir='ltr'><strong>autern</strong></span> <span class='ocrx_word' id='word_1_318' title='bbox 531 2142 738 2186; x_wconf 85' lang='lat' dir='ltr'><strong>ordinata</strong></span> <span class='ocrx_word' id='word_1_319' title='bbox 765 2141 1012 2184; x_wconf 87' lang='lat' dir='ltr'><strong>concordia</strong></span> <span class='ocrx_word' id='word_1_320' title='bbox 1028 2141 1143 2184; x_wconf 89' lang='lat' dir='ltr'><strong>inter</strong></span> <span class='ocrx_word' id='word_1_321' title='bbox 1159 2141 1370 2184; x_wconf 88' lang='lat' dir='ltr'><strong>homines</strong></span> <span class='ocrx_word' id='word_1_322' title='bbox 1393 2152 1611 2195; x_wconf 82' lang='lat' dir='ltr'><strong>servatur,</strong></span> <span class='ocrx_word' id='word_1_323' title='bbox 1630 2142 1813 2200; x_wconf 87' lang='lat' dir='ltr'><strong>quando</strong></span> <span class='ocrx_word' id='word_1_324' title='bbox 1831 2142 2076 2201; x_wconf 88' lang='lat' dir='ltr'><strong>unicuique</strong></span> 
     </span>
     <span class='ocr_line' id='line_1_32' title="bbox 123 2207 2078 2270; baseline -0.002 -16"><span class='ocrx_word' id='word_1_325' title='bbox 123 2210 245 2270; x_wconf 92' lang='lat' dir='ltr'><strong>quod</strong></span> <span class='ocrx_word' id='word_1_326' title='bbox 272 2223 405 2254; x_wconf 89' lang='lat' dir='ltr'><strong>suum</strong></span> <span class='ocrx_word' id='word_1_327' title='bbox 435 2218 502 2253; x_wconf 89' lang='lat' dir='ltr'><strong>est</strong></span> <span class='ocrx_word' id='word_1_328' title='bbox 526 2209 740 2262; x_wconf 89' lang='lat' dir='ltr'><strong>redditur,</strong></span> <span class='ocrx_word' id='word_1_329' title='bbox 764 2208 885 2266; x_wconf 92' lang='lat' dir='ltr'><strong>quod</strong></span> <span class='ocrx_word' id='word_1_330' title='bbox 913 2218 980 2251; x_wconf 88' lang='lat' dir='ltr'><strong>est</strong></span> <span class='ocrx_word' id='word_1_331' title='bbox 1004 2207 1227 2266; x_wconf 81' lang='lat' dir='ltr'><strong>justitiae3</strong></span> <span class='ocrx_word' id='word_1_332' title='bbox 1251 2216 1295 2251; x_wconf 90' lang='lat' dir='ltr'><strong>et</strong></span> <span class='ocrx_word' id='word_1_333' title='bbox 1311 2208 1416 2251; x_wconf 92' lang='lat' dir='ltr'><strong>ideo</strong></span> <span class='ocrx_word' id='word_1_334' title='bbox 1435 2208 1597 2252; x_wconf 88' lang='lat' dir='ltr'><strong>dicitur</strong></span> <span class='ocrx_word' id='word_1_335' title='bbox 1623 2210 1729 2266; x_wconf 84' lang='lat' dir='ltr'><strong>(Isa.</strong></span> <span class='ocrx_word' id='word_1_336' title='bbox 1749 2208 1937 2253; x_wconf 89' lang='lat' dir='ltr'>XXXII.</span> <span class='ocrx_word' id='word_1_337' title='bbox 1967 2209 2078 2267; x_wconf 90' lang='lat'>17.):</span> 
     </span>
     <span class='ocr_line' id='line_1_33' title="bbox 126 2272 2079 2338; baseline -0.002 -16"><span class='ocrx_word' id='word_1_338' title='bbox 126 2276 445 2338; x_wconf 64' lang='lat' dir='ltr'><strong>Opusjasti&#39;tiae</strong></span> <span class='ocrx_word' id='word_1_339' title='bbox 464 2284 567 2335; x_wconf 88' lang='lat' dir='ltr'><strong>pax.</strong></span> <span class='ocrx_word' id='word_1_340' title='bbox 597 2275 815 2333; x_wconf 87' lang='lat' dir='ltr'><strong>Oportuit</strong></span> <span class='ocrx_word' id='word_1_341' title='bbox 835 2274 974 2332; x_wconf 87' lang='lat' dir='ltr'><strong>igitur</strong></span> <span class='ocrx_word' id='word_1_342' title='bbox 993 2285 1072 2332; x_wconf 90' lang='lat' dir='ltr'><strong>per</strong></span> <span class='ocrx_word' id='word_1_343' title='bbox 1092 2272 1245 2332; x_wconf 86' lang='lat' dir='ltr'><strong>legem</strong></span> <span class='ocrx_word' id='word_1_344' title='bbox 1263 2275 1467 2336; x_wconf 30' lang='lat' dir='ltr'><strong>&#39;divinam</strong></span> <span class='ocrx_word' id='word_1_345' title='bbox 1492 2275 1686 2332; x_wconf 80' lang='lat' dir='ltr'><strong>justitiae</strong></span> <span class='ocrx_word' id='word_1_346' title='bbox 1714 2286 1954 2335; x_wconf 83' lang='lat' dir='ltr'><strong>praecepta</strong></span> <span class='ocrx_word' id='word_1_347' title='bbox 1972 2275 2079 2332; x_wconf 87' lang='lat' dir='ltr'><strong>dari,</strong></span> 
     </span>
     <span class='ocr_line' id='line_1_34' title="bbox 122 2338 2082 2402; baseline -0.002 -14"><span class='ocrx_word' id='word_1_348' title='bbox 122 2344 511 2402; x_wconf 11' lang='lat' dir='ltr'><strong>nt&#39;vtunusquisque</strong></span> <span class='ocrx_word' id='word_1_349' title='bbox 532 2340 660 2385; x_wconf 85' lang='lat' dir='ltr'><strong>alteri</strong></span> <span class='ocrx_word' id='word_1_350' title='bbox 681 2338 889 2385; x_wconf 89' lang='lat' dir='ltr'><strong>redderet</strong></span> <span class='ocrx_word' id='word_1_351' title='bbox 914 2341 1037 2399; x_wconf 90' lang='lat' dir='ltr'><strong>quod</strong></span> <span class='ocrx_word' id='word_1_352' title='bbox 1063 2352 1197 2384; x_wconf 85' lang='lat' dir='ltr'><strong>suurn</strong></span> <span class='ocrx_word' id='word_1_353' title='bbox 1224 2350 1306 2395; x_wconf 90' lang='lat' dir='ltr'><strong>est,</strong></span> <span class='ocrx_word' id='word_1_354' title='bbox 1333 2351 1378 2385; x_wconf 91' lang='lat' dir='ltr'><strong>et</strong></span> <span class='ocrx_word' id='word_1_355' title='bbox 1410 2342 1651 2387; x_wconf 89' lang='lat' dir='ltr'><strong>abstineret</strong></span> <span class='ocrx_word' id='word_1_356' title='bbox 1677 2357 1702 2386; x_wconf 88' lang='lat' dir='ltr'><strong>a</strong></span> <span class='ocrx_word' id='word_1_357' title='bbox 1728 2345 2018 2387; x_wconf 85' lang='lat' dir='ltr'><strong>nocumentis</strong></span> <span class='ocrx_word' id='word_1_358' title='bbox 2039 2343 2082 2387; x_wconf 89' lang='lat' dir='ltr'><strong>ei</strong></span> 
     </span>
     <span class='ocr_line' id='line_1_35' title="bbox 126 2408 2082 2467; baseline 0 -12"><span class='ocrx_word' id='word_1_359' title='bbox 126 2409 383 2455; x_wconf 80' lang='lat' dir='ltr'><strong>inferendis.</strong></span> <span class='ocrx_word' id='word_1_360' title='bbox 416 2410 538 2454; x_wconf 77' lang='lat' dir='ltr'><strong>Inter</strong></span> <span class='ocrx_word' id='word_1_361' title='bbox 570 2409 784 2452; x_wconf 86' lang='lat' dir='ltr'><strong>homines</strong></span> <span class='ocrx_word' id='word_1_362' title='bbox 822 2417 974 2452; x_wconf 81' lang='lat' dir='ltr'><strong>autem</strong></span> <span class='ocrx_word' id='word_1_363' title='bbox 1007 2409 1206 2452; x_wconf 79' lang='lat' dir='ltr'><strong>maxime</strong></span> <span class='ocrx_word' id='word_1_364' title='bbox 1238 2419 1306 2452; x_wconf 86' lang='lat' dir='ltr'><strong>est</strong></span> <span class='ocrx_word' id='word_1_365' title='bbox 1338 2408 1498 2467; x_wconf 89' lang='lat' dir='ltr'><strong>aliquis</strong></span> <span class='ocrx_word' id='word_1_366' title='bbox 1526 2410 1784 2467; x_wconf 85' lang='lat' dir='ltr'><strong>parentibus</strong></span> <span class='ocrx_word' id='word_1_367' title='bbox 1812 2410 2011 2465; x_wconf 83' lang='lat' dir='ltr'><strong>debitor3</strong></span> <span class='ocrx_word' id='word_1_368' title='bbox 2039 2420 2082 2455; x_wconf 89' lang='lat' dir='ltr'><strong>et</strong></span> 
     </span>
     <span class='ocr_line' id='line_1_36' title="bbox 122 2474 2082 2536; baseline 0 -14"><span class='ocrx_word' id='word_1_369' title='bbox 122 2477 244 2531; x_wconf 54' lang='grc' dir='ltr'><strong>θεὸς</strong></span> <span class='ocrx_word' id='word_1_370' title='bbox 267 2477 385 2521; x_wconf 77' lang='lat' dir='ltr'><strong>inter</strong></span> <span class='ocrx_word' id='word_1_371' title='bbox 410 2485 649 2535; x_wconf 85' lang='lat' dir='ltr'><strong>praecepta</strong></span> <span class='ocrx_word' id='word_1_372' title='bbox 667 2474 797 2534; x_wconf 89' lang='lat' dir='ltr'><strong>legis,</strong></span> <span class='ocrx_word' id='word_1_373' title='bbox 815 2484 931 2533; x_wconf 85' lang='lat' dir='ltr'><strong>quae</strong></span> <span class='ocrx_word' id='word_1_374' title='bbox 957 2488 1042 2518; x_wconf 88' lang='lat' dir='ltr'><strong>nos</strong></span> <span class='ocrx_word' id='word_1_375' title='bbox 1061 2475 1116 2518; x_wconf 89' lang='lat' dir='ltr'><strong>ad</strong></span> <span class='ocrx_word' id='word_1_376' title='bbox 1140 2476 1399 2533; x_wconf 90' lang='lat' dir='ltr'><strong>proximum</strong></span> <span class='ocrx_word' id='word_1_377' title='bbox 1417 2476 1628 2520; x_wconf 88' lang='lat' dir='ltr'><strong>ordinant</strong></span> <span class='ocrx_word' id='word_1_378' title='bbox 1651 2477 1814 2534; x_wconf 87' lang='lat' dir='ltr'><strong>(Exod.</strong></span> <span class='ocrx_word' id='word_1_379' title='bbox 1840 2478 1941 2521; x_wconf 90' lang='lat' dir='ltr'><strong>XX.</strong></span> <span class='ocrx_word' id='word_1_380' title='bbox 1979 2477 2082 2536; x_wconf 87' lang='lat'>12.),</span> 
     </span>
     <span class='ocr_line' id='line_1_37' title="bbox 124 2542 2085 2605; baseline 0.001 -17"><span class='ocrx_word' id='word_1_381' title='bbox 124 2545 330 2605; x_wconf 89' lang='lat' dir='ltr'><strong>ponitur:</strong></span> <span class='ocrx_word' id='word_1_382' title='bbox 363 2543 544 2588; x_wconf 83' lang='lat' dir='ltr'><strong>Honora</strong></span> <span class='ocrx_word' id='word_1_383' title='bbox 569 2549 737 2602; x_wconf 87' lang='lat' dir='ltr'><strong>patrem</strong></span> <span class='ocrx_word' id='word_1_384' title='bbox 761 2548 878 2586; x_wconf 85' lang='lat' dir='ltr'><strong>tuum</strong></span> <span class='ocrx_word' id='word_1_385' title='bbox 899 2547 935 2584; x_wconf 90' lang='lat' dir='ltr'><strong>et</strong></span> <span class='ocrx_word' id='word_1_386' title='bbox 956 2548 1134 2585; x_wconf 88' lang='lat' dir='ltr'><strong>matrem</strong></span> <span class='ocrx_word' id='word_1_387' title='bbox 1162 2547 1301 2594; x_wconf 86' lang='lat' dir='ltr'><strong>tuam‚·</strong></span> <span class='ocrx_word' id='word_1_388' title='bbox 1329 2542 1375 2585; x_wconf 91' lang='lat' dir='ltr'><strong>in</strong></span> <span class='ocrx_word' id='word_1_389' title='bbox 1404 2557 1494 2601; x_wconf 93' lang='lat' dir='ltr'><strong>quo</strong></span> <span class='ocrx_word' id='word_1_390' title='bbox 1521 2543 1786 2602; x_wconf 87' lang='lat' dir='ltr'><strong>intelligitur</strong></span> <span class='ocrx_word' id='word_1_391' title='bbox 1811 2545 2010 2604; x_wconf 86' lang='lat' dir='ltr'><strong>praecipi</strong></span> <span class='ocrx_word' id='word_1_392' title='bbox 2035 2555 2085 2588; x_wconf 92' lang='lat' dir='ltr'><strong>ut</strong></span> 
     </span>
     <span class='ocr_line' id='line_1_38' title="bbox 124 2606 2085 2670; baseline 0 -15"><span class='ocrx_word' id='word_1_393' title='bbox 124 2620 220 2655; x_wconf 70' lang='lat' dir='ltr'><strong>tam</strong></span> <span class='ocrx_word' id='word_1_394' title='bbox 253 2609 514 2670; x_wconf 79' lang='lat' dir='ltr'><strong>parentibus</strong></span> <span class='ocrx_word' id='word_1_395' title='bbox 540 2620 679 2667; x_wconf 82' lang='lat' dir='ltr'><strong>quam</strong></span> <span class='ocrx_word' id='word_1_396' title='bbox 705 2608 844 2652; x_wconf 86' lang='lat' dir='ltr'><strong>etiam</strong></span> <span class='ocrx_word' id='word_1_397' title='bbox 876 2606 976 2651; x_wconf 87' lang='lat' dir='ltr'><strong>aliis</strong></span> <span class='ocrx_word' id='word_1_398' title='bbox 1001 2608 1310 2666; x_wconf 85' lang='lat' dir='ltr'><strong>unusquisque</strong></span> <span class='ocrx_word' id='word_1_399' title='bbox 1331 2609 1490 2653; x_wconf 88' lang='lat' dir='ltr'><strong>reddat</strong></span> <span class='ocrx_word' id='word_1_400' title='bbox 1513 2610 1634 2668; x_wconf 90' lang='lat' dir='ltr'><strong>quod</strong></span> <span class='ocrx_word' id='word_1_401' title='bbox 1661 2611 1806 2665; x_wconf 85' lang='lat' dir='ltr'><strong>debet,</strong></span> <span class='ocrx_word' id='word_1_402' title='bbox 1833 2610 2085 2655; x_wconf 90' lang='lat' dir='ltr'><strong>secundum</strong></span> 
     </span>
     <span class='ocr_line' id='line_1_39' title="bbox 127 2674 2085 2737; baseline 0 -15"><span class='ocrx_word' id='word_1_403' title='bbox 127 2676 242 2722; x_wconf 64' lang='lat' dir='ltr'><strong>mad</strong></span> <span class='ocrx_word' id='word_1_404' title='bbox 274 2676 435 2734; x_wconf 85' lang='lat' dir='ltr'><strong>(Rom.</strong></span> <span class='ocrx_word' id='word_1_405' title='bbox 460 2676 587 2719; x_wconf 90' lang='lat' dir='ltr'>XIII.</span> <span class='ocrx_word' id='word_1_406' title='bbox 621 2675 705 2732; x_wconf 82' lang='lat'><strong>7.):</strong></span> <span class='ocrx_word' id='word_1_407' title='bbox 744 2674 912 2719; x_wconf 83' lang='lat' dir='ltr'><strong>Reddite</strong></span> <span class='ocrx_word' id='word_1_408' title='bbox 943 2675 1134 2718; x_wconf 74' lang='lat' dir='ltr'><strong>omnibus</strong></span> <span class='ocrx_word' id='word_1_409' title='bbox 1166 2674 1312 2718; x_wconf 85' lang='lat' dir='ltr'><strong>debita.</strong></span> <span class='ocrx_word' id='word_1_410' title='bbox 1356 2675 1534 2719; x_wconf 90' lang='lat' dir='ltr'><strong>Deinde</strong></span> <span class='ocrx_word' id='word_1_411' title='bbox 1572 2687 1803 2735; x_wconf 88' lang='lat' dir='ltr'><strong>ponuntur</strong></span> <span class='ocrx_word' id='word_1_412' title='bbox 1844 2688 2085 2737; x_wconf 88' lang='lat' dir='ltr'><strong>praecepta</strong></span> 
     </span>
     <span class='ocr_line' id='line_1_40' title="bbox 129 2745 2086 2808; baseline 0.001 -17"><span class='ocrx_word' id='word_1_413' title='bbox 129 2747 294 2806; x_wconf 70' lang='lat' dir='ltr'><strong>quibus</strong></span> <span class='ocrx_word' id='word_1_414' title='bbox 306 2746 580 2807; x_wconf 80' lang='lat' dir='ltr'><strong>praecipitur</strong></span> <span class='ocrx_word' id='word_1_415' title='bbox 597 2745 915 2789; x_wconf 84' lang='lat' dir='ltr'><strong>abstinendum</strong></span> <span class='ocrx_word' id='word_1_416' title='bbox 928 2758 1027 2788; x_wconf 89' lang='lat' dir='ltr'><strong>esse</strong></span> <span class='ocrx_word' id='word_1_417' title='bbox 1041 2759 1065 2788; x_wconf 92' lang='lat' dir='ltr'><strong>a</strong></span> <span class='ocrx_word' id='word_1_418' title='bbox 1078 2746 1367 2790; x_wconf 84' lang='lat' dir='ltr'><strong>nocumentis</strong></span> <span class='ocrx_word' id='word_1_419' title='bbox 1384 2747 1592 2804; x_wconf 86' lang='lat' dir='ltr'><strong>proximo</strong></span> <span class='ocrx_word' id='word_1_420' title='bbox 1606 2746 1865 2802; x_wconf 88' lang='lat' dir='ltr'><strong>inferendis,</strong></span> <span class='ocrx_word' id='word_1_421' title='bbox 1879 2759 1928 2792; x_wconf 92' lang='lat' dir='ltr'><strong>ut</strong></span> <span class='ocrx_word' id='word_1_422' title='bbox 1937 2762 2086 2808; x_wconf 91' lang='lat' dir='ltr'><strong>neque</strong></span> 
     </span>
     <span class='ocr_line' id='line_1_41' title="bbox 130 2810 2083 2874; baseline 0 -15"><span class='ocrx_word' id='word_1_423' title='bbox 130 2810 261 2859; x_wconf 74' lang='lat' dir='ltr'><strong>sactis</strong></span> <span class='ocrx_word' id='word_1_424' title='bbox 286 2812 392 2858; x_wconf 81' lang='lat' dir='ltr'><strong>eum</strong></span> <span class='ocrx_word' id='word_1_425' title='bbox 417 2813 705 2858; x_wconf 84' lang='lat' dir='ltr'><strong>offendamus</strong></span> <span class='ocrx_word' id='word_1_426' title='bbox 728 2812 773 2856; x_wconf 88' lang='lat' dir='ltr'><strong>in</strong></span> <span class='ocrx_word' id='word_1_427' title='bbox 791 2824 986 2871; x_wconf 84' lang='lat' dir='ltr'><strong>persona</strong></span> <span class='ocrx_word' id='word_1_428' title='bbox 1004 2811 1198 2871; x_wconf 85' lang='lat' dir='ltr'><strong>propria,</strong></span> <span class='ocrx_word' id='word_1_429' title='bbox 1222 2813 1327 2871; x_wconf 85' lang='lat' dir='ltr'><strong>quia</strong></span> <span class='ocrx_word' id='word_1_430' title='bbox 1355 2813 1527 2857; x_wconf 89' lang='lat' dir='ltr'><strong>dictum</strong></span> <span class='ocrx_word' id='word_1_431' title='bbox 1551 2823 1618 2857; x_wconf 91' lang='lat' dir='ltr'><strong>est</strong></span> <span class='ocrx_word' id='word_1_432' title='bbox 1645 2813 1808 2871; x_wconf 85' lang='lat' dir='ltr'><strong>(Exod.</strong></span> <span class='ocrx_word' id='word_1_433' title='bbox 1837 2814 1938 2859; x_wconf 92' lang='lat' dir='ltr'><strong>XX.</strong></span> <span class='ocrx_word' id='word_1_434' title='bbox 1973 2814 2083 2874; x_wconf 82' lang='lat'>13.):</span> 
     </span>
     <span class='ocr_line' id='line_1_42' title="bbox 134 2879 2088 2939; baseline 0 -13"><span class='ocrx_word' id='word_1_435' title='bbox 134 2882 232 2927; x_wconf 84' lang='lat' dir='ltr'><strong>Non</strong></span> <span class='ocrx_word' id='word_1_436' title='bbox 254 2880 408 2926; x_wconf 83' lang='lat' dir='ltr'><strong>occides</strong></span> <span class='ocrx_word' id='word_1_437' title='bbox 418 2896 435 2932; x_wconf 90' lang='lat'><strong>,·</strong></span> <span class='ocrx_word' id='word_1_438' title='bbox 457 2893 604 2939; x_wconf 90' lang='lat' dir='ltr'><strong>neque</strong></span> <span class='ocrx_word' id='word_1_439' title='bbox 630 2879 677 2923; x_wconf 90' lang='lat' dir='ltr'><strong>in</strong></span> <span class='ocrx_word' id='word_1_440' title='bbox 699 2892 894 2938; x_wconf 87' lang='lat' dir='ltr'><strong>persona</strong></span> <span class='ocrx_word' id='word_1_441' title='bbox 921 2879 1179 2935; x_wconf 84' lang='lat' dir='ltr'><strong>conjuncta,</strong></span> <span class='ocrx_word' id='word_1_442' title='bbox 1206 2879 1312 2938; x_wconf 90' lang='lat' dir='ltr'><strong>quia</strong></span> <span class='ocrx_word' id='word_1_443' title='bbox 1339 2880 1558 2937; x_wconf 88' lang='lat' dir='ltr'><strong>scriptum</strong></span> <span class='ocrx_word' id='word_1_444' title='bbox 1586 2891 1653 2924; x_wconf 87' lang='lat' dir='ltr'><strong>est</strong></span> <span class='ocrx_word' id='word_1_445' title='bbox 1685 2881 1811 2937; x_wconf 82' lang='lat' dir='ltr'><strong>(ibid.</strong></span> <span class='ocrx_word' id='word_1_446' title='bbox 1843 2881 1954 2938; x_wconf 90' lang='lat'>14.):</span> <span class='ocrx_word' id='word_1_447' title='bbox 1989 2882 2088 2927; x_wconf 88' lang='lat' dir='ltr'><strong>Non</strong></span> 
     </span>
     <span class='ocr_line' id='line_1_43' title="bbox 132 2945 2087 3007; baseline 0 -15"><span class='ocrx_word' id='word_1_448' title='bbox 132 2947 438 2995; x_wconf 63' lang='lat' dir='ltr'><strong>moechaberise</strong></span> <span class='ocrx_word' id='word_1_449' title='bbox 464 2954 612 3004; x_wconf 81' lang='lat' dir='ltr'><strong>neque</strong></span> <span class='ocrx_word' id='word_1_450' title='bbox 638 2945 776 2989; x_wconf 88' lang='lat' dir='ltr'><strong>etiarn</strong></span> <span class='ocrx_word' id='word_1_451' title='bbox 804 2945 849 2987; x_wconf 88' lang='lat' dir='ltr'><strong>in</strong></span> <span class='ocrx_word' id='word_1_452' title='bbox 877 2945 1171 2988; x_wconf 86' lang='lat' dir='ltr'><strong>exterioribus</strong></span> <span class='ocrx_word' id='word_1_453' title='bbox 1195 2946 1342 2999; x_wconf 80' lang='lat' dir='ltr'><strong>rebus,</strong></span> <span class='ocrx_word' id='word_1_454' title='bbox 1369 2945 1475 3004; x_wconf 89' lang='lat' dir='ltr'><strong>quia</strong></span> <span class='ocrx_word' id='word_1_455' title='bbox 1493 2946 1709 3005; x_wconf 88' lang='lat' dir='ltr'><strong>scriptum</strong></span> <span class='ocrx_word' id='word_1_456' title='bbox 1727 2957 1795 2991; x_wconf 90' lang='lat' dir='ltr'><strong>est</strong></span> <span class='ocrx_word' id='word_1_457' title='bbox 1820 2946 1946 3006; x_wconf 88' lang='lat' dir='ltr'><strong>(ibid.</strong></span> <span class='ocrx_word' id='word_1_458' title='bbox 1973 2948 2087 3007; x_wconf 88' lang='lat'>13.):</span> 
     </span>
     <span class='ocr_line' id='line_1_44' title="bbox 135 3012 2088 3073; baseline 0 -14"><span class='ocrx_word' id='word_1_459' title='bbox 135 3014 234 3059; x_wconf 82' lang='lat' dir='ltr'><strong>Non</strong></span> <span class='ocrx_word' id='word_1_460' title='bbox 248 3015 417 3073; x_wconf 79' lang='lat' dir='ltr'><strong>furtum</strong></span> <span class='ocrx_word' id='word_1_461' title='bbox 446 3014 571 3070; x_wconf 75' lang='lat' dir='ltr'><strong>facies</strong></span> <span class='ocrx_word' id='word_1_462' title='bbox 582 3026 601 3070; x_wconf 77' lang='lat'><strong>,-</strong></span> <span class='ocrx_word' id='word_1_463' title='bbox 642 3012 938 3072; x_wconf 87' lang='lat' dir='ltr'><strong>prohibemur</strong></span> <span class='ocrx_word' id='word_1_464' title='bbox 970 3012 1108 3055; x_wconf 88' lang='lat' dir='ltr'><strong>etiam</strong></span> <span class='ocrx_word' id='word_1_465' title='bbox 1140 3024 1196 3055; x_wconf 90' lang='lat' dir='ltr'><strong>ne</strong></span> <span class='ocrx_word' id='word_1_466' title='bbox 1231 3021 1389 3056; x_wconf 87' lang='lat' dir='ltr'><strong>contra</strong></span> <span class='ocrx_word' id='word_1_467' title='bbox 1420 3013 1638 3070; x_wconf 85' lang='lat' dir='ltr'><strong>justitiam</strong></span> <span class='ocrx_word' id='word_1_468' title='bbox 1665 3015 1922 3073; x_wconf 88' lang='lat' dir='ltr'><strong>proximum</strong></span> <span class='ocrx_word' id='word_1_469' title='bbox 1948 3015 2088 3059; x_wconf 88' lang='lat' dir='ltr'><strong>verbo</strong></span> 
     </span>
     <span class='ocr_line' id='line_1_45' title="bbox 136 3077 2091 3140; baseline 0.001 -15"><span class='ocrx_word' id='word_1_470' title='bbox 136 3080 438 3134; x_wconf 80' lang='lat' dir='ltr'><strong>offendamus,</strong></span> <span class='ocrx_word' id='word_1_471' title='bbox 463 3080 568 3139; x_wconf 88' lang='lat' dir='ltr'><strong>quia</strong></span> <span class='ocrx_word' id='word_1_472' title='bbox 591 3079 806 3138; x_wconf 80' lang='lat' dir='ltr'><strong>scriptum</strong></span> <span class='ocrx_word' id='word_1_473' title='bbox 836 3086 903 3122; x_wconf 90' lang='lat' dir='ltr'><strong>est</strong></span> <span class='ocrx_word' id='word_1_474' title='bbox 930 3078 1057 3134; x_wconf 87' lang='lat' dir='ltr'><strong>(ibid.</strong></span> <span class='ocrx_word' id='word_1_475' title='bbox 1087 3077 1198 3135; x_wconf 87' lang='lat'>16.):</span> <span class='ocrx_word' id='word_1_476' title='bbox 1222 3078 1320 3123; x_wconf 89' lang='lat' dir='ltr'><strong>Non</strong></span> <span class='ocrx_word' id='word_1_477' title='bbox 1342 3079 1519 3138; x_wconf 81' lang='lat' dir='ltr'><strong>loqueris</strong></span> <span class='ocrx_word' id='word_1_478' title='bbox 1541 3086 1686 3124; x_wconf 86' lang='lat' dir='ltr'><strong>contra</strong></span> <span class='ocrx_word' id='word_1_479' title='bbox 1705 3081 1952 3140; x_wconf 81' lang='lat' dir='ltr'><strong>proximum</strong></span> <span class='ocrx_word' id='word_1_480' title='bbox 1974 3088 2091 3126; x_wconf 82' lang='lat' dir='ltr'><strong>tuum</strong></span> 
     </span>
     <span class='ocr_line' id='line_1_46' title="bbox 136 3143 2090 3206; baseline 0 -14"><span class='ocrx_word' id='word_1_481' title='bbox 136 3143 288 3206; x_wconf 75' lang='lat' dir='ltr'><strong>falsum</strong></span> <span class='ocrx_word' id='word_1_482' title='bbox 316 3148 606 3192; x_wconf 73' lang='lat' dir='ltr'><strong>testimonium.</strong></span> <span class='ocrx_word' id='word_1_483' title='bbox 633 3146 703 3200; x_wconf 89' lang='lat' dir='ltr'><strong>Et,</strong></span> <span class='ocrx_word' id='word_1_484' title='bbox 728 3145 834 3204; x_wconf 89' lang='lat' dir='ltr'><strong>quia</strong></span> <span class='ocrx_word' id='word_1_485' title='bbox 859 3145 985 3189; x_wconf 88' lang='lat' dir='ltr'><strong>Deus</strong></span> <span class='ocrx_word' id='word_1_486' title='bbox 1019 3145 1158 3189; x_wconf 87' lang='lat' dir='ltr'><strong>etiam</strong></span> <span class='ocrx_word' id='word_1_487' title='bbox 1191 3145 1399 3188; x_wconf 89' lang='lat' dir='ltr'><strong>cordium</strong></span> <span class='ocrx_word' id='word_1_488' title='bbox 1437 3146 1571 3203; x_wconf 83' lang='lat' dir='ltr'><strong>judex</strong></span> <span class='ocrx_word' id='word_1_489' title='bbox 1591 3148 1679 3199; x_wconf 85' lang='lat' dir='ltr'><strong>est,</strong></span> <span class='ocrx_word' id='word_1_490' title='bbox 1711 3146 2008 3206; x_wconf 83' lang='lat' dir='ltr'><strong>prohibemur</strong></span> <span class='ocrx_word' id='word_1_491' title='bbox 2032 3160 2090 3192; x_wconf 86' lang='lat' dir='ltr'><strong>ne</strong></span> 
     </span>
     <span class='ocr_line' id='line_1_47' title="bbox 137 3211 2090 3274; baseline 0.001 -15"><span class='ocrx_word' id='word_1_492' title='bbox 137 3214 275 3259; x_wconf 86' lang='lat' dir='ltr'><strong>corde</strong></span> <span class='ocrx_word' id='word_1_493' title='bbox 307 3213 566 3273; x_wconf 78' lang='lat' dir='ltr'><strong>proximum</strong></span> <span class='ocrx_word' id='word_1_494' title='bbox 603 3212 905 3266; x_wconf 85' lang='lat' dir='ltr'><strong>offendamus,</strong></span> <span class='ocrx_word' id='word_1_495' title='bbox 939 3212 1308 3271; x_wconf 86' lang='lat' dir='ltr'><strong>concupiscendo</strong></span> <span class='ocrx_word' id='word_1_496' title='bbox 1346 3211 1519 3257; x_wconf 85' lang='lat' dir='ltr'><strong>scilicet</strong></span> <span class='ocrx_word' id='word_1_497' title='bbox 1552 3227 1741 3258; x_wconf 87' lang='lat' dir='ltr'><strong>uxorem</strong></span> <span class='ocrx_word' id='word_1_498' title='bbox 1779 3225 1856 3258; x_wconf 88' lang='lat' dir='ltr'><strong>aut</strong></span> <span class='ocrx_word' id='word_1_499' title='bbox 1890 3213 2090 3274; x_wconf 88' lang='lat' dir='ltr'><strong>aliquam</strong></span> 
     </span>
     <span class='ocr_line' id='line_1_48' title="bbox 138 3282 742 3340; baseline -0.005 -13"><span class='ocrx_word' id='word_1_500' title='bbox 138 3292 235 3327; x_wconf 86' lang='lat' dir='ltr'><strong>rem</strong></span> <span class='ocrx_word' id='word_1_501' title='bbox 259 3282 369 3340; x_wconf 85' lang='lat' dir='ltr'><strong>ejus.</strong></span> <span class='ocrx_word' id='word_1_502' title='bbox 725 3307 742 3317; x_wconf 71' lang='lat'><strong>.</strong></span> 
     </span>
    </p>

    <p class='ocr_par' dir='ltr' id='par_1_13' title="bbox 140 3340 2096 3677">
     <span class='ocr_line' id='line_1_49' title="bbox 228 3340 2091 3406; baseline 0.001 -14"><span class='ocrx_word' id='word_1_503' title='bbox 228 3348 301 3392; x_wconf 85' lang='lat' dir='ltr'><strong>Ad</strong></span> <span class='ocrx_word' id='word_1_504' title='bbox 328 3346 591 3405; x_wconf 83' lang='lat' dir='ltr'><strong>hujusmodi</strong></span> <span class='ocrx_word' id='word_1_505' title='bbox 612 3354 766 3389; x_wconf 84' lang='lat' dir='ltr'><strong>autern</strong></span> <span class='ocrx_word' id='word_1_506' title='bbox 792 3344 1007 3403; x_wconf 81' lang='lat' dir='ltr'><strong>justitiam</strong></span> <span class='ocrx_word' id='word_1_507' title='bbox 1042 3344 1392 3399; x_wconf 87' lang='lat' dir='ltr'><strong>observandam,</strong></span> <span class='ocrx_word' id='word_1_508' title='bbox 1419 3340 1534 3405; x_wconf 86' lang='lat' dir='ltr'><strong>quae</strong></span> <span class='ocrx_word' id='word_1_509' title='bbox 1567 3346 1668 3406; x_wconf 89' lang='lat' dir='ltr'><strong>lege</strong></span> <span class='ocrx_word' id='word_1_510' title='bbox 1692 3347 1843 3392; x_wconf 86' lang='lat' dir='ltr'><strong>divina</strong></span> <span class='ocrx_word' id='word_1_511' title='bbox 1869 3350 2091 3404; x_wconf 87' lang='lat' dir='ltr'><strong>statuitur,</strong></span> 
     </span>
     <span class='ocr_line' id='line_1_50' title="bbox 140 3411 2092 3475; baseline 0.001 -16"><span class='ocrx_word' id='word_1_512' title='bbox 140 3414 375 3475; x_wconf 88' lang='lat' dir='ltr'><strong>dupliciter</strong></span> <span class='ocrx_word' id='word_1_513' title='bbox 401 3414 545 3458; x_wconf 89' lang='lat' dir='ltr'><strong>homo</strong></span> <span class='ocrx_word' id='word_1_514' title='bbox 571 3411 835 3456; x_wconf 89' lang='lat' dir='ltr'><strong>inclinatur:</strong></span> <span class='ocrx_word' id='word_1_515' title='bbox 864 3426 954 3456; x_wconf 92' lang='lat' dir='ltr'><strong>uno</strong></span> <span class='ocrx_word' id='word_1_516' title='bbox 983 3412 1139 3466; x_wconf 90' lang='lat' dir='ltr'><strong>m0d0‚</strong></span> <span class='ocrx_word' id='word_1_517' title='bbox 1167 3413 1220 3455; x_wconf 91' lang='lat' dir='ltr'><strong>ab</strong></span> <span class='ocrx_word' id='word_1_518' title='bbox 1244 3413 1467 3467; x_wconf 84' lang='lat' dir='ltr'><strong>interiori3</strong></span> <span class='ocrx_word' id='word_1_519' title='bbox 1495 3413 1585 3457; x_wconf 83' lang='lat' dir='ltr'><strong>ali0</strong></span> <span class='ocrx_word' id='word_1_520' title='bbox 1605 3414 1759 3467; x_wconf 87' lang='lat' dir='ltr'><strong>modo,</strong></span> <span class='ocrx_word' id='word_1_521' title='bbox 1787 3415 1840 3459; x_wconf 86' lang='lat' dir='ltr'><strong>ab</strong></span> <span class='ocrx_word' id='word_1_522' title='bbox 1869 3417 2092 3460; x_wconf 87' lang='lat' dir='ltr'><strong>exteriori.</strong></span> 
     </span>
     <span class='ocr_line' id='line_1_51' title="bbox 141 3478 2092 3543; baseline 0.001 -17"><span class='ocrx_word' id='word_1_523' title='bbox 141 3481 214 3526; x_wconf 75' lang='lat' dir='ltr'><strong>Ab</strong></span> <span class='ocrx_word' id='word_1_524' title='bbox 239 3479 446 3526; x_wconf 85' lang='lat' dir='ltr'><strong>interiori</strong></span> <span class='ocrx_word' id='word_1_525' title='bbox 477 3479 677 3540; x_wconf 87' lang='lat' dir='ltr'><strong>quidem,</strong></span> <span class='ocrx_word' id='word_1_526' title='bbox 708 3478 818 3522; x_wconf 88' lang='lat' dir='ltr'><strong>dum</strong></span> <span class='ocrx_word' id='word_1_527' title='bbox 854 3478 999 3523; x_wconf 88' lang='lat' dir='ltr'><strong>homo</strong></span> <span class='ocrx_word' id='word_1_528' title='bbox 1031 3479 1313 3524; x_wconf 91' lang='lat' dir='ltr'><strong>voluntarius</strong></span> <span class='ocrx_word' id='word_1_529' title='bbox 1346 3489 1413 3524; x_wconf 89' lang='lat' dir='ltr'><strong>est</strong></span> <span class='ocrx_word' id='word_1_530' title='bbox 1446 3481 1500 3524; x_wconf 91' lang='lat' dir='ltr'><strong>ad</strong></span> <span class='ocrx_word' id='word_1_531' title='bbox 1534 3481 1869 3527; x_wconf 85' lang='lat' dir='ltr'><strong>observandum</strong></span> <span class='ocrx_word' id='word_1_532' title='bbox 1896 3497 1950 3528; x_wconf 87' lang='lat' dir='ltr'><strong>ea</strong></span> <span class='ocrx_word' id='word_1_533' title='bbox 1976 3498 2092 3543; x_wconf 88' lang='lat' dir='ltr'><strong>quae</strong></span> 
     </span>
     <span class='ocr_line' id='line_1_52' title="bbox 141 3544 2096 3608; baseline 0.002 -17"><span class='ocrx_word' id='word_1_534' title='bbox 141 3547 362 3608; x_wconf 81' lang='lat' dir='ltr'><strong>praecipit</strong></span> <span class='ocrx_word' id='word_1_535' title='bbox 395 3544 466 3592; x_wconf 88' lang='lat' dir='ltr'><strong>lex</strong></span> <span class='ocrx_word' id='word_1_536' title='bbox 507 3546 682 3600; x_wconf 82' lang='lat' dir='ltr'><strong>divina3</strong></span> <span class='ocrx_word' id='word_1_537' title='bbox 714 3545 836 3604; x_wconf 91' lang='lat' dir='ltr'><strong>quod</strong></span> <span class='ocrx_word' id='word_1_538' title='bbox 877 3544 1063 3604; x_wconf 82' lang='lat' dir='ltr'><strong>quidem</strong></span> <span class='ocrx_word' id='word_1_539' title='bbox 1101 3545 1151 3590; x_wconf 89' lang='lat' dir='ltr'><strong>fit</strong></span> <span class='ocrx_word' id='word_1_540' title='bbox 1190 3559 1270 3605; x_wconf 88' lang='lat' dir='ltr'><strong>per</strong></span> <span class='ocrx_word' id='word_1_541' title='bbox 1302 3559 1509 3591; x_wconf 88' lang='lat' dir='ltr'><strong>amorem</strong></span> <span class='ocrx_word' id='word_1_542' title='bbox 1541 3548 1742 3593; x_wconf 88' lang='lat' dir='ltr'><strong>hominis</strong></span> <span class='ocrx_word' id='word_1_543' title='bbox 1776 3549 1830 3593; x_wconf 91' lang='lat' dir='ltr'><strong>ad</strong></span> <span class='ocrx_word' id='word_1_544' title='bbox 1864 3549 2017 3595; x_wconf 86' lang='lat' dir='ltr'><strong>Deum</strong></span> <span class='ocrx_word' id='word_1_545' title='bbox 2051 3551 2096 3595; x_wconf 80' lang='lat' dir='ltr'><strong>et</strong></span> 
     </span>
     <span class='ocr_line' id='line_1_53' title="bbox 142 3606 2095 3677; baseline 0.002 -17"><span class='ocrx_word' id='word_1_546' title='bbox 142 3615 425 3677; x_wconf 69' lang='lat' dir='ltr'><strong>proximum3</strong></span> <span class='ocrx_word' id='word_1_547' title='bbox 451 3612 529 3674; x_wconf 89' lang='lat' dir='ltr'><strong>qui</strong></span> <span class='ocrx_word' id='word_1_548' title='bbox 544 3613 684 3659; x_wconf 83' lang='lat' dir='ltr'><strong>-enirn</strong></span> <span class='ocrx_word' id='word_1_549' title='bbox 709 3611 857 3672; x_wconf 90' lang='lat' dir='ltr'><strong>diligit</strong></span> <span class='ocrx_word' id='word_1_550' title='bbox 881 3609 1096 3672; x_wconf 80' lang='lat' dir='ltr'><strong>aliquem,</strong></span> <span class='ocrx_word' id='word_1_551' title='bbox 1122 3622 1284 3674; x_wconf 85' lang='lat' dir='ltr'><strong>sponte</strong></span> <span class='ocrx_word' id='word_1_552' title='bbox 1311 3623 1356 3660; x_wconf 88' lang='lat' dir='ltr'><strong>et</strong></span> <span class='ocrx_word' id='word_1_553' title='bbox 1381 3613 1707 3661; x_wconf 88' lang='lat' dir='ltr'><strong>delectabiliter</strong></span> <span class='ocrx_word' id='word_1_554' title='bbox 1733 3616 1775 3661; x_wconf 90' lang='lat' dir='ltr'><strong>ei</strong></span> <span class='ocrx_word' id='word_1_555' title='bbox 1800 3606 1948 3662; x_wconf 80' lang='lat' dir='ltr'><strong>reddit</strong></span> <span class='ocrx_word' id='word_1_556' title='bbox 1971 3617 2095 3676; x_wconf 86' lang='lat' dir='ltr'><strong>quod</strong></span> 
     </span>
    </p>
   </div>
   <div class='ocr_carea' id='block_1_9' title="bbox 276 3708 1958 3764">
    <p class='ocr_par' dir='ltr' id='par_1_14' title="bbox 276 3708 1958 3764">
     <span class='ocr_line' id='line_1_54' title="bbox 276 3708 1958 3764; baseline -0.005 -9"><span class='ocrx_word' id='word_1_557' title='bbox 276 3718 314 3755; x_wconf 87' lang='lat' dir='ltr'><strong>S.</strong></span> <span class='ocrx_word' id='word_1_558' title='bbox 341 3718 495 3755; x_wconf 72' lang='lat' dir='ltr'><strong>’raom</strong></span> <span class='ocrx_word' id='word_1_559' title='bbox 523 3708 657 3755; x_wconf 64' lang='lat' dir='ltr'><strong>Surnma</strong></span> <span class='ocrx_word' id='word_1_560' title='bbox 683 3723 791 3753; x_wconf 73' lang='lat' dir='ltr'><strong>contra</strong></span> <span class='ocrx_word' id='word_1_561' title='bbox 820 3715 974 3751; x_wconf 80' lang='lat' dir='ltr'><strong>Gentiles.</strong></span> <span class='ocrx_word' id='word_1_562' title='bbox 1921 3730 1958 3764; x_wconf 81' lang='lat'><strong>3¹</strong></span> 
     </span>
    </p>
   </div>
  </div>
 </body>
</html>
