2332 3854
802 227 954 267 LIBER
994 226 1072 266 111.
1113 227 1234 266 CAP.
1276 226 1437 266 Lxxv.
1993 229 2096 284 395

148 326 327 386 duntur,
352 341 470 387 quae
494 327 542 372 in
566 327 657 373 hoc
684 329 932 374 consistere
962 328 1154 383 videtur,
1182 328 1305 389 quod
1330 342 1410 388 per
1432 326 1717 373 intellectum
1747 326 1898 387 aliqua
1925 327 2102 387 dispen-

146 404 315 441 sentur.
341 393 536 440 Divinae
557 407 667 453 ergo
688 394 1000 453 providentiae
1017 395 1267 441 subduntur
1293 409 1347 440 ea
1372 408 1488 455 quae
1512 394 1566 439 ab
1591 396 1690 454 ipso
1710 404 1920 452 aguntur.
1939 395 2104 439 Osten-

148 474 252 516 sum
277 470 344 506 est
369 470 522 505 autem
546 474 681 520 supra
703 461 763 517 (c.
783 461 890 519 70.),
908 462 1028 520 quod
1047 462 1172 507 Deus
1190 472 1404 521 operatur
1418 461 1466 506 in
1485 461 1697 506 omnibus
1711 461 1858 504 causis
1877 461 2101 514 secundis,

149 538 194 574 et
218 541 380 572 omnes
395 542 552 573 rerum
571 526 759 572 effectus
783 529 1057 572 reducuntur
1082 529 1128 573 in
1153 529 1308 585 Deum
1334 529 1448 573 sicut
1474 529 1519 572 in
1539 541 1740 572 causam.
1759 526 1815 571 Et
1831 527 1895 572 sic
1919 536 2101 586 oportet

20 600 21 604 ’
83 605 90 611 ’
148 594 271 653 quod
296 608 349 638 ea
375 607 490 653 quae
514 594 561 638 in
587 594 682 639 istis
703 593 1005 653 singularibus
1034 605 1229 653 aguntur
1253 596 1342 640 sint
1367 596 1482 641 sicut
1496 595 1635 654 ipsius
1653 608 1806 652 opera.
1828 593 1970 652 Igitur
1986 594 2101 637 haec

146 659 408 719 singularia,
435 670 479 706 et
503 670 671 715 motus,
697 670 742 705 et
766 661 1054 720 operationes
1080 662 1285 721 ipsorum
1305 662 1484 707 divinae
1509 659 1821 721 providentiae
1853 660 2101 718 subjacent.

234 727 496 772 Praeterea:
522 726 658 771 stulta
683 737 752 771 est
774 727 1059 786 providentia
1086 727 1276 786 alicujus
1299 728 1376 787 qui
1400 742 1495 772 non
1522 738 1649 772 curat
1674 741 1727 772 ea
1744 726 1842 772 sine
1859 726 2020 782 quibus
2043 739 2097 771 ea

147 806 264 852 quae
295 803 424 838 curat
454 806 554 838 esse
579 807 674 838 non
699 803 912 852 possunt:
941 803 1119 839 constat
1146 804 1315 848 autem,
1342 794 1465 853 quod
1486 794 1526 839 si
1553 794 1709 838 omnia
1736 793 1981 850 deficerent
1998 806 2098 852 ,par-

145 858 366 914 ticularia,
392 859 665 904 universalia
690 874 924 904 remanere
957 874 1050 904 non
1084 871 1281 919 possent.
1312 861 1361 905 Si
1391 861 1530 920 igitur
1555 861 1681 905 Deus
1707 857 1981 905 universalia
2006 869 2105 903 tan-

145 934 245 981 tum
270 935 410 980 curat,
437 925 683 983 singularia
707 940 817 970 vero
844 926 928 971 ista
952 926 1142 971 omnino
1176 926 1463 987 derelinquit,
1489 926 1626 973 stulta
1654 935 1697 972 et
1721 925 1988 987 imperfecta
2020 926 2103 971 erit

147 992 242 1051 ejus
267 992 564 1051 providentia.

145 1106 152 1113 ,
234 1058 285 1103 si
311 1067 463 1103 autem
489 1058 610 1114 dicat
630 1058 806 1118 aliquis,
824 1058 946 1118 quod
964 1059 1133 1103 horum
1150 1059 1451 1119 singularium
1473 1061 1598 1105 Deus
1624 1074 1781 1105 curam
1803 1059 1943 1105 habet
1959 1072 2102 1118 usque

144 1123 205 1170 ad
227 1124 335 1180 hoc,
361 1125 483 1184 quod
510 1136 835 1170 conserventur
860 1125 907 1169 in
933 1139 1046 1179 esse,
1068 1140 1163 1170 non
1181 1137 1335 1171 autem
1352 1136 1574 1187 quantum
1593 1127 1648 1171 ad
1669 1125 1771 1181 alia,
1793 1125 1884 1171 hoc
1909 1126 2101 1170 omnino

143 1204 245 1247 esse
269 1205 365 1239 non
389 1202 551 1251 potest.
578 1191 701 1237 Nam
727 1192 884 1236 omnia
912 1191 1001 1236 alia
1027 1207 1142 1251 quae
1171 1193 1293 1238 circa
1320 1193 1569 1253 singularia
1597 1193 1822 1247 accidunt,
1850 1193 1906 1237 ad
1939 1206 2103 1238 eorum

144 1259 542 1314 conservationem
573 1258 647 1303 vel
689 1259 1028 1318 corruptionem
1070 1259 1348 1304 ordinantur.
1383 1260 1433 1304 Si
1465 1274 1575 1318 ergo
1612 1260 1738 1304 Deus
1774 1259 1913 1304 habet
1945 1273 2102 1303 curam

142 1324 441 1384 singularium
468 1335 687 1384 quantum
715 1325 772 1369 ad
790 1339 950 1371 eorum
968 1327 1381 1381 conservationem,
1398 1327 1535 1371 habet
1555 1327 1692 1371 etiam
1711 1340 1868 1371 curam
1893 1324 2102 1371 omnium

149 1391 529 1451 contingentium.

231 1457 389 1502 Potest
413 1468 567 1502 autern
590 1457 752 1517 aliquis
779 1459 944 1513 dicere,
971 1459 1094 1518 quod
1119 1458 1219 1503 sola
1246 1473 1355 1503 cura
1381 1459 1709 1504 universalium
1735 1457 1901 1504 sufficit
1923 1458 1979 1503 ad
2006 1472 2104 1518 par-

143 1522 403 1570 ticularium
429 1525 824 1578 conservationem
849 1525 896 1568 in
922 1539 1035 1570 esse.
1057 1525 1247 1569 Provisa
1272 1536 1377 1570 sunt
1403 1526 1525 1570 enim
1554 1525 1738 1570 cuilibet
1754 1525 1923 1585 speciei
1943 1539 1998 1570 ea
2019 1538 2100 1583 per

144 1604 262 1649 quae
293 1590 529 1649 quodlibet
550 1591 834 1636 individuum
860 1591 1027 1651 speciei
1043 1590 1164 1635 illius
1191 1600 1342 1650 potest
1369 1593 1631 1637 conservari
1654 1593 1701 1636 in
1719 1606 1835 1646 esse,
1857 1590 1974 1636 sicut
1995 1591 2100 1637 data

144 1666 248 1704 sunt
270 1657 542 1702 animalibus
567 1671 741 1716 organa
767 1658 823 1702 ad
850 1658 1003 1701 cibum
1029 1657 1304 1702 sumendum
1336 1668 1381 1703 et
1412 1658 1726 1716 digerendum,
1759 1668 1804 1703 et
1837 1671 2008 1702 cornua
2041 1656 2098 1701 ad

143 1724 474 1782 protegendum
501 1737 563 1768 se.
591 1723 820 1768 Utilitates
847 1733 999 1768 autem
1024 1723 1192 1767 horum
1216 1738 1311 1768 non
1339 1724 1556 1768 deficiunt
1580 1724 1668 1768 nisi
1692 1725 1738 1768 in
1765 1723 1934 1768 minori
1959 1733 2099 1783 parte,

144 1803 253 1835 cum
280 1804 334 1834 ea
360 1804 475 1849 quae
501 1800 607 1834 sunt
638 1803 665 1833 a
694 1799 855 1834 natura
891 1790 1145 1849 producant
1181 1790 1370 1835 effectus
1403 1805 1527 1845 suos,
1562 1791 1636 1835 vel
1674 1805 1868 1848 semper,
1904 1790 1978 1834 vel
2017 1789 2100 1834 fre-

143 1866 357 1916 quenter:
383 1856 524 1901 etsie
548 1870 643 1901 non
668 1866 861 1916 possunt
886 1856 1042 1901 omnia
1067 1856 1300 1901 individua
1333 1857 1540 1912 deficere,
1575 1858 1664 1902 etsi*
1692 1857 1876 1916 aliquod
1894 1856 2102 1901 deficiat.

145 1921 238 1967 Sed
264 1922 517 1975 secundum
541 1923 660 1968 hanc
686 1923 928 1977 rationem,
954 1923 1112 1968 omnia
1137 1938 1254 1983 quae
1283 1924 1404 1968 circa
1431 1923 1664 1968 individua
1697 1918 1987 1982 contingunt,
2003 1937 2104 1982 pro-

147 1989 374 2035 videntiae
398 1989 709 2048 subjacebunt,
741 1989 859 2034 sicut
890 2000 934 2034 et
960 1990 1247 2034 conservatio
1274 2004 1436 2034 eorum
1466 1990 1514 2034 in
1541 2004 1653 2044 esse,
1680 1990 1786 2048 quia
1812 1989 1931 2034 circa
1953 1991 2104 2048 singu-

145 2053 258 2111 laria
289 2054 479 2114 alicujus
503 2055 674 2115 speciei
694 2055 807 2100 nihil
831 2066 981 2115 potest
1007 2056 1227 2110 accidere,
1252 2057 1375 2116 quod
1400 2070 1495 2100 non
1513 2056 1752 2101 reducatur
1779 2055 1932 2114 aliquo
1959 2054 2101 2100 modo

148 2122 204 2166 acl
230 2122 449 2181 principia
474 2121 595 2167 illius
622 2122 802 2181 speciei.
824 2122 898 2166 Sic
917 2122 1052 2181 igitur
1077 2121 1324 2181 singularia
1349 2137 1443 2168 non
1471 2124 1619 2180 magis
1663 2122 1898 2180 subjacent
1924 2121 2102 2166 divinae

146 2188 457 2246 providentiae
489 2199 710 2248 quantum
737 2189 793 2232 ad
817 2189 1214 2234 conservationem
1244 2190 1292 2233 in
1324 2204 1440 2245 esse,
1467 2204 1606 2249 quam
1633 2200 1853 2248 quantum
1889 2189 1945 2232 ad
1968 2188 2071 2232 alia.

143 2296 165 2306 ‚⁸
231 2254 499 2301 Praeterea:
525 2255 573 2300 in
596 2251 949 2315 comparatione
974 2269 1125 2299 rerum
1144 2255 1200 2300 ad
1225 2255 1364 2300 finem
1390 2256 1493 2300 talis
1521 2256 1635 2300 ordo
1663 2264 1865 2315 apparet,
1887 2255 2009 2315 quod
2033 2269 2104 2299 ac-

21 2364 24 2372 ,
146 2320 342 2367 cidentia
373 2331 480 2378 sunt
501 2331 684 2381 propter
709 2323 995 2375 substantias,
1028 2331 1076 2366 ut
1101 2337 1181 2381 per
1208 2336 1261 2367 ea
1286 2322 1587 2382 perficiantur.
1620 2323 1673 2366 In
1699 2321 1959 2367 substantiis
1990 2334 2102 2366 vero

20 2382 27 2410 ῗ
90 2433 100 2443 Α,
144 2387 334 2432 materia
359 2397 427 2432 est
452 2399 635 2447 propter
660 2387 889 2443 formam3
921 2402 999 2447 per
1024 2389 1148 2432 hanc
1178 2389 1299 2433 enim
1337 2389 1576 2448 participat
1602 2388 1803 2432 divinam
1834 2387 2102 2441 bonitatem,

29 2494 32 2497 ,
143 2463 326 2514 propter
357 2469 496 2514 quam
514 2455 672 2499 omnia
697 2454 816 2499 facta
833 2465 952 2508 sunt,
978 2464 1028 2499 ut
1044 2469 1179 2514 supra
1203 2466 1438 2499 ostensum
1465 2465 1533 2499 est
1560 2456 1620 2511 (c.
1650 2455 1752 2512 18.).
1771 2455 1837 2498 Ex
1855 2469 1946 2513 quo
1965 2463 2101 2513 patet,

79 2554 90 2562 Α,
144 2521 268 2580 quod
294 2520 540 2580 singularia
576 2531 680 2566 sunt
711 2531 896 2580 propter
910 2531 1121 2566 naturam
1153 2522 1472 2575 universalem,
1498 2523 1624 2580 cujus
1658 2522 1839 2580 signum
1873 2531 1954 2575 est,
1981 2520 2103 2580 quod

79 2646 83 2649 .
144 2587 192 2632 in
222 2588 293 2633 his
318 2589 365 2632 in
391 2589 552 2647 quibus
578 2598 728 2648 potest
753 2599 914 2633 natura
945 2588 1212 2634 universalis
1240 2590 1500 2634 conservari
1522 2604 1602 2648 per
1628 2603 1770 2633 unum
1802 2588 2102 2641 individuum,

23 2712 26 2715 Ι
143 2665 239 2699 non
252 2655 359 2699 'sunt
374 2653 518 2699 multa
534 2655 765 2699 individua
782 2655 915 2700 unius
931 2655 1113 2714 speciei,
1130 2655 1247 2700 sicut
1263 2666 1387 2715 patet
1401 2657 1447 2700 in
1470 2656 1568 2700 sole
1587 2666 1631 2700 et
1646 2655 1768 2699 luna.
1797 2655 1919 2700 Cum
1947 2664 2100 2699 autem

27 2723 51 2774 ’ξι
74 2747 81 2767 ;
145 2720 428 2780 providentia
454 2721 511 2765 sit
536 2721 791 2766 ordinativa
823 2721 1082 2780 aliquorum
1099 2722 1145 2765 in
1163 2721 1316 2776 finem,
1345 2732 1526 2781 oportet
1557 2722 1679 2781 quod
1697 2722 1752 2766 ad
1770 2721 2103 2780 providentiam

146 2787 399 2846 pertineant
424 2797 469 2831 et
492 2787 620 2842 fines,
647 2797 692 2832 et
714 2801 830 2846 quae
856 2798 962 2831 sunt
978 2787 1033 2831 ad
1050 2786 1204 2832 finem.
1234 2788 1479 2847 Subjacent
1503 2789 1640 2847 igitur
1665 2788 1976 2848 providentiae
2007 2801 2102 2832 non

147 2851 298 2898 solum
324 2853 608 2908 universalia,
634 2854 713 2898 sed
740 2854 878 2898 etiam
904 2853 1164 2912 singularia.

55 2963 60 2981 ζ
233 2919 423 2965 Adhuc:
440 2920 555 2965 haec
574 2930 642 2966 est
666 2919 918 2965 differentia
942 2921 1060 2965 inter
1086 2921 1398 2979 cognitionem
1424 2921 1753 2981 speculativam
1773 2932 1815 2965 et
1836 2921 2101 2981 practicam,

42 2991 46 3011 ²
76 3006 79 3009 ·
105 2987 106 2990 ’
147 2987 269 3047 quod
301 2987 505 3046 cognitio
522 2987 802 3046 speculativa
824 2998 868 3032 et
893 3001 947 3032 ea
972 3001 1088 3046 quae
1106 2987 1162 3031 ad
1188 2987 1336 3046 ipsam
1362 2988 1590 3047 pertinent
1614 2988 1906 3046 perficiuntur
1929 2988 1978 3031 in
2009 2988 2104 3032 uni·

146 3052 333 3099 vei-sali:
366 3068 420 3099 ea
455 3068 565 3098 vero
600 3068 716 3113 quae
754 3054 979 3113 pertinent
1018 3054 1074 3098 ad
1113 3054 1427 3112 cognitionem
1453 3055 1701 3113 practicam
1733 3054 2024 3113 perficiuntur
2054 3054 2101 3098 in

146 3118 429 3179 particulari:
461 3134 571 3165 nam
596 3120 698 3165 finis
724 3119 1027 3178 speculativae
1055 3130 1122 3164 est
1146 3120 1325 3176 veritas,
1364 3135 1479 3180 quae
1506 3121 1655 3180 primo
1681 3131 1727 3166 et
1757 3135 1837 3180 per
1868 3135 1916 3165 se
1947 3121 1995 3165 in
2020 3121 2103 3165 im-

15 3185 48 3238 ῥτῘ
71 3212 86 3219 ··
146 3186 455 3232 materialibus
481 3187 700 3241 consistit,
718 3187 824 3232 etin
858 3186 1208 3242 universalibus3
1244 3187 1347 3232 finis
1371 3202 1482 3232 vero
1516 3188 1742 3247 practicae
1781 3197 1849 3233 est
1880 3188 2101 3247 operatio,

29 3256 91 3282 ³*
147 3266 265 3312 quae
290 3263 359 3298 est
382 3254 505 3298 circa
531 3253 798 3312 singularia;
823 3254 944 3298 unde
969 3254 1173 3298 medicus
1210 3268 1303 3298 non
1337 3263 1463 3299 curat
1498 3254 1738 3300 hominem
1763 3254 1810 3298 in
1842 3253 2101 3308 universali,

74 3322 88 3359 ss.
147 3318 229 3364 sed
251 3319 373 3364 hunc
395 3320 650 3373 hominem,
675 3329 720 3364 et
750 3320 806 3364 ad
828 3320 919 3364 hoc
951 3330 1021 3365 est
1044 3330 1142 3366 tota
1168 3321 1355 3365 scientia
1382 3320 1636 3365 medicinae
1664 3320 1884 3365 ordinata.
1909 3320 2103 3365 Constat
2140 3332 2143 3334 ·

93 3401 117 3438 2²:
148 3397 306 3430 autem
328 3386 451 3444 quod
477 3385 761 3445 providentia
783 3385 839 3430 ad
864 3386 1112 3445 practicam
1141 3387 1453 3445 cognitionem
1480 3387 1686 3446 pertinet,
1713 3401 1818 3432 cum
1845 3387 1903 3431 sit
1928 3386 2103 3431 ordina-

74 3452 101 3496 ’ἵει
147 3450 241 3496 tiva
264 3465 416 3496 rerum
448 3452 494 3496 in
520 3451 674 3497 finem.
707 3451 838 3496 Esset
866 3452 1002 3511 igitur
1019 3452 1415 3511 imperfectissima
1439 3454 1528 3498 Dei
1553 3453 1850 3512 providentia,
1866 3453 1905 3498 si
1929 3453 1976 3497 in
2008 3453 2103 3498 uni-

141 3517 396 3563 mersalibus
422 3518 702 3572 consisteret,
728 3527 772 3562 et
798 3532 940 3578 usque
967 3519 1022 3564 ad
1044 3519 1291 3577 singularia
1322 3533 1416 3564 non
1450 3520 1716 3578 perveniret.

237 3583 354 3630 Item
364 3600 381 3630 ε·
400 3585 606 3643 cognitio
630 3583 910 3644 speculativa
934 3586 1081 3645 magis
1116 3585 1344 3644 perficitur
1369 3586 1416 3631 in
1448 3585 1692 3632 universali
1717 3600 1855 3646 quam
1885 3586 1934 3631 in
1965 3586 2099 3646 parti-
