2332 3854
297 191 363 241 62
1031 201 1185 240 LIBER
1225 201 1259 239 1.
1302 201 1422 239 CAP.
1466 202 1515 240 L.

297 305 400 349 illos
427 306 504 364 qui
531 305 760 364 ponebant
785 305 937 348 Deum
979 318 1073 348 non
1111 317 1395 362 cognoscere
1421 302 1565 359 litem,
1590 319 1730 364 quam
1756 319 1918 350 omnes
1944 317 2252 365 cognoscunt:

296 372 418 430 quod
445 386 525 430 pro
551 371 893 415 inconvenienti
918 371 1056 415 habet
1081 370 1391 429 Philosophus
1416 370 1465 414 in
1490 371 1640 430 primo
1671 371 1743 416 De
1771 373 1924 416 anima
1946 374 1998 430 (t.
2025 387 2063 417 c.
2090 374 2185 431 80.)
2209 383 2256 418 et

294 439 340 483 in
366 439 500 483 tertio
526 438 726 496 Metaph.
755 438 806 495 (t.
835 452 874 483 c.
906 438 1009 494 15.).

385 506 487 549 Hoc
515 506 652 549 etiam
687 505 952 548 auctoritate
980 504 1240 562 Scripturae
1267 503 1519 550 canonicae
1545 505 1820 550 edocemur:
1853 505 2016 549 dicitur
2045 518 2247 566 namque

298 573 438 630 (Gen.
449 573 483 616 Ι.
506 587 553 631 31
563 572 615 628 .):
643 572 754 616 Vidit
769 573 884 615 Deus
899 577 1049 615 cuncta
1060 585 1164 629 quae
1170 571 1346 629 fecerat
1359 578 1396 616 et
1406 578 1527 617 erant
1541 573 1660 617 valde
1678 573 1801 625 bona‚·
1820 582 1864 616 et
1875 572 2035 631 (Hebr.
2047 572 2127 617 IV.
2142 573 2257 632 1302

297 640 396 684 Non
421 646 475 683 est
498 639 586 683 ulla
611 644 805 683 creatura
831 637 1056 682 invisibilis
1081 639 1126 682 in
1151 645 1366 698 conspectu
1390 642 1505 698 ejus:
1533 641 1675 684 omnia
1701 639 1877 697 [autem]
1912 639 2026 685 nuda
2049 646 2086 685 et
2109 647 2255 700 aperta

297 713 392 752 sunt
414 706 540 751 oculis
562 708 659 764 ejus.

1079 851 1334 908 CAPUT
1375 853 1465 908 LI.

299 986 570 1026 RATIONES
592 985 666 1023 AD
692 986 1082 1032 INQUIRENDUM
1109 987 1392 1032 QUALITER
1416 988 1753 1027 MULTITUDO
1787 988 2256 1029 INTELLECTORUM

869 1061 955 1099 SIT
989 1062 1045 1101 IN
1078 1062 1428 1119 INTELLECTU
1461 1062 1678 1101 DIVINO.

418 1172 507 1217 Sed
534 1186 591 1216 ne
614 1171 859 1216 multitudo
881 1171 1220 1217 intellectorum
1250 1173 1298 1216 in
1322 1172 1607 1217 intellectum
1633 1173 1838 1220 divinum
1870 1174 2256 1233 compositionem

296 1240 494 1293 inducat,
526 1238 868 1297 investigandus
894 1248 962 1283 est
987 1239 1153 1283 modus
1179 1253 1271 1297 quo
1296 1241 1382 1283 ista
1407 1239 1638 1284 intellecta
1668 1240 1758 1284 sint
1783 1239 1940 1285 multa.

414 1307 522 1350 Non
555 1315 707 1350 autem
740 1305 855 1350 haec
889 1305 1134 1349 multitudo
1166 1306 1233 1349 sic
1266 1305 1459 1364 intelligi
1490 1316 1654 1365 potest,
1687 1307 1817 1365 quasi
1851 1306 1999 1351 multa
2028 1306 2258 1353 intellecta

296 1374 495 1418 habeant
520 1387 619 1417 esse
646 1373 909 1417 distinctum
940 1372 986 1416 in
1013 1373 1131 1416 Deo.
1158 1373 1249 1417 Ista
1283 1373 1406 1417 enim
1431 1373 1664 1417 intellecta
1695 1383 1773 1417 aut
1798 1383 1951 1418 essent
1978 1373 2104 1418 idem
2132 1376 2259 1434 quod

298 1441 494 1485 essentia
520 1439 686 1493 divina,
711 1449 755 1483 et
780 1439 843 1482 sic
866 1439 914 1482 in
941 1439 1135 1483 essentia
1159 1439 1250 1483 Dei
1274 1450 1517 1499 poneretur
1536 1439 1686 1499 aliqua
1704 1439 1961 1496 multitudo,
1979 1441 2104 1500 quod
2122 1455 2261 1501 supra

297 1511 358 1567 (c.
390 1508 479 1567 31.)
502 1507 813 1584 multipliciter
839 1517 907 1551 est
931 1517 1187 1561 remotum3
1220 1517 1298 1552 aut
1319 1517 1471 1551 essent
1495 1507 1784 1567 superaddita
1816 1507 2040 1552 essentiae
2061 1508 2260 1563 divinae,

298 1586 343 1620 et
373 1576 436 1620 sic
471 1587 589 1619 esset
619 1575 666 1618 in
697 1575 801 1618 Deo
835 1573 1019 1633 aliquod
1053 1574 1280 1628 accidens,
1313 1575 1436 1633 quod
1469 1589 1601 1634 supra
1634 1576 1696 1634 (c.
1730 1574 1823 1634 23.)
1845 1574 2128 1636 impossibile
2159 1589 2260 1620 esse

299 1643 595 1687 ostendimus.

386 1709 483 1754 Nec
515 1709 681 1753 iterum
713 1717 864 1767 potest
888 1707 998 1766 poni
1029 1707 1295 1766 hujusmodi
1326 1707 1497 1752 formas
1529 1673 1835 1767 intelligibiles
1858 1722 1938 1768 per
1958 1722 2006 1753 se
2032 1709 2259 1763 exsistere,

298 1776 420 1836 quod
452 1775 584 1820 Plato
617 1776 847 1834 praedicta
879 1775 1250 1819 inconvenientia
1281 1775 1443 1830 vitans,
1476 1775 1653 1819 videtur
1684 1775 1892 1835 posuisse
1921 1775 2258 1821 introducendo

296 1844 421 1888 ideas
439 1860 449 1899 ;
471 1858 580 1888 nam
605 1843 782 1887 formae
799 1857 951 1886 rerum
972 1841 1248 1886 naturalium
1266 1842 1363 1887 sine
1382 1842 1570 1886 materia
1587 1844 1799 1887 exsistere
1817 1857 1913 1887 non
1928 1853 2135 1902 possunt,
2153 1857 2259 1887 cum

300 1926 385 1955 nec
412 1912 507 1956 sine
535 1911 725 1955 materia
750 1909 1073 1968 intelligantur.

390 1978 531 2030 Quod
558 1979 697 2022 etiam
719 1977 757 2020 si
777 1986 1035 2035 poneretur,
1056 1991 1142 2021 nec
1169 1976 1260 2020 hoc
1283 1975 1511 2021 sufficeret
1537 1977 1592 2020 ad
1625 1977 1890 2035 ponendum
1915 1976 2261 2023 Deum'intelli·

299 2060 404 2105 gere
430 2044 794 2098 multitudinem3
826 2058 935 2087 nam
968 2058 1074 2088 cum
1107 2043 1283 2097 forma-e
1315 2044 1574 2102 praedictae
1606 2044 1696 2088 sint
1726 2055 1850 2088 extra
1879 2045 1969 2088 Dei
2000 2044 2261 2100 essentiam,

299 2114 337 2157 si
363 2113 458 2157 sine
485 2112 555 2156 his
580 2112 705 2155 Deus
733 2110 1071 2154 multitudinem
1103 2125 1256 2154 rerum
1288 2110 1542 2170 intelligere
1574 2126 1668 2155 non
1690 2121 1857 2169 posset,
1883 2111 2006 2171 quod
2038 2112 2095 2155 ad
2121 2111 2261 2171 perfe-

300 2180 502 2224 ctionem
534 2181 604 2223 sui
635 2178 892 2222 intellectus
924 2178 1178 2237 requiritur,
1211 2188 1474 2236 sequeretur
1501 2174 1623 2237 quod
1655 2193 1739 2223 sua
1770 2178 1991 2237 perfectio
2021 2180 2070 2224 in
2099 2178 2262 2224 inteni-

299 2247 449 2306 gendo
478 2246 532 2289 ab
557 2245 647 2289 alio
675 2245 965 2303 dependeret,
998 2255 1043 2289 et
1068 2259 1147 2304 per
1174 2259 1459 2304 consequens
1481 2246 1528 2289 in
1555 2246 1762 2301 essendo,
1790 2260 1896 2290 cum
1921 2258 2056 2290 suum
2083 2259 2183 2290 esse
2203 2246 2262 2290 sit

297 2329 432 2359 suurn
459 2313 727 2372 intelligere,
757 2314 886 2372 quus
913 2313 1194 2356 contrarium
1221 2327 1356 2371 supra
1383 2315 1443 2371 (c.
1471 2311 1566 2370 46.)
1594 2324 1827 2357 ostensum
1851 2322 1931 2358 est.

385 2383 523 2425 Item:
552 2395 656 2424 cum
685 2394 823 2424 omne
850 2381 972 2439 quod
1001 2391 1067 2424 est
1084 2390 1261 2438 praeter
1283 2380 1528 2424 essentiam
1551 2395 1682 2424 suam
1709 2381 1766 2424 sit
1787 2390 2024 2425 causatum
2046 2380 2101 2424 ab
2118 2392 2189 2436 eo,
2210 2390 2262 2424 ut

296 2449 412 2493 infra
435 2448 696 2493 ostendetur
713 2447 831 2505 (Lib.
852 2448 906 2490 II.
932 2462 968 2491 c.
1002 2447 1104 2504 15.),
1121 2461 1307 2491 necesse
1327 2458 1407 2501 est,
1425 2447 1463 2491 si
1479 2447 1656 2491 formae
1682 2448 1939 2507 praedictae
1966 2457 2089 2492 extra
2103 2446 2260 2492 Deum

298 2526 416 2570 sunt,
441 2516 494 2559 ab
523 2529 579 2559 eo
614 2524 819 2558 causatas
847 2528 967 2558 esse:
1002 2516 1097 2572 ipse
1130 2524 1283 2557 autem
1317 2525 1385 2558 est
1417 2528 1555 2558 causa
1588 2528 1740 2558 rerum
1771 2529 1852 2573 per
1883 2513 2180 2570 intellectum,
2211 2525 2262 2558 ut

297 2582 411 2627 infra
438 2582 556 2641 (Lib.
580 2582 635 2625 Π.
665 2595 703 2624 c.
732 2594 800 2640 23.
830 2591 873 2624 et
900 2581 992 2638 24.)
1017 2582 1302 2636 ostendetur3
1331 2595 1441 2640 ergo
1464 2582 1615 2626 Deum
1640 2581 1895 2640 intelligere
1916 2581 2183 2640 huiusmodi
2197 2581 2262 2625 in-

299 2649 565 2707 telligibilia‚
593 2648 895 2707 praeexigitur
922 2648 1079 2691 ordine
1106 2658 1294 2692 naturae
1322 2648 1378 2691 ad
1404 2648 1494 2692 hoc
1522 2649 1644 2707 quod
1666 2648 1932 2706 hujusmodi
1957 2646 2261 2706 intelligibilia

299 2718 409 2762 sint:
437 2731 530 2760 non
547 2716 683 2774 igitur
701 2730 779 2773 per
797 2716 886 2758 hoc
905 2717 1030 2759 Deus
1050 2715 1261 2774 intelligit
1277 2714 1630 2770 multitudinem,
1651 2715 1772 2774 quod
1789 2714 2091 2774 intelligibilia
2115 2714 2261 2760 multa

301 2799 380 2844 per
407 2798 454 2828 se
482 2784 699 2827 exsistant
724 2792 847 2826 extra
873 2797 993 2826 eum.

389 2852 578 2896 Adhuc:
606 2849 889 2909 intelligibile
923 2852 967 2894 in
1002 2859 1120 2903 actu,
1154 2860 1222 2894 est
1253 2849 1509 2894 intellectus
1542 2850 1587 2893 in
1622 2860 1739 2903 actu,
1770 2849 1888 2894 sicut
1907 2859 1954 2894 et
1979 2848 2192 2894 sensibile
2212 2849 2262 2894 in

300 2930 417 2973 actu,
451 2929 519 2963 est
551 2932 708 2963 sensus
736 2919 782 2961 in
810 2928 936 2961 actu:
965 2917 1217 2961 secundum
1244 2932 1353 2961 vero
1381 2917 1502 2975 quod
1534 2915 1820 2975 intelligibile
1846 2917 1901 2961 ab
1934 2915 2167 2961 intellectu
2201 2916 2262 2961 di-

298 2987 552 3046 stinguitur,
581 2995 648 3029 est
675 2994 915 3043 utrumque
938 2985 984 3027 in
1011 2985 1231 3042 potentia,
1257 2985 1373 3028 sicut
1399 2994 1443 3027 et
1458 2985 1503 3027 in
1526 2998 1659 3028 sensu
1682 2993 1827 3043 patet3
1845 2998 1952 3028 nam
1969 2997 2118 3044 neque
2138 2984 2261 3029 visus

300 3064 367 3107 est
393 3053 550 3096 videns
578 3061 695 3105 acm,
721 3065 869 3109 neque
896 3050 1072 3094 visibile
1099 3051 1276 3094 videtur
1298 3061 1416 3104 actu,
1437 3051 1524 3095 nisi
1543 3065 1646 3094 cum
1670 3051 1792 3095 visus
1809 3050 2085 3096 informatur:
2097 3051 2261 3096 visibili

299 3121 464 3180 specie,
492 3130 541 3163 ut
567 3120 629 3163 sic
658 3133 712 3162 ex
738 3119 836 3162 visu
865 3127 907 3161 et
924 3118 1087 3162 visibili
1105 3133 1247 3162 unum
1267 3118 1356 3162 fiat.
1378 3118 1428 3162 Si
1444 3118 1579 3177 igitur
1596 3118 1896 3176 intelligibilia
1908 3119 2121 3164 Dei⁴sunt
2135 3129 2261 3164 extra

299 3187 583 3231 intellectum
609 3186 762 3245 ipsius,
791 3185 990 3243 sequitur
1018 3186 1139 3243 quod
1166 3184 1423 3228 intellectus
1450 3199 1555 3229 suus
1582 3186 1639 3229 sit
1665 3187 1709 3229 in
1736 3186 1954 3244 potentia,
1981 3196 2029 3231 et
2057 3185 2262 3239 similiter

298 3253 600 3313 intelligibilia
626 3253 781 3312 ipsius,
810 3262 853 3296 et
879 3253 943 3296 sic
971 3252 1190 3310 indigebit
1212 3252 1365 3310 aliquo
1393 3252 1637 3296 reducente
1660 3253 1704 3296 in
1730 3262 1848 3308 actu,
1865 3252 1990 3312 quod
2007 3262 2076 3298 est
2093 3252 2262 3312 impos-

300 3321 452 3374 sibile3
486 3335 594 3364 nam
620 3321 710 3364 hoc
739 3330 860 3364 esset
885 3333 941 3363 eo
968 3320 1102 3378 prius.

390 3388 653 3432 Praeterea:
681 3387 965 3432 intellectum
992 3396 1171 3446 oportet
1197 3400 1294 3431 esse
1324 3388 1369 3431 in
1395 3386 1702 3445 intelligente3
1725 3401 1821 3432 non
1842 3386 1981 3446 igitur
2000 3385 2166 3432 sufficit
2183 3401 2262 3447 po·

301 3469 409 3500 nere
435 3454 606 3499 formas
633 3469 783 3499 rerum
803 3469 881 3513 per
907 3469 955 3499 se
982 3454 1245 3499 exsistentes
1268 3464 1391 3498 extra
1408 3454 1690 3498 intellectum
1712 3454 1932 3508 divinum,
1949 3453 2007 3500 ad
2022 3454 2114 3499 hoc
2134 3454 2259 3514 quod
2301 3455 2304 3457 ’

301 3523 426 3567 Deus
454 3522 790 3568 multitudinem
818 3536 968 3567 rerum
988 3521 1235 3581 intelligat3
1263 3522 1341 3566 sed
1361 3531 1541 3582 oportet
1567 3522 1690 3582 quod
1717 3522 1807 3567 sint
1830 3521 1883 3566 in,
1903 3521 2010 3582 ipso>
2023 3519 2258 3568 intellectu

303 3591 470 3636 divino.
