2332 3854
303 182 405 220 110
984 180 1137 219 LIBER
1178 181 1212 218 1.
1258 181 1376 219 CAP.
1418 181 1568 219 xcm.

294 282 548 340 requiritur,
575 291 642 326 est
663 281 865 325 debitum
891 281 1158 339 unicuique3
1187 290 1255 324 est
1277 281 1415 338 igitur
1439 280 1487 324 in
1511 281 1614 325 Deo
1636 282 1819 340 justitia,
1841 283 1969 340 cujus
1991 292 2058 326 est
2083 282 2253 327 unicui-

294 362 381 407 que
407 362 542 392 suum
568 362 666 392 esse
692 347 971 392 distribuere.
999 347 1132 391 Unde
1159 346 1206 390 in
1231 346 1305 391 Ps.
1327 346 1384 391 X.
1417 347 1461 392 8.
1492 346 1675 392 dicitur:
1696 348 1837 405 Justus
1867 349 2092 404 Dominus,
2121 354 2161 395 et
2183 351 2252 408 ju-

292 416 449 460 stitiam
471 415 628 459 dilexit.

381 481 594 540 Amplius
609 495 618 524 ε
633 481 747 524 sicut
759 494 892 538 supra
909 480 968 536 (c.
990 490 1059 536 74.
1079 488 1123 522 et
1136 479 1227 536 75.)
1247 488 1481 524 ostensum
1504 490 1584 534 est,
1600 479 1701 525 finis
1713 480 1899 524 ultimus
1914 491 2099 540 propter
2115 495 2255 541 quem

293 548 419 591 Deus
444 547 541 591 vult
568 547 736 600 omnia,
762 545 890 588 nullo
918 546 1060 588 modo
1078 545 1302 603 dependet
1319 546 1371 590 ab
1398 547 1469 590 his
1495 561 1610 605 quae
1636 557 1740 591 sunt
1765 547 1821 590 ad
1842 547 1996 602 finem,
2013 562 2100 593 nec
2117 562 2255 607 quan-

292 624 390 658 tum
417 615 471 657 ad
499 628 610 669 esse,
637 627 721 656 nec
749 621 969 669 quantum
1003 611 1059 655 ad
1091 611 1418 670 perfectionem
1451 612 1679 672 aliquam:
1712 613 1832 658 unde
1864 627 1959 658 non
1988 613 2086 659 vult
2116 613 2254 660 alicui

294 694 425 724 suam
451 680 702 723 bonitatem
731 677 1075 721 communicare
1109 678 1164 721 ad
1189 678 1280 723 hoc
1307 689 1356 724 ut
1388 679 1471 723 sibi
1503 680 1665 724 exinde
1699 679 1866 739 aliquid
1899 691 2149 736 accrescat,
2174 681 2255 731 sed

295 747 399 806 quia
415 747 565 805 ipsum
579 745 920 789 communicare
934 753 1000 788 est
1013 744 1097 788 sibi
1114 745 1406 800 conveniens,
1424 747 1540 791 sicut
1557 745 1910 792 fontibonitatis.
1936 746 2060 792 Dare
2085 757 2254 808 amem,

293 827 388 857 non
414 822 596 871 propter
623 811 806 869 aliquod
833 810 1133 855 commodum
1160 826 1215 855 ex
1241 811 1425 856 datione
1453 823 1779 871 exspectatum,
1805 814 1884 857 sed
1905 822 2087 873 propter
2107 814 2255 873 ipsam

293 880 558 930 bonitatem,
578 887 621 922 et
633 877 1001 921 convenientiam
1018 877 1227 931 dationis,
1247 888 1314 923 est
1335 889 1460 923 actus
1483 879 1777 934 liberalitatis,
1798 890 1846 924 ut
1868 890 1992 939 patet
2010 894 2090 939 per
2104 879 2258 926 Philo.

294 946 492 1004 sophum
504 946 549 987 in
564 954 722 1002 quarto
741 943 886 987 Ethic.
902 945 961 1000 (c.
977 942 1055 1000 6.).
1071 944 1196 988 Deus
1209 944 1350 1003 igitur
1362 955 1429 989 est
1441 947 1640 990 maxime
1653 945 1866 1000 liberalis,
1883 956 1941 1000 et,
1952 955 2002 991 ut
2017 947 2256 991 Avicenna

295 1013 401 1056 dicit
427 1011 666 1067 (secundo,
685 1025 722 1054 c.
741 1011 810 1054 28.
830 1019 875 1054 et
891 1011 999 1069 29.),
1025 1011 1120 1069 ipse
1136 1010 1260 1055 solus
1278 1011 1474 1056 liberalis
1492 1013 1671 1071 proprie
1698 1012 1788 1057 dici
1800 1021 1972 1071 potest3
1989 1027 2100 1056 nam
2116 1027 2255 1058 omne

296 1079 416 1122 aliud
443 1091 582 1136 agens
608 1087 785 1136 praeter
806 1077 955 1135 ipsum
979 1091 1034 1121 ex
1060 1091 1140 1120 sua
1168 1077 1347 1121 actione
1374 1077 1558 1136 aliquod
1591 1079 1765 1122 bonum
1796 1078 2000 1137 acquirit,
2033 1080 2155 1138 quod
2189 1089 2256 1124 est

294 1145 396 1189 finis
421 1145 632 1188 intentus,
673 1143 804 1187 Hanc
842 1153 995 1187 autem
1031 1145 1126 1201 ejus
1162 1143 1479 1188 liberalitatem
1518 1144 1749 1203 Scriptura
1786 1145 1984 1190 ostendit
2019 1145 2175 1192 dicens
2207 1145 2257 1189 in

293 1212 368 1255 Ps.
395 1211 515 1256 CIII.
535 1211 628 1254 28.:
657 1211 879 1268 Aperiente
906 1217 941 1254 te
962 1223 1136 1253 manum
1153 1215 1282 1263 tuam,
1302 1212 1446 1253 omnia
1470 1211 1754 1269 implebuntur
1780 1213 1990 1264 bonitate,·
2020 1221 2065 1255 et
2087 1211 2255 1270 (Jacob

294 1279 328 1322 Ι.
361 1279 441 1335 5.):
471 1278 560 1334 Qui
587 1276 657 1320 dat
683 1277 873 1320 omnibus
898 1276 1128 1335 affluenter,
1157 1283 1195 1321 et
1218 1291 1301 1320 non
1322 1277 1590 1335 improperat.

384 1345 524 1388 Item:
553 1343 709 1387 omnia
735 1357 851 1402 quae
879 1357 905 1386 a
929 1343 1032 1387 Deo
1060 1357 1159 1387 esse
1183 1343 1428 1402 accipiunt,
1459 1357 1644 1388 necesse
1671 1354 1739 1388 est
1763 1354 1813 1389 ut
1836 1344 1978 1404 ipsius
2009 1343 2260 1391 similitudi·

293 1425 400 1455 nem
428 1420 600 1469 gerant,
627 1411 671 1454 in
706 1419 926 1468 quantum
953 1419 1070 1463 sunt,
1097 1419 1141 1454 et
1171 1410 1293 1453 bona
1325 1419 1442 1464 sunt,
1475 1420 1520 1454 et
1550 1411 1757 1468 proprias
1789 1411 1991 1456 rationes
2018 1411 2066 1455 in
2089 1411 2254 1456 ‘divino

294 1477 528 1522 intellectu
564 1477 746 1530 habent,
780 1486 827 1520 ut
860 1490 995 1535 supra
1027 1477 1088 1533 (c.
1124 1477 1214 1534 54.)
1248 1486 1484 1520 ostensum
1512 1486 1591 1521 est.
1635 1477 1738 1522 Hoc
1771 1487 1924 1522 autem
1957 1477 2262 1525 advirtutem

295 1546 492 1589 veritatis
521 1544 728 1603 pertinet,
755 1553 804 1587 ut
828 1557 908 1602 per
933 1542 1269 1600 Philosophum
1294 1543 1341 1587 in
1363 1552 1524 1602 quarto
1542 1544 1689 1588 Ethic.
1717 1553 1857 1603 patet,
1881 1544 1992 1589 utin
2008 1543 2109 1588 suis*
2125 1542 2257 1589 factis

297 1622 341 1655 et
366 1611 496 1655 dictis
523 1610 683 1669 aliquis
710 1610 848 1654 talem
865 1624 913 1654 se
933 1609 1142 1653 exhibeat
1158 1609 1303 1668 qualis
1326 1619 1405 1655 est.
1429 1610 1509 1653 Est
1532 1610 1669 1667 igitur
1694 1610 1740 1653 in
1766 1610 1870 1654 Deo
1887 1611 2086 1655 veritatis
2103 1609 2258 1664 virtus,

297 1679 416 1722 unde
440 1678 597 1734 (Rom.
623 1677 700 1720 III.
727 1675 816 1734 4.):
843 1677 917 1722 Est
938 1683 1076 1722 autem
1092 1677 1206 1721 Deus
1221 1690 1370 1731 verax,
1395 1685 1439 1720 et
1466 1676 1560 1733 (Ps.
1585 1676 1794 1721 CXVIII.
1821 1676 1963 1734 151.):
1985 1677 2140 1723 Omnes
2163 1678 2259 1722 viae

299 1752 392 1790 tuae
417 1747 586 1789 veritas.

389 1811 439 1854 Si
465 1824 581 1869 quae
608 1820 761 1854 autem
785 1810 972 1854 virtutes
1005 1819 1123 1863 sunt,
1150 1823 1266 1868 quae
1299 1809 1355 1853 ad
1388 1809 1562 1868 aliquas
1595 1809 1798 1854 actiones
1831 1809 2110 1864 ordinantur,
2142 1822 2259 1869 quae

298 1887 403 1922 sunt
421 1877 734 1936 subjectorum
764 1876 819 1920 ad
846 1876 1093 1935 superiora,
1119 1875 1227 1919 talia
1253 1875 1355 1919 Deo
1380 1876 1625 1919 convenire
1657 1889 1751 1920 non
1777 1885 1983 1935 possunt,
2014 1874 2131 1920 sicut
2155 1875 2263 1920 obe-

299 1945 480 1997 dientia,
502 1944 648 1997 latria,
674 1942 748 1987 vel
773 1942 941 2001 aliquid
967 1942 1246 2001 huJusmodi,
1274 1942 1397 2000 quod
1423 1942 1645 2001 superiori
1671 1942 1870 1986 debetur.

390 2011 437 2055 Si
465 2011 603 2054 etiam
630 2009 884 2068 aliquarum
917 2024 971 2053 ex
997 2009 1235 2068 praedictis
1269 2009 1506 2053 virtutibus
1539 2011 1629 2052 sint
1661 2008 1799 2068 aliqui
1830 2008 2085 2069 imperfecti
2116 2019 2258 2064 actus,

298 2077 551 2122 secundum
586 2076 706 2129 illos,
741 2077 846 2121 Deo
883 2076 1063 2120 attribui
1097 2076 1245 2120 dictae
1277 2076 1464 2120 virtutes
1499 2090 1595 2120 non
1631 2086 1835 2134 possunt,
1867 2076 1983 2122 sicut
2007 2075 2258 2135 prudentia,

297 2154 518 2203 quantum
545 2143 601 2188 ad
627 2153 781 2188 actum
807 2144 922 2188 bene
940 2143 1224 2196 consiliandi,
1241 2143 1343 2187 Deo
1369 2157 1464 2186 non
1482 2143 1714 2201 competit.
1733 2142 1857 2195 Cum
1875 2143 1999 2188 enim
2012 2142 2259 2189 consilium

298 2212 355 2256 sit
379 2211 606 2270 quaedam
631 2211 852 2269 quaestio,
879 2220 930 2254 ut
954 2210 1117 2254 dicitur
1143 2219 1270 2254 sexto
1298 2209 1443 2254 Ethic.
1473 2211 1534 2267 (c.
1566 2210 1676 2266 10.);
1704 2209 1856 2254 divina
1882 2218 2036 2255 autem
2054 2209 2257 2269 cognitio

296 2291 391 2321 non
417 2279 474 2321 sit
498 2277 772 2335 inquisitiva,
799 2286 848 2320 ut
873 2290 1008 2335 supra
1035 2277 1095 2333 (c.
1129 2277 1212 2333 57.)
1242 2286 1475 2320 ostensum
1504 2286 1595 2330 est;
1621 2289 1717 2320 non
1742 2285 1893 2335 potest
1916 2275 2003 2320 sibi
2028 2275 2260 2321 consiliari

299 2358 398 2388 esse
425 2343 718 2387 conveniens.
746 2342 880 2387 Unde
909 2343 1020 2400 (Job
1048 2342 1214 2387 XXVI.
1247 2343 1327 2401 3.):
1355 2342 1436 2386 Cui
1461 2342 1607 2387 dedisti
1629 2343 1880 2388 consilium?
1907 2343 2090 2400 forsitan
2118 2344 2261 2402 eiqui

297 2425 380 2454 non
407 2411 524 2454 habet
548 2410 894 2467 intelligentiam?
921 2419 965 2453 et
994 2410 1101 2466 (Isa.
1128 2409 1225 2453 XL.
1258 2410 1369 2466 14.):
1400 2410 1509 2455 Cum
1530 2424 1608 2467 quo
1635 2411 1734 2454 iniit
1751 2409 1983 2463 consilium,
2005 2415 2044 2455 et
2063 2410 2262 2455 instruxit

298 2479 423 2522 eum?
450 2476 714 2520 Secundum
741 2485 895 2520 autem
919 2485 1072 2520 actum
1096 2475 1226 2519 illum
1253 2476 1332 2534 qui
1357 2486 1424 2520 est
1448 2476 1504 2519 de
1532 2475 1781 2520 consiliatis
1806 2475 2022 2533 judicare,
2044 2484 2089 2520 et
2105 2489 2262 2535 appro-

297 2544 402 2587 bata
429 2543 610 2602 eligere,
635 2542 751 2586 nihil
775 2542 987 2601 prohibet
1011 2542 1298 2601 prudentiam
1325 2542 1380 2586 de
1405 2543 1508 2586 Deo
1536 2542 1639 2586 dici.
1660 2542 1840 2586 Dicitur
1854 2551 2012 2587 tamen
2031 2541 2259 2587 interdum

299 2610 544 2654 consilium
570 2611 626 2653 de
651 2610 769 2662 Deo,
796 2608 868 2652 vel
893 2619 1078 2667 propter
1104 2608 1450 2653 similitudinem
1473 2608 1808 2662 occultationis,
1834 2622 1945 2653 nam
1970 2607 2162 2655 consilia
2186 2622 2265 2654 oc-

299 2676 418 2721 culte
445 2686 658 2735 aguntur:
686 2675 804 2719 unde
831 2675 953 2734 quod
980 2687 1048 2719 est
1072 2675 1118 2719 in
1141 2675 1291 2718 divina
1318 2675 1535 2734 sapientia
1554 2674 1802 2728 occultum,
1819 2688 1899 2733 per
1915 2674 2264 2721 similitudinem.

299 2742 541 2788 consilium
581 2742 758 2796 dicitur,
789 2751 839 2785 ut
869 2751 993 2800 patet
1022 2741 1107 2785 Isa.
1139 2741 1284 2786 XXV.
1316 2755 1373 2785 1.:
1406 2741 1658 2785 secundum
1691 2740 1827 2785 aliam
1858 2740 2080 2787 litteram:
2111 2740 2264 2787 Consi-

299 2812 403 2855 lium
421 2818 539 2855 tuum
556 2811 772 2868 antiquum
788 2810 1052 2867 verumfiat;
1075 2808 1150 2852 vel
1166 2809 1212 2852 in
1230 2819 1451 2867 quantum
1470 2808 1809 2854 consulentibus
1822 2808 2035 2864 satisfiat3
2051 2818 2122 2855 est
2135 2809 2260 2857 enim

299 2878 438 2922 etiam
465 2877 561 2921 sine
587 2876 791 2920 discursu
813 2874 1105 2934 intelligentis
1131 2876 1351 2919 instruere
1377 2876 1668 2934 inquirentes.

389 2943 610 2988 Similiter
636 2943 772 2987 etiam
794 2936 976 2999 justitia,
995 2952 1215 3000 quantum
1234 2942 1290 2986 ad
1313 2942 1688 2986 commutationis
1706 2951 1859 2986 actum
1879 2942 1982 2987 Deo
2000 2951 2265 3002 competere

298 3025 392 3055 non
419 3019 582 3070 potest,
609 3023 715 3053 cum
751 3009 847 3067 ipse
875 3023 900 3052 a
926 3008 1053 3052 nullo
1089 3009 1258 3067 aliquid
1292 3009 1509 3068 accipiat:
1545 3009 1663 3052 unde
1696 3008 1854 3066 (Rom.
1888 3008 1968 3055 XI.
2007 3009 2124 3066 35.):
2154 3009 2270 3067 Quis-

292 3080 418 3138 prior
443 3077 552 3122 dedit
573 3077 653 3131 illi,
679 3083 717 3121 et
741 3077 996 3121 retribuetur
1013 3077 1080 3121 ei?
1107 3086 1152 3120 et
1178 3076 1284 3133 (Job
1310 3076 1430 3120 XLI.
1458 3076 1545 3132 2.):
1575 3077 1682 3132 Quis
1707 3081 1800 3120 ante
1824 3074 1934 3120 dedit
1956 3075 2078 3130 mihi,
2108 3080 2156 3120 ut
2174 3075 2262 3120 red-

2328 2529 2332 2542 »
2322 2462 2332 2523 Μαικία..
2326 2447 2332 2455 ε
2320 2411 2332 2440 sq:

299 3145 397 3189 dam
429 3147 499 3190 ei?
525 3145 611 3188 Per
637 3142 982 3187 similitudinem
1008 3153 1163 3187 tamen
1190 3142 1341 3201 aliqua
1367 3143 1470 3186 Deo
1497 3142 1604 3186 dare
1631 3141 1838 3197 dicimur,
1861 3141 1910 3186 in
1931 3151 2153 3201 quantum
2182 3155 2264 3187 no·
2311 3145 2332 3178 ἑ

300 3222 390 3256 stra
416 3212 520 3255 data
546 3212 672 3255 Deus
699 3219 918 3268 acceptat.
944 3209 1052 3253 Non
1078 3210 1213 3267 igitur
1239 3209 1323 3252 sibi
1356 3210 1575 3267 competit
1607 3209 1936 3254 commutativa
1966 3207 2149 3267 justitia,
2181 3208 2262 3253 sed
2305 3199 2329 3243 1³³³

301 3278 452 3323 solum
479 3277 774 3322 distributiva.
802 3275 935 3320 Unde
961 3276 1212 3335 Dionysius
1238 3275 1347 3319 dicit
1373 3274 1516 3332 (VIII.
1544 3289 1641 3333 cap.
1667 3275 1739 3319 De
1771 3275 1859 3320 div.
1891 3274 2066 3320 nomin.
2068 3275 2105 3332 ),
2137 3273 2262 3334 quod

299 3346 469 3404 justitia
500 3343 708 3389 laudatur
738 3344 879 3397 Deus,
911 3343 1029 3387 sicut
1059 3342 1272 3386 omnibus
1304 3341 1555 3386 secundum
1588 3342 1857 3401 dignitatem
1882 3340 2173 3396 distribuens,
2195 3353 2264 3386 se.-

303 3412 503 3456 cundum
528 3411 639 3455 illud
667 3411 848 3468 (Matth
875 3408 1019 3453 XXV.
1053 3422 1099 3467 15
1109 3410 1162 3466 .:)
1183 3408 1310 3453 Dedit
1331 3410 1550 3467 unicuique
1571 3408 1790 3453 seeundum
1804 3409 2030 3469 propriam
2044 3409 2266 3455 virtutem.

393 3479 519 3523 Scire
546 3488 698 3523 autem
725 3487 905 3537 oportet
930 3476 1053 3537 quod
1080 3476 1282 3521 actiones
1306 3475 1426 3521 circa
1452 3490 1563 3534 quas
1585 3485 1690 3520 sunt
1709 3474 1966 3534 praedictae
1979 3474 2181 3528 virtutes,
2196 3486 2262 3519 se-
2330 3465 2332 3508 3

304 3545 504 3591 cundum
530 3559 634 3591 suas
665 3546 863 3590 rationes
881 3558 935 3589 ex
951 3544 1084 3589 rebus
1101 3542 1313 3588 humanis
1329 3556 1424 3587 non
1441 3542 1708 3601 dependent.
1731 3542 1840 3588 Non
1853 3540 2056 3615 eningde
2072 3538 2302 3602 agendis!
