<?xml version="1.0" encoding="UTF-8"?>
<!DOCTYPE html PUBLIC "-//W3C//DTD XHTML 1.0 Transitional//EN"
    "http://www.w3.org/TR/xhtml1/DTD/xhtml1-transitional.dtd">
<html xmlns="http://www.w3.org/1999/xhtml" xml:lang="en" lang="en">
 <head>
  <title>
</title>
<meta http-equiv="Content-Type" content="text/html;charset=utf-8" />
  <meta name='ocr-system' content='tesseract 3.04.00' />
  <meta name='ocr-capabilities' content='ocr_page ocr_carea ocr_par ocr_line ocrx_word'/>
</head>
<body>
  <div class='ocr_page' id='page_1' title='image "./divithomaeaquina00thom_0072.png"; bbox 0 0 2332 3854; ppageno 0'>
   <div class='ocr_carea' id='block_1_1' title="bbox 302 183 1562 236">
    <p class='ocr_par' dir='ltr' id='par_1_1' title="bbox 302 183 1562 236">
     <span class='ocr_line' id='line_1_1' title="bbox 302 183 1562 236; baseline -0.002 -1"><span class='ocrx_word' id='word_1_1' title='bbox 302 183 371 235; x_wconf 83' lang='lat'>60</span> <span class='ocrx_word' id='word_1_2' title='bbox 983 197 1137 235; x_wconf 85' lang='lat' dir='ltr'>LIBER</span> <span class='ocrx_word' id='word_1_3' title='bbox 1178 197 1212 234; x_wconf 91' lang='lat'>1.</span> <span class='ocrx_word' id='word_1_4' title='bbox 1255 197 1375 236; x_wconf 87' lang='lat' dir='ltr'><strong>CAP.</strong></span> <span class='ocrx_word' id='word_1_5' title='bbox 1415 195 1562 234; x_wconf 78' lang='lat' dir='ltr'>xmx.</span> 
     </span>
    </p>
   </div>
   <div class='ocr_carea' id='block_1_2' title="bbox 268 297 2257 1563">
    <p class='ocr_par' dir='ltr' id='par_1_2' title="bbox 268 297 2257 624">
     <span class='ocr_line' id='line_1_2' title="bbox 296 297 2256 358; baseline 0.002 -17"><span class='ocrx_word' id='word_1_6' title='bbox 296 311 435 342; x_wconf 91' lang='lat' dir='ltr'>omne</span> <span class='ocrx_word' id='word_1_7' title='bbox 462 311 603 356; x_wconf 89' lang='lat' dir='ltr'>agens</span> <span class='ocrx_word' id='word_1_8' title='bbox 631 307 736 357; x_wconf 89' lang='lat' dir='ltr'>agat</span> <span class='ocrx_word' id='word_1_9' title='bbox 761 298 846 343; x_wconf 87' lang='lat' dir='ltr'>sibi</span> <span class='ocrx_word' id='word_1_10' title='bbox 870 297 1042 353; x_wconf 90' lang='lat' dir='ltr'>simile;</span> <span class='ocrx_word' id='word_1_11' title='bbox 1069 312 1208 342; x_wconf 90' lang='lat' dir='ltr'>omne</span> <span class='ocrx_word' id='word_1_12' title='bbox 1235 307 1388 342; x_wconf 90' lang='lat' dir='ltr'>autem</span> <span class='ocrx_word' id='word_1_13' title='bbox 1414 297 1538 357; x_wconf 92' lang='lat' dir='ltr'>quod</span> <span class='ocrx_word' id='word_1_14' title='bbox 1564 307 1632 342; x_wconf 86' lang='lat' dir='ltr'>est</span> <span class='ocrx_word' id='word_1_15' title='bbox 1656 297 1703 342; x_wconf 90' lang='lat' dir='ltr'>in</span> <span class='ocrx_word' id='word_1_16' title='bbox 1729 297 1898 357; x_wconf 87' lang='lat' dir='ltr'>aliquo,</span> <span class='ocrx_word' id='word_1_17' title='bbox 1925 307 1993 342; x_wconf 91' lang='lat' dir='ltr'>est</span> <span class='ocrx_word' id='word_1_18' title='bbox 2017 298 2063 342; x_wconf 91' lang='lat' dir='ltr'>in</span> <span class='ocrx_word' id='word_1_19' title='bbox 2086 310 2147 350; x_wconf 78' lang='lat' dir='ltr'>eq</span> <span class='ocrx_word' id='word_1_20' title='bbox 2167 312 2256 358; x_wconf 76' lang='lat' dir='ltr'>per</span> 
     </span>
     <span class='ocr_line' id='line_1_3' title="bbox 294 364 2255 424; baseline 0.002 -17"><span class='ocrx_word' id='word_1_21' title='bbox 294 365 486 408; x_wconf 91' lang='lat' dir='ltr'>modum</span> <span class='ocrx_word' id='word_1_22' title='bbox 514 366 609 423; x_wconf 87' lang='lat' dir='ltr'>ejus</span> <span class='ocrx_word' id='word_1_23' title='bbox 634 365 681 408; x_wconf 92' lang='lat' dir='ltr'>in</span> <span class='ocrx_word' id='word_1_24' title='bbox 708 378 798 423; x_wconf 89' lang='lat' dir='ltr'>quo</span> <span class='ocrx_word' id='word_1_25' title='bbox 827 375 905 409; x_wconf 90' lang='lat' dir='ltr'>est.</span> <span class='ocrx_word' id='word_1_26' title='bbox 935 365 984 408; x_wconf 92' lang='lat' dir='ltr'>Si</span> <span class='ocrx_word' id='word_1_27' title='bbox 1006 364 1141 423; x_wconf 88' lang='lat' dir='ltr'>igitur</span> <span class='ocrx_word' id='word_1_28' title='bbox 1162 365 1289 409; x_wconf 88' lang='lat' dir='ltr'>Deus</span> <span class='ocrx_word' id='word_1_29' title='bbox 1312 364 1568 424; x_wconf 87' lang='lat' dir='ltr'>aliquarum</span> <span class='ocrx_word' id='word_1_30' title='bbox 1593 378 1746 409; x_wconf 90' lang='lat' dir='ltr'>rerum</span> <span class='ocrx_word' id='word_1_31' title='bbox 1768 374 1836 408; x_wconf 87' lang='lat' dir='ltr'>est</span> <span class='ocrx_word' id='word_1_32' title='bbox 1858 378 2008 418; x_wconf 88' lang='lat' dir='ltr'>causa,</span> <span class='ocrx_word' id='word_1_33' title='bbox 2031 378 2139 408; x_wconf 89' lang='lat' dir='ltr'>cum</span> <span class='ocrx_word' id='word_1_34' title='bbox 2158 365 2255 424; x_wconf 87' lang='lat' dir='ltr'>ipse</span> 
     </span>
     <span class='ocr_line' id='line_1_4' title="bbox 294 430 2257 485; baseline 0.001 -11"><span class='ocrx_word' id='word_1_35' title='bbox 294 431 351 475; x_wconf 86' lang='lat' dir='ltr'>sit</span> <span class='ocrx_word' id='word_1_36' title='bbox 375 432 627 475; x_wconf 89' lang='lat' dir='ltr'>secundum</span> <span class='ocrx_word' id='word_1_37' title='bbox 654 446 784 476; x_wconf 90' lang='lat' dir='ltr'>suam</span> <span class='ocrx_word' id='word_1_38' title='bbox 811 442 1020 475; x_wconf 90' lang='lat' dir='ltr'>naturam</span> <span class='ocrx_word' id='word_1_39' title='bbox 1046 430 1379 485; x_wconf 81' lang='lat' dir='ltr'>intellectualis,</span> <span class='ocrx_word' id='word_1_40' title='bbox 1406 431 1655 476; x_wconf 84' lang='lat' dir='ltr'>similitudo</span> <span class='ocrx_word' id='word_1_41' title='bbox 1688 431 1861 476; x_wconf 86' lang='lat' dir='ltr'>causati</span> <span class='ocrx_word' id='word_1_42' title='bbox 1893 431 1962 475; x_wconf 90' lang='lat' dir='ltr'>sui</span> <span class='ocrx_word' id='word_1_43' title='bbox 1995 431 2042 475; x_wconf 91' lang='lat' dir='ltr'>in</span> <span class='ocrx_word' id='word_1_44' title='bbox 2079 445 2136 476; x_wconf 90' lang='lat' dir='ltr'>eo</span> <span class='ocrx_word' id='word_1_45' title='bbox 2173 434 2257 476; x_wconf 80' lang='lat' dir='ltr'>erit</span> 
     </span>
     <span class='ocr_line' id='line_1_5' title="bbox 292 497 2255 557; baseline 0.001 -16"><span class='ocrx_word' id='word_1_46' title='bbox 292 498 659 556; x_wconf 84' lang='lat' dir='ltr'>intelligibiliter3</span> <span class='ocrx_word' id='word_1_47' title='bbox 687 498 808 557; x_wconf 91' lang='lat' dir='ltr'>quod</span> <span class='ocrx_word' id='word_1_48' title='bbox 837 508 988 542; x_wconf 88' lang='lat' dir='ltr'>autem</span> <span class='ocrx_word' id='word_1_49' title='bbox 1018 507 1085 541; x_wconf 91' lang='lat' dir='ltr'>est</span> <span class='ocrx_word' id='word_1_50' title='bbox 1108 498 1155 540; x_wconf 89' lang='lat' dir='ltr'>in</span> <span class='ocrx_word' id='word_1_51' title='bbox 1189 497 1342 556; x_wconf 87' lang='lat' dir='ltr'>aliquo</span> <span class='ocrx_word' id='word_1_52' title='bbox 1380 512 1459 557; x_wconf 91' lang='lat' dir='ltr'>per</span> <span class='ocrx_word' id='word_1_53' title='bbox 1493 499 1685 542; x_wconf 91' lang='lat' dir='ltr'>modum</span> <span class='ocrx_word' id='word_1_54' title='bbox 1721 497 2071 556; x_wconf 84' lang='lat' dir='ltr'>intelligibilem,</span> <span class='ocrx_word' id='word_1_55' title='bbox 2106 498 2162 543; x_wconf 86' lang='lat' dir='ltr'>ab</span> <span class='ocrx_word' id='word_1_56' title='bbox 2198 512 2255 543; x_wconf 90' lang='lat' dir='ltr'>eo</span> 
     </span>
     <span class='ocr_line' id='line_1_6' title="bbox 268 564 2121 624; baseline 0.001 -17"><span class='ocrx_word' id='word_1_57' title='bbox 268 564 572 623; x_wconf 82' lang='lat' dir='ltr'>intelligitur.</span> <span class='ocrx_word' id='word_1_58' title='bbox 600 566 726 609; x_wconf 90' lang='lat' dir='ltr'>Deus</span> <span class='ocrx_word' id='word_1_59' title='bbox 752 565 888 623; x_wconf 89' lang='lat' dir='ltr'>igitur</span> <span class='ocrx_word' id='word_1_60' title='bbox 914 578 984 608; x_wconf 91' lang='lat' dir='ltr'>res</span> <span class='ocrx_word' id='word_1_61' title='bbox 1012 564 1122 608; x_wconf 87' lang='lat' dir='ltr'>alias</span> <span class='ocrx_word' id='word_1_62' title='bbox 1148 564 1195 607; x_wconf 89' lang='lat' dir='ltr'>in</span> <span class='ocrx_word' id='word_1_63' title='bbox 1222 565 1373 624; x_wconf 91' lang='lat' dir='ltr'>seipso</span> <span class='ocrx_word' id='word_1_64' title='bbox 1400 564 1623 624; x_wconf 89' lang='lat' dir='ltr'>intelligit.</span> <span class='ocrx_word' id='word_1_65' title='bbox 2119 567 2121 572; x_wconf 76' lang='grc'>’</span> 
     </span>
    </p>

    <p class='ocr_par' dir='ltr' id='par_1_3' title="bbox 287 630 2257 1026">
     <span class='ocr_line' id='line_1_7' title="bbox 382 630 2256 690; baseline 0.001 -15"><span class='ocrx_word' id='word_1_66' title='bbox 382 631 616 690; x_wconf 88' lang='lat' dir='ltr'>Amplius:</span> <span class='ocrx_word' id='word_1_67' title='bbox 645 632 922 690; x_wconf 84' lang='lat' dir='ltr'>quicumque</span> <span class='ocrx_word' id='word_1_68' title='bbox 951 631 1191 689; x_wconf 86' lang='lat' dir='ltr'>cognoscit</span> <span class='ocrx_word' id='word_1_69' title='bbox 1215 630 1413 690; x_wconf 89' lang='lat' dir='ltr'>perfecte</span> <span class='ocrx_word' id='word_1_70' title='bbox 1438 646 1535 676; x_wconf 90' lang='lat' dir='ltr'>rem</span> <span class='ocrx_word' id='word_1_71' title='bbox 1570 630 1785 690; x_wconf 85' lang='lat' dir='ltr'>aliquam,</span> <span class='ocrx_word' id='word_1_72' title='bbox 1824 631 2065 690; x_wconf 79' lang='lat' dir='ltr'>cognoscit</span> <span class='ocrx_word' id='word_1_73' title='bbox 2098 632 2256 676; x_wconf 88' lang='lat' dir='ltr'>omnia</span> 
     </span>
     <span class='ocr_line' id='line_1_8' title="bbox 292 698 2257 758; baseline 0.001 -16"><span class='ocrx_word' id='word_1_74' title='bbox 292 713 410 757; x_wconf 88' lang='lat' dir='ltr'>quae</span> <span class='ocrx_word' id='word_1_75' title='bbox 435 699 492 742; x_wconf 91' lang='lat' dir='ltr'>de</span> <span class='ocrx_word' id='word_1_76' title='bbox 519 713 566 742; x_wconf 91' lang='lat' dir='ltr'>re</span> <span class='ocrx_word' id='word_1_77' title='bbox 599 699 677 742; x_wconf 92' lang='lat' dir='ltr'>illa</span> <span class='ocrx_word' id='word_1_78' title='bbox 703 712 808 742; x_wconf 88' lang='lat' dir='ltr'>vere</span> <span class='ocrx_word' id='word_1_79' title='bbox 835 708 1027 756; x_wconf 84' lang='lat' dir='ltr'>possunt</span> <span class='ocrx_word' id='word_1_80' title='bbox 1052 698 1155 752; x_wconf 89' lang='lat' dir='ltr'>dici,</span> <span class='ocrx_word' id='word_1_81' title='bbox 1182 708 1227 743; x_wconf 94' lang='lat' dir='ltr'>et</span> <span class='ocrx_word' id='word_1_82' title='bbox 1251 713 1367 758; x_wconf 88' lang='lat' dir='ltr'>quae</span> <span class='ocrx_word' id='word_1_83' title='bbox 1389 699 1432 742; x_wconf 91' lang='lat' dir='ltr'>ei</span> <span class='ocrx_word' id='word_1_84' title='bbox 1454 699 1732 743; x_wconf 90' lang='lat' dir='ltr'>conveniunt</span> <span class='ocrx_word' id='word_1_85' title='bbox 1753 698 2006 742; x_wconf 88' lang='lat' dir='ltr'>secundum</span> <span class='ocrx_word' id='word_1_86' title='bbox 2025 712 2156 744; x_wconf 85' lang='lat' dir='ltr'>suam</span> <span class='ocrx_word' id='word_1_87' title='bbox 2180 713 2257 743; x_wconf 86' lang='lat' dir='ltr'>na·</span> 
     </span>
     <span class='ocr_line' id='line_1_9' title="bbox 289 764 2253 824; baseline 0.001 -15"><span class='ocrx_word' id='word_1_88' title='bbox 289 774 454 811; x_wconf 89' lang='lat' dir='ltr'>turam.</span> <span class='ocrx_word' id='word_1_89' title='bbox 492 766 595 809; x_wconf 90' lang='lat' dir='ltr'>Deo</span> <span class='ocrx_word' id='word_1_90' title='bbox 625 775 777 808; x_wconf 83' lang='lat' dir='ltr'>autem</span> <span class='ocrx_word' id='word_1_91' title='bbox 799 764 1050 809; x_wconf 90' lang='lat' dir='ltr'>secundum</span> <span class='ocrx_word' id='word_1_92' title='bbox 1069 779 1200 809; x_wconf 91' lang='lat' dir='ltr'>suam</span> <span class='ocrx_word' id='word_1_93' title='bbox 1216 775 1426 810; x_wconf 88' lang='lat' dir='ltr'>naturam</span> <span class='ocrx_word' id='word_1_94' title='bbox 1445 766 1660 810; x_wconf 87' lang='lat' dir='ltr'>convenit</span> <span class='ocrx_word' id='word_1_95' title='bbox 1676 765 1799 824; x_wconf 94' lang='lat' dir='ltr'>quod</span> <span class='ocrx_word' id='word_1_96' title='bbox 1816 765 1873 809; x_wconf 91' lang='lat' dir='ltr'>sit</span> <span class='ocrx_word' id='word_1_97' title='bbox 1890 764 2086 809; x_wconf 87' lang='lat' dir='ltr'>aliorum</span> <span class='ocrx_word' id='word_1_98' title='bbox 2102 776 2253 810; x_wconf 73' lang='lat' dir='ltr'>causa.</span> 
     </span>
     <span class='ocr_line' id='line_1_10' title="bbox 292 831 2253 891; baseline 0.001 -14"><span class='ocrx_word' id='word_1_99' title='bbox 292 833 413 877; x_wconf 89' lang='lat' dir='ltr'>Cum</span> <span class='ocrx_word' id='word_1_100' title='bbox 439 833 576 891; x_wconf 88' lang='lat' dir='ltr'>igitur</span> <span class='ocrx_word' id='word_1_101' title='bbox 602 831 798 891; x_wconf 89' lang='lat' dir='ltr'>perfecte</span> <span class='ocrx_word' id='word_1_102' title='bbox 821 832 1021 891; x_wconf 89' lang='lat' dir='ltr'>seipsum</span> <span class='ocrx_word' id='word_1_103' title='bbox 1045 843 1309 891; x_wconf 88' lang='lat' dir='ltr'>cognoscat,</span> <span class='ocrx_word' id='word_1_104' title='bbox 1334 833 1574 891; x_wconf 90' lang='lat' dir='ltr'>cognoscit</span> <span class='ocrx_word' id='word_1_105' title='bbox 1595 847 1642 877; x_wconf 92' lang='lat' dir='ltr'>se</span> <span class='ocrx_word' id='word_1_106' title='bbox 1665 847 1762 877; x_wconf 89' lang='lat' dir='ltr'>esse</span> <span class='ocrx_word' id='word_1_107' title='bbox 1785 846 1986 888; x_wconf 88' lang='lat' dir='ltr'>causam,</span> <span class='ocrx_word' id='word_1_108' title='bbox 2010 832 2134 891; x_wconf 88' lang='lat' dir='ltr'>quod</span> <span class='ocrx_word' id='word_1_109' title='bbox 2155 847 2253 878; x_wconf 89' lang='lat' dir='ltr'>esse</span> 
     </span>
     <span class='ocr_line' id='line_1_11' title="bbox 287 899 2255 960; baseline 0.001 -18"><span class='ocrx_word' id='word_1_110' title='bbox 287 914 382 943; x_wconf 83' lang='lat' dir='ltr'>non</span> <span class='ocrx_word' id='word_1_111' title='bbox 415 910 563 957; x_wconf 88' lang='lat' dir='ltr'>potest</span> <span class='ocrx_word' id='word_1_112' title='bbox 588 899 675 943; x_wconf 90' lang='lat' dir='ltr'>nisi</span> <span class='ocrx_word' id='word_1_113' title='bbox 702 910 953 958; x_wconf 89' lang='lat' dir='ltr'>cognoscat</span> <span class='ocrx_word' id='word_1_114' title='bbox 975 899 1230 959; x_wconf 86' lang='lat' dir='ltr'>aliqualiter</span> <span class='ocrx_word' id='word_1_115' title='bbox 1256 910 1506 954; x_wconf 89' lang='lat' dir='ltr'>causatum,</span> <span class='ocrx_word' id='word_1_116' title='bbox 1534 899 1656 959; x_wconf 91' lang='lat' dir='ltr'>quod</span> <span class='ocrx_word' id='word_1_117' title='bbox 1679 909 1749 944; x_wconf 90' lang='lat' dir='ltr'>est</span> <span class='ocrx_word' id='word_1_118' title='bbox 1769 899 1890 943; x_wconf 88' lang='lat' dir='ltr'>aliud</span> <span class='ocrx_word' id='word_1_119' title='bbox 1913 899 1967 944; x_wconf 91' lang='lat' dir='ltr'>ab</span> <span class='ocrx_word' id='word_1_120' title='bbox 1989 899 2116 960; x_wconf 83' lang='lat' dir='ltr'>ips03</span> <span class='ocrx_word' id='word_1_121' title='bbox 2138 900 2255 944; x_wconf 82' lang='lat' dir='ltr'>nihil</span> 
     </span>
     <span class='ocr_line' id='line_1_12' title="bbox 289 967 1760 1026; baseline 0 -15"><span class='ocrx_word' id='word_1_122' title='bbox 289 967 411 1011; x_wconf 89' lang='lat' dir='ltr'>enirn</span> <span class='ocrx_word' id='word_1_123' title='bbox 438 967 506 1009; x_wconf 91' lang='lat' dir='ltr'>sui</span> <span class='ocrx_word' id='word_1_124' title='bbox 533 967 671 1024; x_wconf 88' lang='lat' dir='ltr'>ipsius</span> <span class='ocrx_word' id='word_1_125' title='bbox 699 979 837 1010; x_wconf 89' lang='lat' dir='ltr'>causa</span> <span class='ocrx_word' id='word_1_126' title='bbox 864 976 956 1021; x_wconf 84' lang='lat' dir='ltr'>est3</span> <span class='ocrx_word' id='word_1_127' title='bbox 983 981 1092 1025; x_wconf 89' lang='lat' dir='ltr'>ergo</span> <span class='ocrx_word' id='word_1_128' title='bbox 1118 967 1244 1011; x_wconf 92' lang='lat' dir='ltr'>Deus</span> <span class='ocrx_word' id='word_1_129' title='bbox 1272 967 1512 1026; x_wconf 86' lang='lat' dir='ltr'>cognoscit</span> <span class='ocrx_word' id='word_1_130' title='bbox 1533 967 1622 1010; x_wconf 89' lang='lat' dir='ltr'>alia</span> <span class='ocrx_word' id='word_1_131' title='bbox 1647 981 1673 1010; x_wconf 92' lang='lat' dir='ltr'>a</span> <span class='ocrx_word' id='word_1_132' title='bbox 1699 974 1760 1012; x_wconf 82' lang='lat' dir='ltr'>se&#39;.</span> 
     </span>
    </p>

    <p class='ocr_par' dir='ltr' id='par_1_4' title="bbox 285 1033 2254 1563">
     <span class='ocr_line' id='line_1_13' title="bbox 378 1033 2254 1093; baseline 0.001 -16"><span class='ocrx_word' id='word_1_133' title='bbox 378 1033 662 1091; x_wconf 89' lang='lat' dir='ltr'>Colligentes</span> <span class='ocrx_word' id='word_1_134' title='bbox 688 1033 826 1091; x_wconf 86' lang='lat' dir='ltr'>igitur</span> <span class='ocrx_word' id='word_1_135' title='bbox 850 1033 934 1077; x_wconf 92' lang='lat' dir='ltr'>has</span> <span class='ocrx_word' id='word_1_136' title='bbox 960 1033 1071 1078; x_wconf 89' lang='lat' dir='ltr'>duas</span> <span class='ocrx_word' id='word_1_137' title='bbox 1099 1033 1419 1078; x_wconf 88' lang='lat' dir='ltr'>conclusiones</span> <span class='ocrx_word' id='word_1_138' title='bbox 1446 1044 1632 1093; x_wconf 90' lang='lat' dir='ltr'>apparet</span> <span class='ocrx_word' id='word_1_139' title='bbox 1662 1035 1814 1077; x_wconf 90' lang='lat' dir='ltr'>Deum</span> <span class='ocrx_word' id='word_1_140' title='bbox 1859 1046 2141 1093; x_wconf 86' lang='lat' dir='ltr'>cognoscere</span> <span class='ocrx_word' id='word_1_141' title='bbox 2173 1033 2254 1079; x_wconf 86' lang='lat' dir='ltr'>sei-</span> 
     </span>
     <span class='ocr_line' id='line_1_14' title="bbox 291 1100 2252 1159; baseline 0.002 -16"><span class='ocrx_word' id='word_1_142' title='bbox 291 1115 438 1159; x_wconf 89' lang='lat' dir='ltr'>psum,</span> <span class='ocrx_word' id='word_1_143' title='bbox 472 1100 600 1159; x_wconf 87' lang='lat' dir='ltr'>quasi</span> <span class='ocrx_word' id='word_1_144' title='bbox 625 1100 774 1159; x_wconf 88' lang='lat' dir='ltr'>primo</span> <span class='ocrx_word' id='word_1_145' title='bbox 802 1109 846 1144; x_wconf 91' lang='lat' dir='ltr'>et</span> <span class='ocrx_word' id='word_1_146' title='bbox 870 1114 950 1158; x_wconf 91' lang='lat' dir='ltr'>per</span> <span class='ocrx_word' id='word_1_147' title='bbox 981 1114 1029 1144; x_wconf 91' lang='lat' dir='ltr'>se</span> <span class='ocrx_word' id='word_1_148' title='bbox 1065 1110 1243 1154; x_wconf 89' lang='lat' dir='ltr'>notum,</span> <span class='ocrx_word' id='word_1_149' title='bbox 1281 1100 1369 1144; x_wconf 90' lang='lat' dir='ltr'>alia</span> <span class='ocrx_word' id='word_1_150' title='bbox 1406 1114 1518 1144; x_wconf 88' lang='lat' dir='ltr'>vero</span> <span class='ocrx_word' id='word_1_151' title='bbox 1555 1101 1672 1145; x_wconf 92' lang='lat' dir='ltr'>sicut</span> <span class='ocrx_word' id='word_1_152' title='bbox 1710 1101 1757 1144; x_wconf 90' lang='lat' dir='ltr'>in</span> <span class='ocrx_word' id='word_1_153' title='bbox 1797 1101 1992 1146; x_wconf 86' lang='lat' dir='ltr'>essentia</span> <span class='ocrx_word' id='word_1_154' title='bbox 2023 1115 2107 1146; x_wconf 90' lang='lat' dir='ltr'>sua</span> <span class='ocrx_word' id='word_1_155' title='bbox 2141 1101 2252 1146; x_wconf 88' lang='lat' dir='ltr'>visa.</span> 
     </span>
     <span class='ocr_line' id='line_1_15' title="bbox 290 1166 2251 1227; baseline 0.001 -16"><span class='ocrx_word' id='word_1_156' title='bbox 290 1168 446 1220; x_wconf 88' lang='lat' dir='ltr'>Quam</span> <span class='ocrx_word' id='word_1_157' title='bbox 464 1168 648 1227; x_wconf 92' lang='lat' dir='ltr'>quidem</span> <span class='ocrx_word' id='word_1_158' title='bbox 675 1167 914 1212; x_wconf 86' lang='lat' dir='ltr'>veritatem</span> <span class='ocrx_word' id='word_1_159' title='bbox 942 1182 1152 1226; x_wconf 87' lang='lat' dir='ltr'>expresse</span> <span class='ocrx_word' id='word_1_160' title='bbox 1169 1168 1420 1227; x_wconf 89' lang='lat' dir='ltr'>Dionysius</span> <span class='ocrx_word' id='word_1_161' title='bbox 1436 1167 1572 1211; x_wconf 89' lang='lat' dir='ltr'>tradit</span> <span class='ocrx_word' id='word_1_162' title='bbox 1587 1168 1634 1211; x_wconf 90' lang='lat' dir='ltr'>in</span> <span class='ocrx_word' id='word_1_163' title='bbox 1650 1166 1750 1211; x_wconf 93' lang='lat' dir='ltr'>VII.</span> <span class='ocrx_word' id='word_1_164' title='bbox 1765 1182 1862 1227; x_wconf 90' lang='lat' dir='ltr'>cap.</span> <span class='ocrx_word' id='word_1_165' title='bbox 1875 1167 1947 1212; x_wconf 90' lang='lat' dir='ltr'>De</span> <span class='ocrx_word' id='word_1_166' title='bbox 1960 1168 2046 1212; x_wconf 90' lang='lat' dir='ltr'>div.</span> <span class='ocrx_word' id='word_1_167' title='bbox 2060 1168 2251 1223; x_wconf 66' lang='lat' dir='ltr'>nomin„</span> 
     </span>
     <span class='ocr_line' id='line_1_16' title="bbox 287 1234 2248 1293; baseline 0 -14"><span class='ocrx_word' id='word_1_168' title='bbox 287 1236 464 1281; x_wconf 88' lang='lat' dir='ltr'>dicens:</span> <span class='ocrx_word' id='word_1_169' title='bbox 491 1251 513 1276; x_wconf 74' lang='grc' dir='ltr'>ε(</span> <span class='ocrx_word' id='word_1_170' title='bbox 535 1235 643 1279; x_wconf 92' lang='lat' dir='ltr'>Non</span> <span class='ocrx_word' id='word_1_171' title='bbox 669 1234 923 1279; x_wconf 89' lang='lat' dir='ltr'>secundum</span> <span class='ocrx_word' id='word_1_172' title='bbox 948 1235 1176 1279; x_wconf 87' lang='lat' dir='ltr'>visionem</span> <span class='ocrx_word' id='word_1_173' title='bbox 1194 1234 1385 1293; x_wconf 88' lang='lat' dir='ltr'>singulis</span> <span class='ocrx_word' id='word_1_174' title='bbox 1402 1249 1450 1278; x_wconf 92' lang='lat' dir='ltr'>se</span> <span class='ocrx_word' id='word_1_175' title='bbox 1466 1234 1684 1288; x_wconf 83' lang='lat' dir='ltr'>immittit,</span> <span class='ocrx_word' id='word_1_176' title='bbox 1706 1234 1786 1278; x_wconf 91' lang='lat' dir='ltr'>sed</span> <span class='ocrx_word' id='word_1_177' title='bbox 1808 1234 2061 1279; x_wconf 90' lang='lat' dir='ltr'>secundum</span> <span class='ocrx_word' id='word_1_178' title='bbox 2084 1248 2248 1280; x_wconf 89' lang='lat' dir='ltr'>causae</span> 
     </span>
     <span class='ocr_line' id='line_1_17' title="bbox 287 1301 2251 1361; baseline 0.001 -15"><span class='ocrx_word' id='word_1_179' title='bbox 287 1303 620 1347; x_wconf 90' lang='lat' dir='ltr'>continentiam</span> <span class='ocrx_word' id='word_1_180' title='bbox 646 1303 731 1347; x_wconf 88' lang='lat' dir='ltr'>scit</span> <span class='ocrx_word' id='word_1_181' title='bbox 757 1302 915 1347; x_wconf 89' lang='lat' dir='ltr'>omnia</span> <span class='ocrx_word' id='word_1_182' title='bbox 941 1318 990 1356; x_wconf 73' lang='grc' dir='ltr'>»ς</span> <span class='ocrx_word' id='word_1_183' title='bbox 1017 1312 1062 1346; x_wconf 93' lang='lat' dir='ltr'>et</span> <span class='ocrx_word' id='word_1_184' title='bbox 1082 1301 1219 1347; x_wconf 89' lang='lat' dir='ltr'>infra:</span> <span class='ocrx_word' id='word_1_185' title='bbox 1251 1319 1273 1343; x_wconf 90' lang='lat'><strong><em>«</em></strong></span> <span class='ocrx_word' id='word_1_186' title='bbox 1295 1301 1464 1346; x_wconf 89' lang='lat' dir='ltr'>Divina</span> <span class='ocrx_word' id='word_1_187' title='bbox 1490 1302 1710 1361; x_wconf 87' lang='lat' dir='ltr'>sapientia</span> <span class='ocrx_word' id='word_1_188' title='bbox 1731 1301 1927 1360; x_wconf 88' lang='lat' dir='ltr'>seipsam</span> <span class='ocrx_word' id='word_1_189' title='bbox 1950 1305 2251 1361; x_wconf 86' lang='lat' dir='ltr'>cognoscens,</span> 
     </span>
     <span class='ocr_line' id='line_1_18' title="bbox 286 1368 2252 1428; baseline 0 -14"><span class='ocrx_word' id='word_1_190' title='bbox 286 1370 371 1415; x_wconf 91' lang='lat' dir='ltr'>scit</span> <span class='ocrx_word' id='word_1_191' title='bbox 403 1369 490 1413; x_wconf 91' lang='lat' dir='ltr'>alia</span> <span class='ocrx_word' id='word_1_192' title='bbox 516 1385 567 1414; x_wconf 78' lang='lat' dir='ltr'>»z</span> <span class='ocrx_word' id='word_1_193' title='bbox 596 1369 671 1414; x_wconf 92' lang='lat' dir='ltr'>cui</span> <span class='ocrx_word' id='word_1_194' title='bbox 696 1370 835 1414; x_wconf 89' lang='lat' dir='ltr'>etiam</span> <span class='ocrx_word' id='word_1_195' title='bbox 874 1369 1128 1414; x_wconf 90' lang='lat' dir='ltr'>sententiae</span> <span class='ocrx_word' id='word_1_196' title='bbox 1166 1369 1367 1413; x_wconf 87' lang='lat' dir='ltr'>attestari</span> <span class='ocrx_word' id='word_1_197' title='bbox 1397 1368 1574 1413; x_wconf 88' lang='lat' dir='ltr'>videtur</span> <span class='ocrx_word' id='word_1_198' title='bbox 1606 1368 1865 1428; x_wconf 82' lang='lat' dir='ltr'>Scripturae</span> <span class='ocrx_word' id='word_1_199' title='bbox 1900 1381 2056 1414; x_wconf 85' lang='lat' dir='ltr'>sacrae</span> <span class='ocrx_word' id='word_1_200' title='bbox 2095 1380 2252 1414; x_wconf 78' lang='lat' dir='ltr'>aucto-</span> 
     </span>
     <span class='ocr_line' id='line_1_19' title="bbox 285 1435 2251 1496; baseline 0 -15"><span class='ocrx_word' id='word_1_201' title='bbox 285 1438 407 1491; x_wconf 86' lang='lat' dir='ltr'>ritas,</span> <span class='ocrx_word' id='word_1_202' title='bbox 446 1451 554 1481; x_wconf 88' lang='lat' dir='ltr'>nam</span> <span class='ocrx_word' id='word_1_203' title='bbox 596 1437 642 1481; x_wconf 93' lang='lat' dir='ltr'>in</span> <span class='ocrx_word' id='word_1_204' title='bbox 684 1436 803 1481; x_wconf 89' lang='lat' dir='ltr'>Psal.</span> <span class='ocrx_word' id='word_1_205' title='bbox 848 1437 923 1481; x_wconf 93' lang='lat' dir='ltr'>CI.</span> <span class='ocrx_word' id='word_1_206' title='bbox 953 1450 1022 1482; x_wconf 89' lang='lat'>20.</span> <span class='ocrx_word' id='word_1_207' title='bbox 1051 1437 1106 1481; x_wconf 91' lang='lat' dir='ltr'>de</span> <span class='ocrx_word' id='word_1_208' title='bbox 1131 1437 1235 1481; x_wconf 91' lang='lat' dir='ltr'>Deo</span> <span class='ocrx_word' id='word_1_209' title='bbox 1263 1436 1451 1482; x_wconf 89' lang='lat' dir='ltr'>dicitur:</span> <span class='ocrx_word' id='word_1_210' title='bbox 1486 1437 1701 1496; x_wconf 83' lang='lat' dir='ltr'>Prospexit</span> <span class='ocrx_word' id='word_1_211' title='bbox 1731 1435 1778 1481; x_wconf 82' lang='lat' dir='ltr'>de</span> <span class='ocrx_word' id='word_1_212' title='bbox 1803 1436 1956 1481; x_wconf 75' lang='lat' dir='ltr'>excelso</span> <span class='ocrx_word' id='word_1_213' title='bbox 1985 1442 2129 1482; x_wconf 82' lang='lat' dir='ltr'>sancto</span> <span class='ocrx_word' id='word_1_214' title='bbox 2161 1450 2251 1491; x_wconf 87' lang='lat' dir='ltr'>suo,</span> 
     </span>
     <span class='ocr_line' id='line_1_20' title="bbox 285 1497 1196 1563; baseline 0.001 -15"><span class='ocrx_word' id='word_1_215' title='bbox 285 1504 415 1563; x_wconf 90' lang='lat' dir='ltr'>quasi</span> <span class='ocrx_word' id='word_1_216' title='bbox 440 1503 499 1552; x_wconf 61' lang='lat' dir='ltr'>de.</span> <span class='ocrx_word' id='word_1_217' title='bbox 522 1497 671 1563; x_wconf 85' lang='lat' dir='ltr'>seipso</span> <span class='ocrx_word' id='word_1_218' title='bbox 699 1502 881 1548; x_wconf 82' lang='lat' dir='ltr'>excelso</span> <span class='ocrx_word' id='word_1_219' title='bbox 909 1503 998 1548; x_wconf 88' lang='lat' dir='ltr'>alia</span> <span class='ocrx_word' id='word_1_220' title='bbox 1023 1503 1196 1549; x_wconf 90' lang='lat' dir='ltr'>videns.</span> 
     </span>
    </p>
   </div>
   <div class='ocr_carea' id='block_1_3' title="bbox 1090 1680 1447 1738">
    <p class='ocr_par' dir='ltr' id='par_1_5' title="bbox 1090 1680 1447 1738">
     <span class='ocr_line' id='line_1_21' title="bbox 1090 1680 1447 1738; baseline -0.006 0"><span class='ocrx_word' id='word_1_221' title='bbox 1090 1680 1344 1738; x_wconf 88' lang='lat' dir='ltr'><strong>CAPUT</strong></span> <span class='ocrx_word' id='word_1_222' title='bbox 1385 1682 1447 1737; x_wconf 88' lang='lat' dir='ltr'>L.</span> 
     </span>
    </p>
   </div>
   <div class='ocr_carea' id='block_1_4' title="bbox 324 1815 2229 1982">
    <p class='ocr_par' dir='ltr' id='par_1_6' title="bbox 324 1815 2229 1982">
     <span class='ocr_line' id='line_1_22' title="bbox 324 1815 2229 1866; baseline -0.002 -8"><span class='ocrx_word' id='word_1_223' title='bbox 324 1819 478 1866; x_wconf 88' lang='lat' dir='ltr'><strong>QUOD</strong></span> <span class='ocrx_word' id='word_1_224' title='bbox 513 1820 654 1858; x_wconf 91' lang='lat' dir='ltr'>DEUS</span> <span class='ocrx_word' id='word_1_225' title='bbox 688 1819 869 1858; x_wconf 88' lang='lat' dir='ltr'>HABET</span> <span class='ocrx_word' id='word_1_226' title='bbox 903 1819 1179 1859; x_wconf 90' lang='lat' dir='ltr'>PROPRIAM</span> <span class='ocrx_word' id='word_1_227' title='bbox 1211 1818 1609 1858; x_wconf 91' lang='lat' dir='ltr'>COGNITIONEM</span> <span class='ocrx_word' id='word_1_228' title='bbox 1643 1819 1718 1856; x_wconf 87' lang='lat' dir='ltr'>DE</span> <span class='ocrx_word' id='word_1_229' title='bbox 1750 1818 1917 1856; x_wconf 90' lang='lat' dir='ltr'><strong>REBUS</strong></span> <span class='ocrx_word' id='word_1_230' title='bbox 1952 1815 2229 1857; x_wconf 52' lang='lat' dir='ltr'><strong>OMNIBUS.-</strong></span> 
     </span>
     <span class='ocr_line' id='line_1_23' title="bbox 879 1922 1652 1982; baseline -0.001 -15"><span class='ocrx_word' id='word_1_231' title='bbox 879 1924 937 1981; x_wconf 86' lang='grc' dir='ltr'>(Ι.</span> <span class='ocrx_word' id='word_1_232' title='bbox 968 1929 1083 1982; x_wconf 83' lang='lat' dir='ltr'>part.</span> <span class='ocrx_word' id='word_1_233' title='bbox 1117 1930 1269 1982; x_wconf 79' lang='lat' dir='ltr'>quaest.</span> <span class='ocrx_word' id='word_1_234' title='bbox 1304 1923 1420 1968; x_wconf 91' lang='lat' dir='ltr'><em>XIV.</em></span> <span class='ocrx_word' id='word_1_235' title='bbox 1455 1929 1536 1967; x_wconf 83' lang='lat' dir='ltr'>art.</span> <span class='ocrx_word' id='word_1_236' title='bbox 1572 1922 1652 1980; x_wconf 90' lang='grc'><strong><em>6.).</em></strong></span> 
     </span>
    </p>
   </div>
   <div class='ocr_carea' id='block_1_5' title="bbox 279 2030 2262 3637">
    <p class='ocr_par' dir='ltr' id='par_1_7' title="bbox 279 2030 2262 3285">
     <span class='ocr_line' id='line_1_24' title="bbox 377 2030 2252 2092; baseline -0.001 -16"><span class='ocrx_word' id='word_1_237' title='bbox 377 2033 499 2085; x_wconf 87' lang='lat' dir='ltr'>Quia</span> <span class='ocrx_word' id='word_1_238' title='bbox 525 2046 635 2077; x_wconf 90' lang='lat' dir='ltr'>vero</span> <span class='ocrx_word' id='word_1_239' title='bbox 662 2032 849 2092; x_wconf 89' lang='lat' dir='ltr'>quidam</span> <span class='ocrx_word' id='word_1_240' title='bbox 875 2032 1082 2077; x_wconf 84' lang='lat' dir='ltr'>dixerunt</span> <span class='ocrx_word' id='word_1_241' title='bbox 1107 2033 1229 2092; x_wconf 90' lang='lat' dir='ltr'>quod</span> <span class='ocrx_word' id='word_1_242' title='bbox 1261 2034 1388 2077; x_wconf 90' lang='lat' dir='ltr'>Deus</span> <span class='ocrx_word' id='word_1_243' title='bbox 1422 2033 1476 2077; x_wconf 92' lang='lat' dir='ltr'>de</span> <span class='ocrx_word' id='word_1_244' title='bbox 1510 2032 1608 2077; x_wconf 86' lang='lat' dir='ltr'>aliis</span> <span class='ocrx_word' id='word_1_245' title='bbox 1647 2031 1780 2077; x_wconf 89' lang='lat' dir='ltr'>rebus</span> <span class='ocrx_word' id='word_1_246' title='bbox 1805 2045 1901 2076; x_wconf 85' lang='lat' dir='ltr'>non</span> <span class='ocrx_word' id='word_1_247' title='bbox 1925 2030 2064 2076; x_wconf 90' lang='lat' dir='ltr'>habet</span> <span class='ocrx_word' id='word_1_248' title='bbox 2096 2030 2252 2090; x_wconf 89' lang='lat' dir='ltr'>cogni·</span> 
     </span>
     <span class='ocr_line' id='line_1_25' title="bbox 283 2098 2250 2159; baseline -0.001 -15"><span class='ocrx_word' id='word_1_249' title='bbox 283 2101 457 2145; x_wconf 87' lang='lat' dir='ltr'>tionem</span> <span class='ocrx_word' id='word_1_250' title='bbox 489 2100 577 2144; x_wconf 89' lang='lat' dir='ltr'>nisi</span> <span class='ocrx_word' id='word_1_251' title='bbox 602 2100 923 2154; x_wconf 87' lang='lat' dir='ltr'>universalem,</span> <span class='ocrx_word' id='word_1_252' title='bbox 946 2110 1102 2159; x_wconf 89' lang='lat' dir='ltr'>utpote</span> <span class='ocrx_word' id='word_1_253' title='bbox 1131 2114 1419 2159; x_wconf 91' lang='lat' dir='ltr'>cognoscens</span> <span class='ocrx_word' id='word_1_254' title='bbox 1452 2114 1506 2144; x_wconf 91' lang='lat' dir='ltr'>ea</span> <span class='ocrx_word' id='word_1_255' title='bbox 1536 2100 1583 2143; x_wconf 90' lang='lat' dir='ltr'>in</span> <span class='ocrx_word' id='word_1_256' title='bbox 1619 2109 1841 2158; x_wconf 89' lang='lat' dir='ltr'>quantum</span> <span class='ocrx_word' id='word_1_257' title='bbox 1881 2107 1987 2143; x_wconf 86' lang='lat' dir='ltr'>sunt</span> <span class='ocrx_word' id='word_1_258' title='bbox 2027 2098 2164 2152; x_wconf 83' lang='lat' dir='ltr'>entia,</span> <span class='ocrx_word' id='word_1_259' title='bbox 2195 2111 2250 2142; x_wconf 84' lang='lat' dir='ltr'>ex</span> 
     </span>
     <span class='ocr_line' id='line_1_26' title="bbox 282 2165 2251 2227; baseline -0.001 -16"><span class='ocrx_word' id='word_1_260' title='bbox 282 2167 374 2211; x_wconf 92' lang='lat' dir='ltr'>hoc</span> <span class='ocrx_word' id='word_1_261' title='bbox 402 2167 524 2226; x_wconf 89' lang='lat' dir='ltr'>quod</span> <span class='ocrx_word' id='word_1_262' title='bbox 541 2177 752 2211; x_wconf 89' lang='lat' dir='ltr'>naturam</span> <span class='ocrx_word' id='word_1_263' title='bbox 780 2167 959 2212; x_wconf 88' lang='lat' dir='ltr'>essendi</span> <span class='ocrx_word' id='word_1_264' title='bbox 985 2169 1223 2226; x_wconf 87' lang='lat' dir='ltr'>cognoscit</span> <span class='ocrx_word' id='word_1_265' title='bbox 1249 2182 1329 2227; x_wconf 90' lang='lat' dir='ltr'>per</span> <span class='ocrx_word' id='word_1_266' title='bbox 1356 2167 1670 2226; x_wconf 88' lang='lat' dir='ltr'>cognitionem</span> <span class='ocrx_word' id='word_1_267' title='bbox 1689 2165 1912 2226; x_wconf 89' lang='lat' dir='ltr'>suiipsius,</span> <span class='ocrx_word' id='word_1_268' title='bbox 1944 2174 2083 2211; x_wconf 87' lang='lat' dir='ltr'>restat</span> <span class='ocrx_word' id='word_1_269' title='bbox 2103 2174 2251 2210; x_wconf 86' lang='lat' dir='ltr'>osten-</span> 
     </span>
     <span class='ocr_line' id='line_1_27' title="bbox 283 2231 2252 2293; baseline -0.001 -16"><span class='ocrx_word' id='word_1_270' title='bbox 283 2234 484 2278; x_wconf 88' lang='lat' dir='ltr'>dendum</span> <span class='ocrx_word' id='word_1_271' title='bbox 513 2235 635 2293; x_wconf 94' lang='lat' dir='ltr'>quod</span> <span class='ocrx_word' id='word_1_272' title='bbox 667 2235 793 2278; x_wconf 91' lang='lat' dir='ltr'>Deus</span> <span class='ocrx_word' id='word_1_273' title='bbox 821 2235 1060 2293; x_wconf 88' lang='lat' dir='ltr'>cognoscit</span> <span class='ocrx_word' id='word_1_274' title='bbox 1096 2249 1258 2279; x_wconf 90' lang='lat' dir='ltr'>omnes</span> <span class='ocrx_word' id='word_1_275' title='bbox 1301 2234 1411 2279; x_wconf 89' lang='lat' dir='ltr'>alias</span> <span class='ocrx_word' id='word_1_276' title='bbox 1445 2248 1531 2288; x_wconf 90' lang='lat' dir='ltr'>res,</span> <span class='ocrx_word' id='word_1_277' title='bbox 1563 2244 1698 2293; x_wconf 91' lang='lat' dir='ltr'>prout</span> <span class='ocrx_word' id='word_1_278' title='bbox 1731 2233 1785 2276; x_wconf 89' lang='lat' dir='ltr'>ab</span> <span class='ocrx_word' id='word_1_279' title='bbox 1823 2233 2021 2277; x_wconf 61' lang='lat' dir='ltr'>inx‘ricem</span> <span class='ocrx_word' id='word_1_280' title='bbox 2056 2241 2160 2277; x_wconf 84' lang='lat' dir='ltr'>sunt</span> <span class='ocrx_word' id='word_1_281' title='bbox 2190 2231 2252 2276; x_wconf 86' lang='lat' dir='ltr'>di-</span> 
     </span>
     <span class='ocr_line' id='line_1_28' title="bbox 283 2300 2249 2360; baseline -0.001 -15"><span class='ocrx_word' id='word_1_282' title='bbox 283 2302 473 2345; x_wconf 89' lang='lat' dir='ltr'>stinctae</span> <span class='ocrx_word' id='word_1_283' title='bbox 500 2312 544 2346; x_wconf 92' lang='lat' dir='ltr'>et</span> <span class='ocrx_word' id='word_1_284' title='bbox 566 2316 591 2345; x_wconf 93' lang='lat' dir='ltr'>a</span> <span class='ocrx_word' id='word_1_285' title='bbox 607 2302 735 2346; x_wconf 90' lang='lat' dir='ltr'>Deo:</span> <span class='ocrx_word' id='word_1_286' title='bbox 761 2302 882 2360; x_wconf 93' lang='lat' dir='ltr'>quod</span> <span class='ocrx_word' id='word_1_287' title='bbox 901 2312 968 2346; x_wconf 92' lang='lat' dir='ltr'>est</span> <span class='ocrx_word' id='word_1_288' title='bbox 987 2316 1267 2360; x_wconf 89' lang='lat' dir='ltr'>cognoscere</span> <span class='ocrx_word' id='word_1_289' title='bbox 1283 2316 1355 2346; x_wconf 89' lang='lat' dir='ltr'>res</span> <span class='ocrx_word' id='word_1_290' title='bbox 1372 2301 1623 2347; x_wconf 89' lang='lat' dir='ltr'>secundum</span> <span class='ocrx_word' id='word_1_291' title='bbox 1641 2302 1843 2360; x_wconf 88' lang='lat' dir='ltr'>proprias</span> <span class='ocrx_word' id='word_1_292' title='bbox 1860 2300 2059 2344; x_wconf 87' lang='lat' dir='ltr'>rationes</span> <span class='ocrx_word' id='word_1_293' title='bbox 2077 2312 2249 2344; x_wconf 87' lang='lat' dir='ltr'>earum.</span> 
     </span>
     <span class='ocr_line' id='line_1_29' title="bbox 283 2367 2250 2427; baseline -0.001 -15"><span class='ocrx_word' id='word_1_294' title='bbox 283 2369 355 2413; x_wconf 92' lang='lat' dir='ltr'>Ad</span> <span class='ocrx_word' id='word_1_295' title='bbox 382 2369 515 2427; x_wconf 89' lang='lat' dir='ltr'>hujus</span> <span class='ocrx_word' id='word_1_296' title='bbox 543 2379 695 2413; x_wconf 89' lang='lat' dir='ltr'>autem</span> <span class='ocrx_word' id='word_1_297' title='bbox 723 2371 1051 2423; x_wconf 88' lang='lat' dir='ltr'>ostensionem,</span> <span class='ocrx_word' id='word_1_298' title='bbox 1077 2371 1230 2413; x_wconf 90' lang='lat' dir='ltr'>Deum</span> <span class='ocrx_word' id='word_1_299' title='bbox 1259 2384 1357 2414; x_wconf 91' lang='lat' dir='ltr'>esse</span> <span class='ocrx_word' id='word_1_300' title='bbox 1399 2383 1584 2414; x_wconf 91' lang='lat' dir='ltr'>causam</span> <span class='ocrx_word' id='word_1_301' title='bbox 1611 2369 1762 2412; x_wconf 87' lang='lat' dir='ltr'>omnis</span> <span class='ocrx_word' id='word_1_302' title='bbox 1798 2367 1930 2422; x_wconf 89' lang='lat' dir='ltr'>entis,</span> <span class='ocrx_word' id='word_1_303' title='bbox 1966 2376 2250 2427; x_wconf 83' lang='lat' dir='ltr'>supponatur</span> 
     </span>
     <span class='ocr_line' id='line_1_30' title="bbox 283 2433 2262 2496; baseline -0.001 -17"><span class='ocrx_word' id='word_1_304' title='bbox 283 2436 405 2494; x_wconf 92' lang='lat' dir='ltr'>quod</span> <span class='ocrx_word' id='word_1_305' title='bbox 432 2450 486 2480; x_wconf 85' lang='lat' dir='ltr'>ex</span> <span class='ocrx_word' id='word_1_306' title='bbox 512 2436 780 2495; x_wconf 90' lang='lat' dir='ltr'>supradictis</span> <span class='ocrx_word' id='word_1_307' title='bbox 805 2437 1088 2495; x_wconf 89' lang='lat' dir='ltr'>aliquatenus</span> <span class='ocrx_word' id='word_1_308' title='bbox 1114 2446 1252 2496; x_wconf 88' lang='lat' dir='ltr'>patet,</span> <span class='ocrx_word' id='word_1_309' title='bbox 1279 2447 1324 2481; x_wconf 90' lang='lat' dir='ltr'>et</span> <span class='ocrx_word' id='word_1_310' title='bbox 1349 2436 1463 2480; x_wconf 88' lang='lat' dir='ltr'>infra</span> <span class='ocrx_word' id='word_1_311' title='bbox 1491 2436 1611 2494; x_wconf 87' lang='lat' dir='ltr'>(Lib.</span> <span class='ocrx_word' id='word_1_312' title='bbox 1638 2435 1694 2479; x_wconf 92' lang='grc' dir='ltr'>ΙΙ.</span> <span class='ocrx_word' id='word_1_313' title='bbox 1723 2449 1761 2479; x_wconf 87' lang='lat' dir='ltr'>c.</span> <span class='ocrx_word' id='word_1_314' title='bbox 1787 2434 1875 2492; x_wconf 86' lang='lat'>15.)</span> <span class='ocrx_word' id='word_1_315' title='bbox 1902 2433 2079 2493; x_wconf 81' lang='lat' dir='ltr'>plenius</span> <span class='ocrx_word' id='word_1_316' title='bbox 2101 2442 2262 2479; x_wconf 72' lang='lat' dir='ltr'>osten·-</span> 
     </span>
     <span class='ocr_line' id='line_1_31' title="bbox 283 2494 2246 2563; baseline -0.001 -17"><span class='ocrx_word' id='word_1_317' title='bbox 283 2503 426 2547; x_wconf 91' lang='lat' dir='ltr'>detur.</span> <span class='ocrx_word' id='word_1_318' title='bbox 451 2503 526 2547; x_wconf 89' lang='lat' dir='ltr'>Sic</span> <span class='ocrx_word' id='word_1_319' title='bbox 554 2503 689 2562; x_wconf 89' lang='lat' dir='ltr'>igitur</span> <span class='ocrx_word' id='word_1_320' title='bbox 715 2503 830 2547; x_wconf 89' lang='lat' dir='ltr'>nihil</span> <span class='ocrx_word' id='word_1_321' title='bbox 851 2504 898 2547; x_wconf 91' lang='lat' dir='ltr'>in</span> <span class='ocrx_word' id='word_1_322' title='bbox 924 2503 1075 2563; x_wconf 89' lang='lat' dir='ltr'>aliqua</span> <span class='ocrx_word' id='word_1_323' title='bbox 1098 2518 1146 2548; x_wconf 92' lang='lat' dir='ltr'>re</span> <span class='ocrx_word' id='word_1_324' title='bbox 1173 2494 1272 2548; x_wconf 61' lang='lat' dir='ltr'>esse</span> <span class='ocrx_word' id='word_1_325' title='bbox 1298 2513 1461 2562; x_wconf 89' lang='lat' dir='ltr'>potest,</span> <span class='ocrx_word' id='word_1_326' title='bbox 1487 2502 1610 2562; x_wconf 91' lang='lat' dir='ltr'>quod</span> <span class='ocrx_word' id='word_1_327' title='bbox 1636 2516 1730 2546; x_wconf 91' lang='lat' dir='ltr'>non</span> <span class='ocrx_word' id='word_1_328' title='bbox 1757 2504 1814 2546; x_wconf 89' lang='lat' dir='ltr'>sit</span> <span class='ocrx_word' id='word_1_329' title='bbox 1834 2501 1889 2545; x_wconf 91' lang='lat' dir='ltr'>ab</span> <span class='ocrx_word' id='word_1_330' title='bbox 1912 2515 1969 2546; x_wconf 92' lang='lat' dir='ltr'>eo</span> <span class='ocrx_word' id='word_1_331' title='bbox 1992 2500 2246 2558; x_wconf 81' lang='lat' dir='ltr'>causatum,</span> 
     </span>
     <span class='ocr_line' id='line_1_32' title="bbox 282 2566 2248 2630; baseline 0 -17"><span class='ocrx_word' id='word_1_332' title='bbox 282 2569 356 2614; x_wconf 86' lang='lat' dir='ltr'>vel</span> <span class='ocrx_word' id='word_1_333' title='bbox 381 2570 579 2615; x_wconf 88' lang='lat' dir='ltr'>mediate</span> <span class='ocrx_word' id='word_1_334' title='bbox 610 2570 684 2614; x_wconf 89' lang='lat' dir='ltr'>vel</span> <span class='ocrx_word' id='word_1_335' title='bbox 708 2571 997 2626; x_wconf 81' lang='lat' dir='ltr'>immediate3</span> <span class='ocrx_word' id='word_1_336' title='bbox 1026 2572 1210 2630; x_wconf 89' lang='lat' dir='ltr'>cognita</span> <span class='ocrx_word' id='word_1_337' title='bbox 1238 2580 1391 2615; x_wconf 90' lang='lat' dir='ltr'>autem</span> <span class='ocrx_word' id='word_1_338' title='bbox 1419 2584 1555 2615; x_wconf 90' lang='lat' dir='ltr'>causa</span> <span class='ocrx_word' id='word_1_339' title='bbox 1591 2569 1886 2628; x_wconf 90' lang='lat' dir='ltr'>cognoscitur</span> <span class='ocrx_word' id='word_1_340' title='bbox 1922 2570 2020 2627; x_wconf 87' lang='lat' dir='ltr'>ejus</span> <span class='ocrx_word' id='word_1_341' title='bbox 2046 2566 2248 2614; x_wconf 74' lang='lat' dir='ltr'>effectus,</span> 
     </span>
     <span class='ocr_line' id='line_1_33' title="bbox 285 2635 2250 2697; baseline 0 -18"><span class='ocrx_word' id='word_1_342' title='bbox 285 2636 519 2695; x_wconf 85' lang='lat' dir='ltr'>Quidquid</span> <span class='ocrx_word' id='word_1_343' title='bbox 546 2637 681 2696; x_wconf 89' lang='lat' dir='ltr'>igitur</span> <span class='ocrx_word' id='word_1_344' title='bbox 708 2648 774 2682; x_wconf 92' lang='lat' dir='ltr'>est</span> <span class='ocrx_word' id='word_1_345' title='bbox 800 2638 846 2681; x_wconf 87' lang='lat' dir='ltr'>in</span> <span class='ocrx_word' id='word_1_346' title='bbox 873 2652 1162 2697; x_wconf 85' lang='lat' dir='ltr'>quacumque</span> <span class='ocrx_word' id='word_1_347' title='bbox 1188 2652 1252 2692; x_wconf 89' lang='lat' dir='ltr'>re,</span> <span class='ocrx_word' id='word_1_348' title='bbox 1275 2648 1423 2696; x_wconf 90' lang='lat' dir='ltr'>potest</span> <span class='ocrx_word' id='word_1_349' title='bbox 1447 2637 1668 2696; x_wconf 89' lang='lat' dir='ltr'>cognosci</span> <span class='ocrx_word' id='word_1_350' title='bbox 1689 2635 1878 2695; x_wconf 89' lang='lat' dir='ltr'>cognito</span> <span class='ocrx_word' id='word_1_351' title='bbox 1898 2635 2018 2689; x_wconf 92' lang='lat' dir='ltr'>Deo,</span> <span class='ocrx_word' id='word_1_352' title='bbox 2041 2644 2084 2679; x_wconf 90' lang='lat' dir='ltr'>et</span> <span class='ocrx_word' id='word_1_353' title='bbox 2105 2636 2250 2679; x_wconf 87' lang='lat' dir='ltr'>omni·</span> 
     </span>
     <span class='ocr_line' id='line_1_34' title="bbox 282 2703 2250 2764; baseline -0.001 -17"><span class='ocrx_word' id='word_1_354' title='bbox 282 2703 364 2747; x_wconf 92' lang='lat' dir='ltr'>bus</span> <span class='ocrx_word' id='word_1_355' title='bbox 393 2704 539 2748; x_wconf 88' lang='lat' dir='ltr'>causis</span> <span class='ocrx_word' id='word_1_356' title='bbox 566 2705 743 2759; x_wconf 89' lang='lat' dir='ltr'>mediis,</span> <span class='ocrx_word' id='word_1_357' title='bbox 771 2719 886 2764; x_wconf 87' lang='lat' dir='ltr'>quae</span> <span class='ocrx_word' id='word_1_358' title='bbox 914 2715 1018 2749; x_wconf 91' lang='lat' dir='ltr'>sunt</span> <span class='ocrx_word' id='word_1_359' title='bbox 1047 2706 1162 2749; x_wconf 90' lang='lat' dir='ltr'>inter</span> <span class='ocrx_word' id='word_1_360' title='bbox 1189 2706 1342 2749; x_wconf 91' lang='lat' dir='ltr'>Deum</span> <span class='ocrx_word' id='word_1_361' title='bbox 1379 2715 1423 2749; x_wconf 93' lang='lat' dir='ltr'>et</span> <span class='ocrx_word' id='word_1_362' title='bbox 1458 2719 1542 2749; x_wconf 89' lang='lat' dir='ltr'>res.</span> <span class='ocrx_word' id='word_1_363' title='bbox 1576 2705 1666 2748; x_wconf 88' lang='lat' dir='ltr'>Sed</span> <span class='ocrx_word' id='word_1_364' title='bbox 1692 2704 1819 2748; x_wconf 91' lang='lat' dir='ltr'>Deus</span> <span class='ocrx_word' id='word_1_365' title='bbox 1846 2703 2046 2761; x_wconf 89' lang='lat' dir='ltr'>seipsum</span> <span class='ocrx_word' id='word_1_366' title='bbox 2080 2715 2250 2760; x_wconf 90' lang='lat' dir='ltr'>cogno-</span> 
     </span>
     <span class='ocr_line' id='line_1_35' title="bbox 281 2768 2247 2831; baseline -0.001 -17"><span class='ocrx_word' id='word_1_367' title='bbox 281 2773 378 2824; x_wconf 89' lang='lat' dir='ltr'>scit,</span> <span class='ocrx_word' id='word_1_368' title='bbox 403 2781 446 2815; x_wconf 89' lang='lat' dir='ltr'>et</span> <span class='ocrx_word' id='word_1_369' title='bbox 468 2786 629 2816; x_wconf 88' lang='lat' dir='ltr'>omnes</span> <span class='ocrx_word' id='word_1_370' title='bbox 657 2786 817 2816; x_wconf 88' lang='lat' dir='ltr'>causas</span> <span class='ocrx_word' id='word_1_371' title='bbox 844 2773 1018 2816; x_wconf 90' lang='lat' dir='ltr'>medias</span> <span class='ocrx_word' id='word_1_372' title='bbox 1046 2787 1161 2831; x_wconf 91' lang='lat' dir='ltr'>quae</span> <span class='ocrx_word' id='word_1_373' title='bbox 1189 2782 1293 2817; x_wconf 83' lang='lat' dir='ltr'>sunt</span> <span class='ocrx_word' id='word_1_374' title='bbox 1318 2773 1434 2816; x_wconf 90' lang='lat' dir='ltr'>inter</span> <span class='ocrx_word' id='word_1_375' title='bbox 1459 2772 1624 2831; x_wconf 90' lang='lat' dir='ltr'>ipsum,</span> <span class='ocrx_word' id='word_1_376' title='bbox 1648 2780 1692 2815; x_wconf 92' lang='lat' dir='ltr'>et</span> <span class='ocrx_word' id='word_1_377' title='bbox 1713 2785 1812 2815; x_wconf 88' lang='lat' dir='ltr'>rem</span> <span class='ocrx_word' id='word_1_378' title='bbox 1834 2769 2108 2829; x_wconf 90' lang='lat' dir='ltr'>quamlibet;</span> <span class='ocrx_word' id='word_1_379' title='bbox 2124 2768 2247 2828; x_wconf 91' lang='lat' dir='ltr'>quod</span> 
     </span>
     <span class='ocr_line' id='line_1_36' title="bbox 282 2838 2247 2899; baseline -0.001 -18"><span class='ocrx_word' id='word_1_380' title='bbox 282 2839 404 2882; x_wconf 90' lang='lat' dir='ltr'>enim</span> <span class='ocrx_word' id='word_1_381' title='bbox 431 2841 632 2899; x_wconf 91' lang='lat' dir='ltr'>seipsum</span> <span class='ocrx_word' id='word_1_382' title='bbox 659 2839 857 2899; x_wconf 83' lang='lat' dir='ltr'>perfecte</span> <span class='ocrx_word' id='word_1_383' title='bbox 884 2850 1148 2899; x_wconf 89' lang='lat' dir='ltr'>cognoscat,</span> <span class='ocrx_word' id='word_1_384' title='bbox 1174 2842 1267 2899; x_wconf 76' lang='lat' dir='ltr'>Jam</span> <span class='ocrx_word' id='word_1_385' title='bbox 1303 2850 1536 2884; x_wconf 91' lang='lat' dir='ltr'>ostensum</span> <span class='ocrx_word' id='word_1_386' title='bbox 1569 2848 1636 2883; x_wconf 91' lang='lat' dir='ltr'>est</span> <span class='ocrx_word' id='word_1_387' title='bbox 1668 2840 1728 2896; x_wconf 86' lang='lat' dir='ltr'>(c.</span> <span class='ocrx_word' id='word_1_388' title='bbox 1762 2838 1883 2896; x_wconf 86' lang='lat'><strong>47.);</strong></span> <span class='ocrx_word' id='word_1_389' title='bbox 1909 2838 2060 2896; x_wconf 86' lang='lat' dir='ltr'>seipso</span> <span class='ocrx_word' id='word_1_390' title='bbox 2094 2846 2247 2880; x_wconf 89' lang='lat' dir='ltr'>autem</span> 
     </span>
     <span class='ocr_line' id='line_1_37' title="bbox 281 2904 2246 2966; baseline -0.001 -17"><span class='ocrx_word' id='word_1_391' title='bbox 281 2906 482 2964; x_wconf 88' lang='lat' dir='ltr'>cognito,</span> <span class='ocrx_word' id='word_1_392' title='bbox 510 2907 749 2965; x_wconf 89' lang='lat' dir='ltr'>cognoscit</span> <span class='ocrx_word' id='word_1_393' title='bbox 773 2907 938 2951; x_wconf 85' lang='lat' dir='ltr'>iterum</span> <span class='ocrx_word' id='word_1_394' title='bbox 964 2907 1087 2966; x_wconf 92' lang='lat' dir='ltr'>quod</span> <span class='ocrx_word' id='word_1_395' title='bbox 1116 2908 1168 2950; x_wconf 89' lang='lat' dir='ltr'>ab</span> <span class='ocrx_word' id='word_1_396' title='bbox 1194 2907 1275 2951; x_wconf 91' lang='lat' dir='ltr'>illo</span> <span class='ocrx_word' id='word_1_397' title='bbox 1303 2908 1501 2952; x_wconf 87' lang='lat' dir='ltr'>mediate</span> <span class='ocrx_word' id='word_1_398' title='bbox 1528 2917 1609 2961; x_wconf 90' lang='lat' dir='ltr'>est,</span> <span class='ocrx_word' id='word_1_399' title='bbox 1627 2916 1671 2950; x_wconf 91' lang='lat' dir='ltr'>et</span> <span class='ocrx_word' id='word_1_400' title='bbox 1692 2906 1756 2950; x_wconf 88' lang='lat' dir='ltr'>sic</span> <span class='ocrx_word' id='word_1_401' title='bbox 1783 2905 1838 2950; x_wconf 90' lang='lat' dir='ltr'>de</span> <span class='ocrx_word' id='word_1_402' title='bbox 1863 2905 2072 2949; x_wconf 89' lang='lat' dir='ltr'>omnibus</span> <span class='ocrx_word' id='word_1_403' title='bbox 2098 2904 2246 2948; x_wconf 90' lang='lat' dir='ltr'>causis</span> 
     </span>
     <span class='ocr_line' id='line_1_38' title="bbox 280 2971 2246 3034; baseline 0 -19"><span class='ocrx_word' id='word_1_404' title='bbox 280 2973 442 3017; x_wconf 87' lang='lat' dir='ltr'>mediis</span> <span class='ocrx_word' id='word_1_405' title='bbox 468 2987 610 3032; x_wconf 89' lang='lat' dir='ltr'>usque</span> <span class='ocrx_word' id='word_1_406' title='bbox 638 2974 694 3018; x_wconf 92' lang='lat' dir='ltr'>ad</span> <span class='ocrx_word' id='word_1_407' title='bbox 720 2973 932 3018; x_wconf 87' lang='lat' dir='ltr'>ultimum</span> <span class='ocrx_word' id='word_1_408' title='bbox 956 2973 1184 3019; x_wconf 85' lang='lat' dir='ltr'>effectum.</span> <span class='ocrx_word' id='word_1_409' title='bbox 1212 2974 1334 3034; x_wconf 90' lang='lat' dir='ltr'>Ergo</span> <span class='ocrx_word' id='word_1_410' title='bbox 1360 2975 1486 3018; x_wconf 91' lang='lat' dir='ltr'>Deus</span> <span class='ocrx_word' id='word_1_411' title='bbox 1514 2973 1754 3032; x_wconf 88' lang='lat' dir='ltr'>cognoscit</span> <span class='ocrx_word' id='word_1_412' title='bbox 1775 2971 1993 3032; x_wconf 89' lang='lat' dir='ltr'>quidquid</span> <span class='ocrx_word' id='word_1_413' title='bbox 2015 2981 2084 3016; x_wconf 91' lang='lat' dir='ltr'>est</span> <span class='ocrx_word' id='word_1_414' title='bbox 2107 2971 2156 3015; x_wconf 88' lang='lat' dir='ltr'>in</span> <span class='ocrx_word' id='word_1_415' title='bbox 2177 2984 2246 3024; x_wconf 88' lang='lat' dir='ltr'>re;</span> 
     </span>
     <span class='ocr_line' id='line_1_39' title="bbox 279 3038 2249 3101; baseline -0.001 -17"><span class='ocrx_word' id='word_1_416' title='bbox 279 3040 369 3084; x_wconf 90' lang='lat' dir='ltr'>hoc</span> <span class='ocrx_word' id='word_1_417' title='bbox 398 3050 551 3084; x_wconf 90' lang='lat' dir='ltr'>autem</span> <span class='ocrx_word' id='word_1_418' title='bbox 588 3050 655 3085; x_wconf 89' lang='lat' dir='ltr'>est</span> <span class='ocrx_word' id='word_1_419' title='bbox 686 3041 853 3085; x_wconf 89' lang='lat' dir='ltr'>habere</span> <span class='ocrx_word' id='word_1_420' title='bbox 879 3042 1111 3101; x_wconf 92' lang='lat' dir='ltr'>propriam</span> <span class='ocrx_word' id='word_1_421' title='bbox 1144 3051 1188 3085; x_wconf 94' lang='lat' dir='ltr'>et</span> <span class='ocrx_word' id='word_1_422' title='bbox 1225 3041 1504 3099; x_wconf 89' lang='lat' dir='ltr'>completam</span> <span class='ocrx_word' id='word_1_423' title='bbox 1541 3040 1855 3099; x_wconf 89' lang='lat' dir='ltr'>cognitionem</span> <span class='ocrx_word' id='word_1_424' title='bbox 1888 3038 1944 3084; x_wconf 91' lang='lat' dir='ltr'>de</span> <span class='ocrx_word' id='word_1_425' title='bbox 1980 3053 2044 3092; x_wconf 88' lang='lat' dir='ltr'>re,</span> <span class='ocrx_word' id='word_1_426' title='bbox 2080 3051 2249 3097; x_wconf 85' lang='lat' dir='ltr'>cogno-</span> 
     </span>
     <span class='ocr_line' id='line_1_40' title="bbox 280 3107 2244 3167; baseline -0.001 -16"><span class='ocrx_word' id='word_1_427' title='bbox 280 3121 406 3151; x_wconf 90' lang='lat' dir='ltr'>scere</span> <span class='ocrx_word' id='word_1_428' title='bbox 433 3107 607 3152; x_wconf 86' lang='lat' dir='ltr'>scilicet</span> <span class='ocrx_word' id='word_1_429' title='bbox 635 3108 792 3152; x_wconf 91' lang='lat' dir='ltr'>omnia</span> <span class='ocrx_word' id='word_1_430' title='bbox 824 3122 940 3167; x_wconf 90' lang='lat' dir='ltr'>quae</span> <span class='ocrx_word' id='word_1_431' title='bbox 972 3109 1020 3152; x_wconf 89' lang='lat' dir='ltr'>in</span> <span class='ocrx_word' id='word_1_432' title='bbox 1052 3123 1100 3152; x_wconf 90' lang='lat' dir='ltr'>re</span> <span class='ocrx_word' id='word_1_433' title='bbox 1128 3119 1232 3153; x_wconf 88' lang='lat' dir='ltr'>sunt</span> <span class='ocrx_word' id='word_1_434' title='bbox 1258 3107 1526 3152; x_wconf 90' lang='lat' dir='ltr'>communia</span> <span class='ocrx_word' id='word_1_435' title='bbox 1553 3117 1597 3151; x_wconf 90' lang='lat' dir='ltr'>et</span> <span class='ocrx_word' id='word_1_436' title='bbox 1621 3107 1816 3167; x_wconf 90' lang='lat' dir='ltr'>propria.</span> <span class='ocrx_word' id='word_1_437' title='bbox 1844 3107 1970 3151; x_wconf 88' lang='lat' dir='ltr'>Deus</span> <span class='ocrx_word' id='word_1_438' title='bbox 2007 3119 2118 3165; x_wconf 91' lang='lat' dir='ltr'>ergo</span> <span class='ocrx_word' id='word_1_439' title='bbox 2144 3118 2244 3164; x_wconf 90' lang='lat' dir='ltr'>pro-</span> 
     </span>
     <span class='ocr_line' id='line_1_41' title="bbox 280 3171 2246 3234; baseline 0.001 -18"><span class='ocrx_word' id='word_1_440' title='bbox 280 3174 426 3232; x_wconf 90' lang='lat' dir='ltr'>priam</span> <span class='ocrx_word' id='word_1_441' title='bbox 458 3174 514 3219; x_wconf 89' lang='lat' dir='ltr'>de</span> <span class='ocrx_word' id='word_1_442' title='bbox 555 3175 687 3219; x_wconf 88' lang='lat' dir='ltr'>rebus</span> <span class='ocrx_word' id='word_1_443' title='bbox 721 3175 1032 3234; x_wconf 90' lang='lat' dir='ltr'>cognitionem</span> <span class='ocrx_word' id='word_1_444' title='bbox 1075 3175 1214 3219; x_wconf 88' lang='lat' dir='ltr'>habet</span> <span class='ocrx_word' id='word_1_445' title='bbox 1253 3175 1507 3220; x_wconf 89' lang='lat' dir='ltr'>secundum</span> <span class='ocrx_word' id='word_1_446' title='bbox 1539 3175 1662 3234; x_wconf 90' lang='lat' dir='ltr'>quod</span> <span class='ocrx_word' id='word_1_447' title='bbox 1702 3183 1807 3219; x_wconf 89' lang='lat' dir='ltr'>sunt</span> <span class='ocrx_word' id='word_1_448' title='bbox 1847 3173 1902 3218; x_wconf 93' lang='lat' dir='ltr'>ab</span> <span class='ocrx_word' id='word_1_449' title='bbox 1941 3172 2142 3218; x_wconf 87' lang='lat' dir='ltr'>invicem</span> <span class='ocrx_word' id='word_1_450' title='bbox 2184 3171 2246 3216; x_wconf 88' lang='lat' dir='ltr'>di-</span> 
     </span>
     <span class='ocr_line' id='line_1_42' title="bbox 281 3250 485 3285; baseline 0.005 -1"><span class='ocrx_word' id='word_1_451' title='bbox 281 3250 485 3285; x_wconf 81' lang='lat' dir='ltr'>sunctae.</span> 
     </span>
    </p>

    <p class='ocr_par' dir='ltr' id='par_1_8' title="bbox 279 3307 2244 3637">
     <span class='ocr_line' id='line_1_43' title="bbox 369 3307 2244 3369; baseline -0.001 -17"><span class='ocrx_word' id='word_1_452' title='bbox 369 3308 558 3353; x_wconf 87' lang='lat' dir='ltr'>Adhuc:</span> <span class='ocrx_word' id='word_1_453' title='bbox 587 3324 725 3354; x_wconf 89' lang='lat' dir='ltr'>omne</span> <span class='ocrx_word' id='word_1_454' title='bbox 758 3309 881 3369; x_wconf 90' lang='lat' dir='ltr'>quod</span> <span class='ocrx_word' id='word_1_455' title='bbox 908 3309 1002 3369; x_wconf 89' lang='lat' dir='ltr'>agit</span> <span class='ocrx_word' id='word_1_456' title='bbox 1026 3323 1103 3368; x_wconf 92' lang='lat' dir='ltr'>per</span> <span class='ocrx_word' id='word_1_457' title='bbox 1126 3308 1424 3363; x_wconf 88' lang='lat' dir='ltr'>intellectum,</span> <span class='ocrx_word' id='word_1_458' title='bbox 1451 3308 1588 3353; x_wconf 89' lang='lat' dir='ltr'>habet</span> <span class='ocrx_word' id='word_1_459' title='bbox 1614 3308 1929 3367; x_wconf 87' lang='lat' dir='ltr'>cognitionem</span> <span class='ocrx_word' id='word_1_460' title='bbox 1954 3307 2012 3352; x_wconf 85' lang='lat' dir='ltr'>de</span> <span class='ocrx_word' id='word_1_461' title='bbox 2030 3320 2079 3352; x_wconf 85' lang='lat' dir='ltr'>re</span> <span class='ocrx_word' id='word_1_462' title='bbox 2104 3319 2244 3366; x_wconf 83' lang='lat' dir='ltr'>qnam</span> 
     </span>
     <span class='ocr_line' id='line_1_44' title="bbox 281 3372 2242 3435; baseline 0 -17"><span class='ocrx_word' id='word_1_463' title='bbox 281 3374 388 3433; x_wconf 87' lang='lat' dir='ltr'>agit,</span> <span class='ocrx_word' id='word_1_464' title='bbox 415 3376 667 3420; x_wconf 89' lang='lat' dir='ltr'>secundum</span> <span class='ocrx_word' id='word_1_465' title='bbox 700 3376 932 3435; x_wconf 88' lang='lat' dir='ltr'>propriam</span> <span class='ocrx_word' id='word_1_466' title='bbox 957 3375 1067 3420; x_wconf 86' lang='lat' dir='ltr'>facti</span> <span class='ocrx_word' id='word_1_467' title='bbox 1096 3376 1339 3430; x_wconf 89' lang='lat' dir='ltr'>rationem,</span> <span class='ocrx_word' id='word_1_468' title='bbox 1372 3375 1478 3435; x_wconf 91' lang='lat' dir='ltr'>quia</span> <span class='ocrx_word' id='word_1_469' title='bbox 1506 3375 1709 3435; x_wconf 89' lang='lat' dir='ltr'>cognitio</span> <span class='ocrx_word' id='word_1_470' title='bbox 1734 3374 1944 3420; x_wconf 87' lang='lat' dir='ltr'>facientis</span> <span class='ocrx_word' id='word_1_471' title='bbox 1969 3372 2242 3420; x_wconf 73' lang='lat' dir='ltr'>determinat</span> 
     </span>
     <span class='ocr_line' id='line_1_45' title="bbox 279 3440 2243 3502; baseline 0 -17"><span class='ocrx_word' id='word_1_472' title='bbox 279 3440 479 3486; x_wconf 87' lang='lat' dir='ltr'>formam</span> <span class='ocrx_word' id='word_1_473' title='bbox 506 3442 641 3487; x_wconf 90' lang='lat' dir='ltr'>facto.</span> <span class='ocrx_word' id='word_1_474' title='bbox 668 3444 796 3488; x_wconf 92' lang='lat' dir='ltr'>Deus</span> <span class='ocrx_word' id='word_1_475' title='bbox 823 3453 976 3488; x_wconf 89' lang='lat' dir='ltr'>autem</span> <span class='ocrx_word' id='word_1_476' title='bbox 1004 3457 1140 3488; x_wconf 89' lang='lat' dir='ltr'>causa</span> <span class='ocrx_word' id='word_1_477' title='bbox 1158 3453 1226 3488; x_wconf 89' lang='lat' dir='ltr'>est</span> <span class='ocrx_word' id='word_1_478' title='bbox 1246 3457 1398 3488; x_wconf 90' lang='lat' dir='ltr'>rerum</span> <span class='ocrx_word' id='word_1_479' title='bbox 1426 3457 1505 3502; x_wconf 91' lang='lat' dir='ltr'>per</span> <span class='ocrx_word' id='word_1_480' title='bbox 1530 3441 1828 3497; x_wconf 90' lang='lat' dir='ltr'>intellectum,</span> <span class='ocrx_word' id='word_1_481' title='bbox 1854 3454 2122 3486; x_wconf 74' lang='lat' dir='ltr'>cumsuum</span> <span class='ocrx_word' id='word_1_482' title='bbox 2139 3453 2243 3485; x_wconf 69' lang='lat' dir='ltr'>esse</span> 
     </span>
     <span class='ocr_line' id='line_1_46' title="bbox 281 3507 2244 3570; baseline 0 -18"><span class='ocrx_word' id='word_1_483' title='bbox 281 3508 337 3553; x_wconf 89' lang='lat' dir='ltr'>sit</span> <span class='ocrx_word' id='word_1_484' title='bbox 362 3522 496 3553; x_wconf 91' lang='lat' dir='ltr'>suum</span> <span class='ocrx_word' id='word_1_485' title='bbox 522 3509 801 3569; x_wconf 84' lang='lat' dir='ltr'>intelligere3</span> <span class='ocrx_word' id='word_1_486' title='bbox 828 3511 1188 3570; x_wconf 90' lang='lat' dir='ltr'>unumquodque</span> <span class='ocrx_word' id='word_1_487' title='bbox 1212 3521 1366 3556; x_wconf 89' lang='lat' dir='ltr'>autem</span> <span class='ocrx_word' id='word_1_488' title='bbox 1392 3510 1486 3569; x_wconf 87' lang='lat' dir='ltr'>agit</span> <span class='ocrx_word' id='word_1_489' title='bbox 1505 3510 1551 3554; x_wconf 90' lang='lat' dir='ltr'>in</span> <span class='ocrx_word' id='word_1_490' title='bbox 1574 3519 1796 3570; x_wconf 87' lang='lat' dir='ltr'>quantum</span> <span class='ocrx_word' id='word_1_491' title='bbox 1821 3518 1893 3555; x_wconf 87' lang='lat' dir='ltr'>est</span> <span class='ocrx_word' id='word_1_492' title='bbox 1912 3516 2030 3555; x_wconf 72' lang='lat' dir='ltr'>actu.</span> <span class='ocrx_word' id='word_1_493' title='bbox 2058 3507 2244 3567; x_wconf 83' lang='lat' dir='ltr'>Cogno-</span> 
     </span>
     <span class='ocr_line' id='line_1_47' title="bbox 279 3572 2242 3637; baseline 0 -18"><span class='ocrx_word' id='word_1_494' title='bbox 279 3574 364 3620; x_wconf 86' lang='lat' dir='ltr'>scit</span> <span class='ocrx_word' id='word_1_495' title='bbox 388 3573 526 3634; x_wconf 89' lang='lat' dir='ltr'>igitur</span> <span class='ocrx_word' id='word_1_496' title='bbox 557 3587 795 3622; x_wconf 81' lang='lat' dir='ltr'>causatum</span> <span class='ocrx_word' id='word_1_497' title='bbox 821 3591 956 3622; x_wconf 89' lang='lat' dir='ltr'>suum</span> <span class='ocrx_word' id='word_1_498' title='bbox 982 3577 1182 3637; x_wconf 87' lang='lat' dir='ltr'>proprie,</span> <span class='ocrx_word' id='word_1_499' title='bbox 1208 3576 1464 3623; x_wconf 88' lang='lat' dir='ltr'>secundum</span> <span class='ocrx_word' id='word_1_500' title='bbox 1490 3577 1612 3636; x_wconf 92' lang='lat' dir='ltr'>quod</span> <span class='ocrx_word' id='word_1_501' title='bbox 1639 3586 1708 3622; x_wconf 90' lang='lat' dir='ltr'>est</span> <span class='ocrx_word' id='word_1_502' title='bbox 1733 3575 1997 3622; x_wconf 74' lang='lat' dir='ltr'>distinctum</span> <span class='ocrx_word' id='word_1_503' title='bbox 2035 3573 2091 3620; x_wconf 80' lang='lat' dir='ltr'>ab</span> <span class='ocrx_word' id='word_1_504' title='bbox 2126 3572 2242 3620; x_wconf 81' lang='lat' dir='ltr'>aliis.</span> 
     </span>
    </p>
   </div>
  </div>
 </body>
</html>
