2332 3854
794 268 946 307 LIBER
987 266 1060 306 111.
1104 267 1222 306 CAP.
1264 262 1409 304 XLIX.
1972 266 2075 320 355

130 371 292 430 seipsa.
317 369 454 414 Nulla
471 377 623 413 autem
636 381 794 413 earum
813 378 880 413 est
898 368 1083 414 effectus
1100 369 1357 429 adaequans
1374 366 1587 411 virtutem
1604 366 1706 422 Dei,
1733 376 1782 411 ut
1806 367 1851 411 in
1874 367 2077 411 secundo

130 445 365 482 ostensum
392 445 459 480 est
485 437 544 492 (c.
569 433 638 479 26.
662 444 707 479 et
733 435 838 493 ²7·)·
861 435 968 478 Non
994 445 1062 479 est
1083 435 1219 494 igitur
1244 433 1458 494 possibile
1484 433 1605 492 quod
1632 447 1713 492 per
1737 433 1860 477 hunc
1887 433 2078 477 modum

129 502 404 562 cognitionis
435 502 582 560 ipsam
615 501 814 545 divinam
841 502 1084 545 essentiam
1110 501 1307 547 videant.

213 568 444 628 Amplius:
468 568 715 612 similitudo
740 567 1035 626 intelligibilis
1062 582 1141 627 per
1167 581 1305 626 quam
1336 566 1603 624 intelligitur
1629 565 1796 626 aliquid
1819 565 2074 610 secundum

127 643 257 680 suam
284 634 581 679 substantiam
622 643 802 693 oportet
827 634 949 692 quod
977 634 1032 677 sit
1058 634 1261 692 ejusdem
1287 633 1471 692 speciei,
1492 632 1566 676 vel
1587 632 1733 689 magis
1760 632 1935 692 species
1959 633 2079 691 eJus;

126 703 243 747 sicut
262 702 411 746 forma
430 703 608 756 domus,
634 715 750 761 quae
772 712 838 746 est
862 702 908 745 in
927 712 1078 746 mente
1095 701 1291 755 artificis,
1311 711 1378 745 est
1395 701 1599 759 ejusdem
1621 700 1789 759 speciei
1810 714 1915 744 cum
1932 699 2082 744 forma

127 768 292 813 domus
318 782 433 827 quae
460 778 527 812 est
552 769 597 812 in
624 768 828 821 materia,
855 766 929 811 vel
955 768 1103 825 potius
1137 768 1310 826 species
1339 768 1448 825 ejus.
1479 766 1585 810 Non
1613 766 1735 810 enim
1768 779 1848 825 per
1879 766 2081 826 speciem

128 835 328 880 hominis
356 834 622 893 intelligitur
648 834 702 877 de
730 835 858 878 asino
883 833 958 877 vel
989 847 1106 892 equo
1140 833 1246 892 quid
1274 843 1352 877 est.
1383 832 1471 877 Sed
1498 833 1595 892 ipsa
1620 841 1780 877 natura
1807 832 2083 878 substantiae

128 909 363 960 separatae
394 914 487 945 non
522 911 589 945 est
619 900 741 944 idern
774 899 925 958 specie
959 914 1062 943 cum
1095 909 1256 943 natura
1288 900 1454 953 divina,
1481 899 1589 958 quin
1615 899 1761 943 immo
1787 913 1871 943 nec
1899 913 2082 959 genere,

127 975 178 1012 ut
200 967 247 1011 in
278 967 427 1025 primo
461 968 521 1023 (c.
557 967 648 1022 25.)
677 965 912 1010 ostensum
945 976 1025 1010 est.
1053 966 1160 1011 Non
1188 974 1254 1010 est
1286 966 1422 1024 igitur
1448 964 1661 1024 possibile
1684 966 1806 1024 quod
1833 966 2084 1011 substantia

128 1041 334 1093 separata
365 1032 591 1091 intelligat
613 1033 813 1076 divinam
846 1033 1144 1076 substantiam
1177 1047 1257 1091 per
1287 1033 1516 1091 propriam
1550 1041 1774 1075 naturam.

218 1100 356 1144 Item:
389 1113 527 1143 omne
555 1108 759 1143 creatum
787 1099 841 1142 ad
870 1098 1053 1158 aliquod
1086 1113 1228 1157 genus
1260 1097 1333 1142 vel
1366 1098 1567 1157 speciem
1600 1098 1882 1143 terminatur.
1915 1098 2085 1143 Divina

129 1174 282 1211 autem
313 1165 506 1210 essentia
538 1175 606 1209 est
637 1164 825 1219 infinita,
853 1165 1246 1224 comprehendens
1277 1164 1324 1207 in
1357 1178 1404 1208 se
1437 1177 1627 1207 omnem
1658 1163 1987 1241 perfectionem
2018 1174 2086 1208 to-

128 1234 216 1277 tius
248 1245 362 1286 esse,
383 1240 432 1275 ut
463 1232 509 1274 in
542 1231 691 1290 primo
725 1232 784 1288 (c.
819 1232 887 1275 28.
918 1241 960 1275 et
995 1231 1090 1289 43.)
1127 1241 1362 1275 ostensum
1396 1238 1474 1274 est.
1516 1230 1803 1289 Impossibile
1839 1240 1907 1274 est
1946 1230 2085 1305 igitur

129 1298 251 1358 quod
283 1311 363 1357 per
395 1297 578 1356 aliquod
612 1308 814 1341 creatum
846 1298 1001 1341 divina
1032 1297 1280 1341 substantia
1311 1296 1531 1340 videatur.

217 1364 476 1408 Praeterea:
486 1364 655 1410 omnis
689 1363 983 1422 intelligibilis
1012 1363 1185 1421 species
1211 1377 1291 1422 per
1313 1375 1451 1421 quam
1477 1360 1743 1420 intelligitur
1765 1362 1991 1421 quidditas
2009 1361 2083 1406 vel

129 1430 324 1491 essentia
357 1429 546 1488 alicujus
578 1430 643 1474 rei
679 1429 1027 1488 comprehendit
1066 1429 1113 1472 in
1153 1427 1534 1487 repraesentando
1566 1442 1666 1472 rem
1697 1427 1849 1472 illam:
1882 1430 2002 1472 unde
2035 1439 2080 1474 et

129 1486 359 1540 orationes
404 1495 709 1554 significantes
742 1495 864 1554 quod
897 1496 1003 1554 quid
1036 1505 1116 1548 est,
1147 1494 1383 1547 terminOS,
1416 1504 1461 1538 et
1490 1494 1703 1548 rationes,
1726 1503 1769 1539 et
1788 1494 2083 1540 diffinitiones

129 1575 362 1606 vocamus.
391 1561 676 1621 Impossibile
695 1571 762 1606 est
783 1571 936 1605 autem
953 1561 1074 1620 quod
1094 1561 1243 1620 aliqua
1261 1559 1511 1604 similitudo
1534 1570 1688 1604 creata
1708 1560 1911 1605 totaliter
1930 1562 2085 1606 Deum

128 1638 448 1690 repraesentet,
470 1643 575 1673 cum
599 1629 824 1688 quaelibet
849 1628 1100 1672 similitudo
1123 1638 1274 1671 creata
1296 1627 1352 1671 sit
1371 1626 1560 1684 alicujus
1582 1629 1759 1685 generis
1778 1627 2084 1682 determinati,

130 1709 224 1739 non
252 1705 405 1740 autem
429 1696 570 1750 Deus,
596 1705 645 1739 ut
669 1695 714 1738 in
742 1695 889 1757 primo
912 1695 974 1753 (c.
1002 1693 1095 1751 25.)
1117 1703 1352 1738 ostensum
1380 1703 1459 1737 est.
1482 1693 1590 1737 Non
1615 1693 1751 1751 igitur
1773 1703 1840 1737 est
1865 1693 2081 1752 possibile

131 1762 254 1821 quod
279 1776 359 1821 per
375 1762 589 1820 ‘aliquam
616 1761 958 1805 similitudinem
985 1770 1184 1804 creatam
1212 1759 1364 1803 divina
1396 1759 1645 1803 substantia
1672 1758 1962 1818 intelligatur.

220 1827 454 1887 Amplius:
481 1828 632 1871 divina
665 1827 915 1871 substantia
947 1835 1014 1870 est
1046 1840 1180 1870 suum
1213 1840 1325 1879 esse,
1358 1835 1408 1869 ut
1438 1826 1484 1868 in
1516 1826 1665 1884 primo
1699 1826 1760 1883 (c.
1795 1827 1886 1884 22.)
1935 1836 2084 1871 osten·

130 1907 233 1939 sum
258 1905 339 1938 est.
371 1894 528 1953 Ipsum
561 1903 713 1937 autem
745 1907 844 1937 esse
877 1892 1152 1940 substantiae
1185 1902 1418 1952 separatae
1451 1902 1519 1936 est
1551 1891 1671 1936 aliud
1703 1907 1841 1951 quam
1873 1907 1954 1937 sua
1986 1893 2085 1938 sub-

131 1960 310 2014 stantia,
343 1969 392 2004 ut
421 1961 468 2004 in
501 1959 702 2004 secundo
736 1960 796 2018 (c.
835 1960 922 2016 52.)
957 1959 1197 2018 probatum
1230 1969 1310 2003 est.
1333 1958 1538 2002 Essentia
1560 1959 1698 2018 igitur
1721 1959 1995 2004 substantiae
2022 1974 2086 2004 se-

131 2036 315 2086 paratae
341 2040 435 2070 non
461 2036 528 2070 est
553 2025 782 2070 sufficiens
807 2025 1011 2069 medium
1038 2039 1129 2084 quo
1156 2026 1284 2069 Deus
1316 2039 1392 2084 per
1418 2026 1662 2069 essentiam
1688 2025 1831 2069 videri
1857 2027 2013 2083 possit.

220 2092 477 2152 Cognoscit
499 2102 654 2136 tamen
681 2091 930 2135 substantia
959 2100 1167 2150 separata
1192 2105 1272 2150 per
1293 2105 1423 2135 suam
1451 2091 1747 2135 substantiam
1771 2092 1826 2135 de
1851 2093 1954 2136 Deo
1979 2093 2083 2151 quia

130 2168 212 2213 est,
238 2168 283 2202 et
307 2159 429 2218 quod
456 2168 524 2202 est
549 2158 758 2204 omnium
776 2171 928 2211 causa,
948 2167 991 2201 et
1008 2157 1215 2202 eminens
1239 2157 1466 2212 omnibus,
1493 2167 1538 2202 et
1563 2167 1765 2202 remotus
1789 2158 1842 2201 ab
1871 2159 2084 2203 omnibus

129 2239 224 2269 non
255 2224 407 2269 solum
439 2238 555 2284 quae
587 2234 704 2278 sunt,
737 2224 816 2268 sed
849 2224 988 2267 etiam
1029 2237 1145 2283 quae
1188 2233 1342 2267 mente
1376 2233 1526 2267 creata
1560 2224 1740 2283 concipi
1772 2235 1975 2282 possunt.
2010 2225 2084 2269 Ad

130 2304 268 2351 quam
294 2291 433 2336 etiam
466 2291 780 2350 cognitionem
813 2290 867 2334 de
899 2291 1002 2334 Deo
1035 2304 1119 2334 nos
1153 2299 1400 2348 utcumque
1426 2289 1682 2348 pertingere
1709 2286 1979 2348 possumus;
2006 2306 2086 2349 per

129 2355 316 2404 effectus
347 2357 404 2401 de
434 2358 539 2401 Deo
565 2357 689 2401 enim
713 2359 1036 2414 cognoscimus
1059 2358 1163 2415 quia
1185 2366 1265 2410 est,
1289 2367 1333 2400 et
1355 2356 1476 2415 quod
1501 2370 1637 2399 causa
1661 2356 1857 2400 aliorum
1881 2368 1962 2411 est,
1985 2357 2085 2402 aliis

62 2435 65 2437 ’
128 2420 470 2483 supereminens
496 2431 541 2467 et
565 2424 619 2467 ab
649 2423 859 2476 omnibus
881 2432 1097 2467 remotus.
1125 2423 1180 2466 Et
1197 2423 1287 2466 hoc
1305 2433 1374 2466 est
1395 2422 1608 2466 ultimum
1631 2433 1676 2466 et
1701 2422 2085 2482 perfectissimum

129 2484 312 2534 nostrae
338 2490 614 2548 cognitionis
640 2491 686 2533 in
711 2489 799 2532 hac
831 2490 938 2544 vita,
973 2489 1092 2533 unde
1126 2489 1376 2548 Dionysius
1419 2489 1529 2533 dicit
1563 2490 1609 2532 in
1646 2490 1762 2534 libro
1799 2490 1871 2534 De
1903 2490 2085 2535 mistica

130 2554 297 2602 Theol.
322 2556 383 2614 (c.
410 2557 473 2613 2.)
500 2556 621 2614 quod
643 2556 746 2600 Deo
773 2555 900 2614 quasi
926 2555 1087 2614 ignoto
1115 2556 1450 2614 conjungimur.
1481 2555 1621 2607 Quod
1649 2557 1831 2615 quidem
1860 2557 2086 2616 contingit

131 2622 239 2665 dum
265 2621 322 2666 de
347 2622 449 2666 Deo
474 2622 581 2681 quid
607 2635 700 2666 non
727 2623 784 2666 sit
815 2622 1156 2680 cognoscimus,
1182 2623 1289 2681 quid
1322 2636 1431 2666 vero
1464 2623 1534 2676 sit,
1567 2624 1745 2682 penitus
1777 2633 1932 2668 manet
1962 2624 2087 2668 inco-

132 2688 324 2746 gnitum.
357 2687 490 2732 Unde
524 2697 569 2732 et
600 2688 654 2731 ad
686 2688 821 2746 hujus
853 2687 1203 2731 sublimissimae
1245 2688 1520 2746 cognitionis
1555 2690 1860 2747 ignorantiam
1898 2690 2088 2735 demon·

130 2753 376 2806 strandam,
402 2753 458 2798 de
483 2753 645 2812 Moyse
667 2753 830 2798 dicitur
851 2754 1015 2811 (Exod.
1033 2753 1132 2798 XX.
1159 2754 1250 2811 21.)
1278 2755 1400 2812 quod
1423 2757 1588 2799 accessit
1613 2755 1667 2802 ad
1692 2756 1912 2814 caliginem
1938 2758 1984 2800 in
2002 2770 2085 2816 qua

131 2825 223 2863 erat
248 2819 377 2863 Deus.
519 2835 522 2838 ⁴

221 2883 346 2936 Quia
365 2897 476 2928 vero
500 2894 660 2928 natura
685 2883 870 2929 inferior
894 2885 941 2928 in
967 2885 1036 2929 sui
1067 2899 1249 2929 summo
1272 2899 1366 2929 non
1391 2887 1478 2930 nisi
1515 2887 1571 2930 ad
1603 2886 1813 2931 infimum
1840 2889 2084 2948 superioris

130 2960 317 2994 naturae
340 2950 532 3009 attingit,
551 2960 734 3026 oportet
756 2951 877 3009 quod
894 2950 1009 2995 haec
1032 2951 1129 3009 ipsa
1152 2952 1356 3009 cognitio
1383 2953 1438 2997 sit
1461 2954 1734 2997 eminentior
1760 2955 1806 2998 in
1824 2955 2086 3001 substantiis

132 3016 349 3075 separatis
381 3029 518 3074 quam
549 3016 596 3059 in
627 3017 773 3070 nobis,
807 3017 928 3076 quod
960 3031 1039 3076 per
1075 3017 1254 3075 singula
1279 3028 1415 3076 patet.
1442 3019 1563 3063 Nam
1591 3030 1761 3079 quanto
1788 3022 2086 3081 propinquior
2120 3048 2123 3051 >

132 3091 177 3127 et
200 3082 453 3157 expressior
479 3081 668 3140 alicujus
694 3096 859 3126 causae
891 3082 1077 3127 effectus
1111 3086 1417 3141 cognoscitur,
1454 3094 1581 3129 tanto
1614 3086 1866 3131 evidentius
1900 3098 2086 3147 apparet

132 3146 188 3191 de
216 3161 352 3192 causa
372 3148 468 3204 ejus
495 3147 617 3205 quod
646 3148 715 3192 sit.
746 3147 1032 3192 Substantiae
1056 3159 1207 3192 autem
1231 3160 1463 3208 separatae
1490 3165 1606 3209 quae
1632 3166 1711 3210 per
1737 3152 1909 3212 seipsas
1932 3153 2086 3197 Deum

130 3223 429 3272 cognoscunt,
455 3222 560 3257 sunt
584 3214 929 3273 propinquiores
957 3213 1142 3259 effectus
1169 3224 1213 3259 et
1245 3217 1497 3272 expressius
1524 3217 1612 3260 Dei
1639 3217 1983 3262 similitudinem
2013 3232 2086 3278 ge·

130 3288 294 3332 rentes,
320 3293 458 3338 quam
485 3278 673 3324 effectus
700 3294 780 3338 per
804 3294 918 3340 quos
943 3294 1028 3325 nos
1055 3282 1206 3325 Deum
1234 3285 1570 3340 cognoscimus.
1597 3284 1774 3328 Certius
1798 3299 1907 3343 ergo
1935 3285 2086 3329 sciunt

130 3345 405 3389 substantiae
432 3355 665 3404 separatae
691 3355 736 3390 et
761 3345 925 3390 clarius
951 3361 1086 3405 quam
1115 3361 1200 3391 nos
1233 3348 1354 3406 quod
1381 3348 1507 3392 Deus
1534 3358 1613 3393 est.

220 3410 414 3455 Rursus.
438 3425 543 3455 cum
569 3425 649 3470 per
673 3413 946 3475 negationes
969 3415 1023 3457 ad
1050 3416 1279 3473 propriam
1307 3415 1618 3473 cognitionem
1646 3416 1711 3459 rei
1732 3430 1919 3476 quoquo
1941 3417 2084 3462 modo

132 3475 410 3552 deveniatur,
442 3486 490 3521 ut
515 3490 649 3539 supra
681 3479 742 3534 (c.
779 3477 869 3538 39.)
900 3479 1073 3524 dictum
1100 3489 1180 3533 est,
1206 3490 1377 3539 quanto
1403 3477 1531 3540 plura
1570 3491 1614 3526 et
1650 3483 1797 3541 magis
1830 3483 2085 3560 propinqua

133 3541 235 3600 quis
264 3542 319 3586 ab
352 3541 506 3601 aliquo
530 3552 707 3589 remota
734 3557 832 3588 esse
860 3545 1142 3604 cognoverit,
1173 3555 1301 3589 tanto
1328 3547 1475 3606 magis
1502 3547 1558 3590 ad
1585 3544 1813 3607 propriam
1844 3549 1986 3615 ipsius
2011 3564 2086 3594 co·

136 3607 388 3666 gnitionem
407 3608 594 3662 accedit,
614 3609 730 3656 sicut
751 3609 899 3671 magis
921 3610 1095 3657 accedit
1118 3611 1172 3655 ad
1196 3612 1426 3672 propriam
1448 3613 1650 3659 hominis
1672 3615 1984 3673 cognitionem
2006 3617 2084 3675 qui
