2332 3854
0 3269 19 3293 ²3ss
0 3155 17 3261 mmm-y
0 3103 19 3150 rwv
0 3065 9 3094 ””
0 3020 12 3060 ‘'⁷²’‘
0 2976 1 2981 Α
0 2961 5 2966 ’-

810 207 964 247 unni<
1004 208 1080 247 111.
1123 209 1242 247 cap,
1285 209 1470 247 cxxx1.
2009 194 2116 265 489

166 319 424 369 postponat.
450 308 517 354 Ex
540 308 631 354 hoc
656 308 793 367 igitur
824 310 946 368 quod
979 324 1110 355 mens
1135 310 1336 356 hominis
1370 324 1528 356 amore
1565 320 1609 355 et
1639 310 1864 355 desiderio
1890 310 2118 357 ferventer

164 376 214 420 in
239 376 391 434 divina
411 375 565 429 fertur,
597 376 645 420 in
670 390 762 435 quo
795 376 1119 435 perfectionem
1156 389 1365 423 constare
1398 377 1689 422 manifestum
1721 388 1803 431 est,
1830 379 2122 437 consequitur

166 443 290 501 quod
316 443 469 488 omnia
501 457 618 502 quae
642 442 792 501 ipsum
819 454 1008 500 possunt
1034 445 1258 490 retardare
1287 445 1531 503 quominus
1556 443 1725 488 feratur
1750 444 1795 488 in
1823 445 1990 498 Deum,
2017 445 2123 502 abji-

166 509 270 562 ciat,
295 523 390 554 non
420 510 569 554 solum
604 523 758 554 rerum
786 523 956 563 curam,
991 521 1035 555 et
1068 512 1237 566 uxoris,
1270 522 1315 556 et
1335 511 1476 571 prolis
1510 510 1739 587 affectum,
1775 511 1856 555 sed
1882 512 2022 555 etiam
2053 511 2123 555 sui

163 574 331 634 ipsius.
358 586 401 621 et
435 577 524 622 hoc
561 576 818 635 significant
849 578 985 621 verba
1013 578 1296 636 Scripturae·
1325 579 1488 624 dicitur
1513 578 1635 623 enim
1660 578 1859 635 (Cantic.
1883 578 2004 622 VIII.
2033 579 2120 636 7.):

163 642 212 687 Si
235 643 388 688 dederit
409 644 530 688 homo
562 659 722 688 omnem
737 645 1012 688 substantiam
1033 644 1178 689 domus
1196 660 1294 690 suae
1325 645 1380 689 ad
1410 645 1683 690 mercandum
1703 643 1977 699 dilectionem,
2004 646 2123 703 quasi

165 709 272 753 nihil
290 712 549 770 computabit
568 725 687 763 eam‚·
720 721 764 755 et
789 710 974 767 (Matth.
996 711 1118 756 XIII.
1145 725 1216 769 45.
1245 723 1290 757 et
1311 710 1427 769 46.:)
1457 712 1602 756 Simile
1633 717 1692 756 est
1713 726 1887 771 regnum
1909 711 2122 756 coelorum

164 775 327 821 homini
349 779 597 835 negotiatori
622 779 833 836 quaerenti
858 779 987 822 bonas
1010 781 1278 837 margaritas.
1302 780 1478 824 Inventa
1499 786 1639 823 autem
1670 793 1756 824 una
1778 779 1987 838 praetiosa
2010 792 2125 822 mar·

162 844 318 900 garita,
351 845 474 897 abiit,
496 851 536 889 et
555 845 741 890 vendidit
772 847 914 889 omnia
946 860 1063 910 quae⁸
1081 846 1238 899 habuit,
1261 852 1297 891 et
1318 847 1585 906 comparavit
1604 860 1694 891 eam
1707 862 1720 898 ;
1741 855 1786 890 et
1802 844 2019 904 (Philipp.
2041 844 2121 890 111.

166 921 206 966 7.
238 919 284 953 et
324 910 413 967 8.):
450 912 571 968 Quae
602 913 707 956 mihi
738 912 963 971 aliquando
985 913 1163 971 fuerunt
1197 913 1330 967 lucra,
1370 914 1602 957 arbitratus
1635 927 1726 957 sum
1772 918 1816 956 ut
1846 918 2046 967 stercora,
2077 916 2124 956 ut

162 975 380 1021 Christum
413 978 715 1035 lucrifacerem.

179 1077 181 1079 »
254 1042 378 1096 Quia
409 1045 546 1104 igitur
570 1045 801 1104 praedicta
838 1046 922 1091 tria
950 1046 1269 1105 dispositiones
1303 1047 1358 1091 ad
1395 1046 1725 1106 perfectionem
1762 1055 1881 1101 sunt,
1908 1055 1952 1090 et
1982 1043 2124 1105 perfe-

162 1109 328 1155 ctionis
353 1110 556 1167 effectus,
582 1123 628 1157 et
647 1114 792 1171 signa,
815 1114 1141 1158 convenienter
1159 1115 1235 1173 qui
1257 1114 1487 1174 praedicta
1513 1114 1598 1158 tria
1615 1114 1718 1157 Deo
1743 1123 1915 1158 vovent
1931 1113 1978 1157 in
2001 1121 2121 1158 statu

162 1176 454 1235 perfectionis
480 1194 580 1224 esse
607 1180 831 1224 dicuntur.
857 1180 1082 1225 Perfectio
1106 1192 1257 1225 autem
1291 1182 1347 1225 ad
1370 1195 1507 1240 quam
1535 1180 1765 1239 praedicta
1805 1179 2052 1239 disponunt
2074 1178 2122 1224 in

162 1245 404 1290 vacatione
429 1247 595 1290 mentis
623 1247 744 1292 circa
775 1247 928 1291 Deum
962 1248 1190 1292 consistit:
1219 1249 1338 1292 unde
1375 1258 1420 1292 et
1455 1247 1791 1306 praedictorum
1825 1245 2122 1304 professores,

161 1310 366 1370 religiosi
388 1313 614 1367 dicuntur,
647 1314 775 1372 quasi
810 1328 858 1358 se
895 1315 997 1358 Deo
1025 1325 1070 1358 et
1090 1329 1170 1359 sua
1196 1315 1243 1358 in
1279 1314 1472 1359 modum
1499 1314 1736 1372 cujusdam
1765 1312 1976 1358 sacrificii
2001 1312 2121 1357 dedi-

163 1388 332 1432 cantes,
359 1390 403 1423 et
428 1391 650 1438 quantum
679 1381 733 1424 ad
765 1394 837 1425 res
863 1395 944 1440 per
969 1379 1300 1439 paupertatem,
1328 1392 1372 1425 et
1388 1391 1609 1439 quantum
1637 1380 1690 1426 ad
1720 1392 1885 1440 corpus
1911 1393 1990 1438 per
2015 1387 2124 1426 con-

160 1444 415 1500 tinentiam,
434 1458 478 1491 et
502 1458 724 1506 quantum
741 1447 799 1491 ad
821 1448 1107 1492 voluntatem
1128 1462 1209 1507 per
1231 1448 1554 1494 obedientiam.
1571 1446 1753 1506 Religio
1780 1448 1902 1494 enim
1923 1446 1971 1492 in
1998 1444 2122 1495 cultu

161 1511 315 1557 divino
343 1513 563 1568 consistit,
588 1524 637 1559 ut
663 1528 799 1573 supra
825 1514 997 1559 dictum
1031 1525 1110 1560 est.

841 1666 1098 1724 CAPUT
1140 1667 1432 1725 CXXXII.

290 1802 364 1840 DE
402 1779 616 1841 E'RRORE
656 1802 1085 1843 IMPUGNANTIUM
1124 1803 1526 1843 VOLUNTARIAM
1564 1803 1982 1843 PAUPERTATEM.

223 1781 243 1790 =

248 1907 447 1956 Fuerunt
472 1922 626 1956 autem
652 1911 791 1971 aliqui
816 1913 1091 1972 paupertatis
1118 1913 1403 1972 propositum
1435 1913 1760 1972 improbantes,
1793 1923 1952 1957 contra
1985 1927 2118 1958 evan·

128 1997 133 2001 ·
162 1977 361 2037 gelicam
380 1978 664 2023 doctrinam:
691 1994 886 2038 quorum
913 1981 1084 2038 primus
1100 1981 1374 2039 Vigilantius
1390 1981 1640 2035 invenitur;
1666 1995 1804 2040 quem
1823 1991 1977 2026 tamen
2000 1990 2119 2039 post-

163 2046 356 2090 modum
383 2045 524 2105 aliqui
559 2055 664 2090 sunt
697 2047 855 2101 secuti,
888 2048 1091 2092 dicentes
1125 2062 1174 2091 se
1207 2062 1304 2092 esse
1335 2047 1450 2106 legis
1483 2048 1710 2101 doctores,
1741 2063 1825 2093 non
1855 2048 2120 2106 intelligentes

163 2128 292 2172 neque
316 2127 420 2172 quae
446 2113 689 2172 loquuntur,
712 2129 838 2172 neque
869 2114 917 2159 de
937 2116 1086 2173 quibus
1101 2115 1320 2173 affirmant
1346 2115 1402 2172 (Ι.
1430 2113 1554 2160 Tim.
1581 2116 1614 2159 I.
1643 2115 1721 2172 7.),
1748 2116 1825 2173 qui
1852 2114 1907 2159 ad
1934 2114 2025 2159 hoc
2047 2114 2119 2159 his

164 2190 209 2224 et
225 2179 448 2224 similibus
464 2181 715 2225 rationibus
732 2191 837 2225 sunt
852 2181 1038 2225 inducti.
1056 2176 1287 2226 Naturalis
1311 2182 1432 2226 enim
1453 2182 1677 2241 appetitus
1695 2182 1881 2241 requirit
1897 2191 1946 2227 ut
1962 2195 2122 2226 unum-

159 2247 375 2306 quodque
401 2247 573 2301 animal
597 2248 680 2291 sibi
706 2248 941 2307 provideat
967 2249 1012 2292 in
1028 2249 1296 2293 necessariis
1313 2263 1423 2293 suae
1443 2250 1588 2293 vitae:
1618 2249 1736 2293 unde
1764 2248 1980 2293 animalia
2003 2262 2120 2307 quae

159 2328 255 2359 non
287 2314 492 2374 quolibet
521 2325 730 2374 tempore
763 2316 870 2359 anni
901 2316 1158 2360 necessaria
1184 2317 1302 2360 vitae
1340 2316 1544 2360 invenire
1577 2325 1780 2374 possunt,
1814 2315 2014 2374 quodam
2046 2329 2123 2360 na·

158 2380 292 2425 turali
317 2381 532 2426 instinctu
565 2396 618 2426 ea
646 2396 762 2441 quae
787 2393 892 2427 sunt
923 2384 1043 2427 vitae
1070 2397 1178 2427 suae
1209 2385 1466 2427 necessaria
1493 2393 1776 2442 congregant
1806 2381 1887 2428 illo
1909 2392 2119 2460 tempore

160 2461 252 2507 quo
275 2449 463 2492 inveniri
497 2460 702 2508 possunt,
734 2459 778 2494 et
808 2463 862 2494 ea
908 2458 1194 2504 conservant,
1236 2451 1353 2494 sicut
1388 2460 1512 2509 patet
1548 2450 1603 2494 de
1637 2451 1794 2508 apibus
1821 2459 1865 2493 et
1898 2449 2118 2494 formicis.

159 2514 384 2560 Homines
411 2525 564 2560 autem
585 2516 640 2559 ad
658 2530 767 2561 suae
784 2517 904 2561 vitae
922 2517 1319 2561 conservationem
1334 2516 1488 2561 multis
1505 2517 1725 2575 indigent,
1744 2531 1859 2575 quae
1875 2530 1968 2561 non
1992 2515 2121 2560 omni

158 2591 368 2641 tempore
393 2582 587 2627 inveniri
609 2593 812 2641 possunt.
839 2583 961 2628 Inest
986 2583 1125 2642 igitur
1154 2583 1419 2628 naturaliter
1439 2584 1619 2628 homini
1642 2584 1764 2642 quod
1789 2592 2053 2641 congreget,
2074 2593 2119 2626 et

159 2659 400 2693 conservet
425 2662 480 2693 ea
505 2663 621 2708 quae
651 2660 754 2694 sunt
780 2650 866 2694 sibi
898 2651 1171 2694 necessaria.
1205 2651 1284 2695 Est
1318 2651 1456 2708 igitur
1482 2659 1641 2694 contra
1677 2650 1830 2708 legem
1863 2648 2117 2695 naturalem

159 2715 315 2758 omnia
347 2725 627 2774 congregata
653 2716 912 2775 dispergere
938 2731 1018 2774 per
1049 2726 1378 2775 paupertatem.

248 2781 439 2826 Adhuc.
466 2782 721 2826 naturalem
743 2781 955 2827 affectum
979 2783 1149 2827 habent
1174 2783 1330 2827 omnia
1357 2783 1413 2828 ad
1447 2797 1501 2827 ea
1527 2783 1688 2842 quibus
1721 2797 1820 2827 esse
1844 2796 1979 2828 suum
2012 2795 2118 2826 con-

160 2858 377 2902 servatur,
402 2849 448 2891 in
475 2859 694 2913 quantum
724 2850 883 2892 omnia
917 2863 1016 2893 esse
1040 2860 1269 2908 appetunt.
1299 2849 1388 2893 Sed
1416 2864 1495 2909 per
1517 2850 1815 2894 substantiam
1841 2849 2117 2895 exteriorum

158 2914 391 2959 bonorum
407 2915 500 2959 vita
516 2909 719 2959 hominis
746 2926 1053 2960 conservatur.
1081 2916 1210 2960 Sicut
1235 2917 1371 2975 igitur
1393 2931 1448 2961 ex
1466 2916 1661 2960 naturali
1685 2916 1788 2976 lege
1811 2908 2117 2992 unusquisque

160 2996 291 3027 suam
316 2981 458 3026 vitam
485 2996 756 3027 conservare
787 2993 979 3036 tenetur,
1005 2983 1067 3026 ita
1101 2993 1145 3026 et
1170 2983 1443 3027 exteriorem
1475 2983 1789 3027 substantiam.
1823 2982 1952 3027 Sicut
1982 2982 2118 3041 igitur

160 3059 227 3093 est
259 3060 418 3093 contra
450 3049 602 3108 legem
629 3060 816 3094 naturae
843 3050 965 3108 quo-d
993 3050 1155 3108 aliquis
1181 3050 1266 3094 sibi
1289 3064 1477 3095 manum
1505 3050 1692 3108 injiciat,
1717 3050 1780 3094 ita
1812 3059 1857 3094 et
1887 3050 2011 3108 quod
2037 3048 2117 3094 ali-

158 3117 258 3174 quis
286 3117 543 3161 necessaria
567 3117 687 3161 vitae
713 3117 798 3161 sibi
823 3117 1058 3161 subtrahat
1083 3131 1163 3175 per
1184 3116 1488 3160 voluntariam
1523 3126 1852 3175 paupertatem.

247 3183 482 3241 Amplius:
509 3183 654 3227 homo
686 3183 950 3227 naturaliter
971 3194 1039 3228 est
1066 3183 1236 3226 animal
1261 3183 1448 3237 sociale,
1477 3193 1527 3227 ut
1556 3197 1690 3242 supra
1723 3183 1893 3228 dictum
1921 3192 2000 3228 est.
2035 3182 2116 3228 So-

159 3248 298 3293 cietas
326 3258 477 3294 autem
510 3250 626 3294 inter
650 3250 864 3294 homines
903 3251 1164 3295 conservari
1189 3264 1282 3294 non
1310 3260 1462 3309 posset
1487 3250 1574 3294 nisi
1610 3263 1725 3294 unus
1754 3249 1893 3294 aliurn
1925 3250 2113 3307 juvaret.

157 3315 238 3359 Est
261 3316 397 3376 igitur
422 3316 626 3361 naturale
664 3316 925 3361 hominibus
951 3313 1075 3376 quod
1111 3332 1227 3361 unus
1261 3317 1401 3361 alium
1432 3317 1479 3360 in
1504 3316 1845 3361 necessitatibus
1871 3317 2007 3374 juvet.
2041 3316 2115 3360 Ad

156 3382 247 3427 hoc
274 3393 427 3427 autem
454 3383 622 3428 auxilio
649 3382 837 3428 ferendo
854 3397 902 3428 se
918 3383 1089 3428 faciunt
1110 3385 1401 3443 impotentes,
1417 3383 1495 3442 qui
1522 3383 1792 3428 exteriorem
1816 3382 2114 3429 substantiam

158 3448 389 3507 abjiciunt,
416 3463 496 3507 per
521 3464 659 3509 quam
691 3449 938 3509 plurimum
965 3450 1065 3495 aliis
1091 3450 1309 3495 auxilium
1337 3449 1488 3494 fertur.
1522 3449 1603 3494 Est
1636 3450 1774 3509 igitur
1800 3460 1959 3494 contra
1990 3458 2114 3496 natu-

155 3514 300 3561 ralem
332 3516 612 3571 instinctum,
634 3526 680 3561 et
712 3527 871 3561 contra
902 3518 1146 3571 amicitiae,
1184 3527 1228 3561 et
1255 3517 1453 3562 caritatis
1485 3517 1674 3572 bonum,
1702 3516 1824 3575 quod
1855 3515 2002 3563 homo
2034 3530 2115 3576 per

155 3581 459 3629 voluntariam
486 3593 800 3643 paupertatem
826 3598 1014 3630 omnem
1041 3585 1341 3630 substantiam
1367 3583 1527 3629 mundi
1560 3583 1754 3643 abjiciat.
