2332 3854
843 211 997 252 unm<
1037 210 1093 249 11.
1135 209 1257 250 CAP.
1296 208 1444 248 xcw.
2009 207 2114 262 275

92 363 98 365 ,
252 315 447 362 Adhuc:
473 314 597 375 quod
622 314 758 359 habet
782 314 1035 362 secundum
1050 313 1253 374 seipsum
1278 313 1481 373 speciem
1507 324 1602 357 non
1619 320 1771 371 potest
1789 324 1888 356 esse
1914 310 2120 370 ejusdem

162 382 332 444 speciei
356 396 463 427 cum
488 395 545 427 eo
567 380 690 440 quod
716 395 809 426 non
835 381 974 425 habet
998 380 1248 426 secundum
1283 393 1332 425 se
1364 379 1579 439 speciem,
1612 378 1690 422 sed
1716 386 1784 423 est
1809 391 1912 437 pars
1937 377 2121 436 speciei.

164 449 425 498 Substantia
451 458 606 493 autem
621 458 828 506 separata
849 447 985 492 habet
1000 461 1081 506 per
1093 447 1291 507 seipsam
1317 445 1544 505 speciem:
1571 444 1724 488 anima
1743 453 1898 490 autem
1913 457 2024 499 non,
2041 445 2121 489 sed

163 526 234 563 est
261 530 364 575 pars
390 515 558 575 speciei
573 514 817 560 humanae.
837 513 1123 571 Impossibile
1145 524 1213 558 est
1233 513 1368 572 igitur
1386 511 1510 572 quod
1537 511 1691 556 anima
1711 511 1770 556 sit
1795 510 2002 570 ejusdem
2028 524 2124 569 spe-

166 582 253 630 ciei
287 597 394 627 cum
433 581 692 627 substantiis
716 580 950 640 separatis,
985 580 1073 624 nisi
1107 580 1223 625 forte
1250 580 1395 629 homo
1429 587 1547 624 esset
1579 578 1785 637 ejusdem
1811 577 1982 639 speciei
2014 591 2121 622 cum

163 647 279 704 inis;
304 649 427 709 quod
452 658 576 707 patet
600 661 700 692 esse
724 646 1022 706 impossibile.

71 757 91 775 ,Α
253 715 519 761 Praeterea:
555 729 609 760 ex
640 714 823 773 propria
858 714 1122 772 operatione
1166 714 1229 758 rei
1266 712 1509 772 percipitur
1544 711 1718 772 species
1759 712 1878 771 ejus;
1913 709 2120 771 operatio

74 780 77 782 ’
140 781 288 828 ‘enim
314 781 597 826 demonstrat
620 782 847 833 virtutem,
875 793 990 838 quae
1017 779 1186 823 indicat
1217 779 1474 823 essentiam.
1507 778 1698 838 Propria
1730 788 1882 824 autem
1914 777 2122 837 operatio

165 847 441 898 substantiae
467 857 701 906 separatae
727 856 773 891 et
805 846 984 890 animae
1011 845 1315 890 intellectivae
1341 855 1409 890 est
1437 845 1720 904 intelligere;
1749 854 1818 890 est
1850 853 2004 889 autem
2026 857 2123 888 orn-

164 916 276 962 nino
302 914 416 960 alius
442 914 607 959 modus
642 913 926 971 intelligendi
951 913 1226 957 substantiae
1252 922 1487 972 separatae
1521 922 1565 956 et
1597 913 1801 967 animae3
1832 925 1942 956 nam
1967 910 2124 955 anima

164 980 377 1041 intelligit
402 995 428 1025 a
448 980 840 1039 phantasmatibus
862 979 1143 1038 accipiendO,
1160 994 1255 1024 non
1282 989 1435 1024 autem
1462 979 1711 1024 substantia
1738 987 1959 1039 separata,
1981 991 2125 1037 quum

166 1063 262 1094 non
282 1048 448 1093 habeat
473 1062 645 1106 organa
673 1061 892 1105 corporea
918 1048 963 1090 in
991 1047 1152 1106 quibus
1179 1055 1360 1105 oportet
1391 1060 1490 1091 esse
1517 1046 1849 1105 phantasmata.
1881 1045 1990 1090 Non
2020 1053 2127 1090 sunt

166 1115 304 1176 igitur
324 1116 477 1161 anima
501 1115 704 1160 humana
730 1124 773 1159 et
798 1114 1047 1159 substantia
1073 1123 1280 1172 separata
1307 1113 1440 1158 unius
1465 1112 1648 1171 speciei.

912 1291 1166 1350 CAPUT
1199 1291 1375 1348 XCV.

169 1429 456 1478 QUOMODO
482 1429 815 1469 ACCIPIATUR
838 1429 1014 1469 GENUS
1035 1429 1106 1467 ET
1126 1427 1341 1466 SPECIES
1367 1428 1424 1467 IN
1444 1425 1795 1466 SUBSTANTIIS
1817 1424 2124 1465 SEPARATIS.

751 1532 808 1590 (I.
827 1537 941 1591 part.
974 1537 1126 1590 quaest.
1154 1531 1204 1575 L.
1232 1537 1314 1575 art.
1341 1545 1380 1575 2.
1404 1530 1458 1575 ad
1479 1530 1554 1588 1.).

259 1645 458 1704 Oportet
497 1655 649 1689 autem
691 1643 980 1688 considerare
1036 1642 1289 1688 secundum
1335 1641 1442 1701 quid
1486 1639 1813 1685 diversificatur
1853 1640 2029 1700 species
2077 1639 2125 1684 in

167 1711 426 1758 substantiis
452 1711 684 1771 separatis.
711 1711 763 1755 In
789 1711 922 1755 rebus
948 1710 1071 1754 enim
1098 1708 1421 1763 materialibuS,
1454 1722 1570 1768 quae
1597 1717 1702 1752 sunt
1727 1707 2007 1752 diversarum
2032 1721 2127 1767 spe-

75 1767 82 1779 !
141 1785 146 1790 ’
168 1778 342 1824 cierum
358 1778 490 1823 unius
506 1778 685 1836 generis
703 1778 982 1831 exsistentes,
1004 1777 1120 1822 ratio
1143 1776 1323 1836 generis
1350 1790 1404 1820 ex
1426 1774 1650 1835 principio
1670 1773 1894 1819 materiali
1920 1773 2128 1829 sumitur,

169 1844 421 1892 differentia
445 1845 614 1904 speciei
637 1859 662 1889 a
679 1844 901 1904 principio
927 1844 1109 1889 formali
1127 1860 1138 1897 ;
1163 1853 1326 1887 natura
1347 1843 1470 1887 enirn
1492 1842 1722 1896 sensitiva,
1741 1856 1793 1886 ex
1815 1856 1905 1901 qua
1936 1842 2128 1886 sumitur

168 1913 284 1957 ratio
317 1912 540 1966 animalis,
573 1923 640 1956 est
666 1911 900 1956 materiale
927 1912 973 1955 in
1008 1911 1215 1965 homine,
1251 1920 1459 1969 respectu
1493 1919 1682 1953 naturae
1708 1908 2029 1963 intellectivae,
2073 1923 2127 1953 ex

169 1992 259 2039 qua
282 1978 475 2024 sumitur
490 1977 742 2023 differentia
767 1977 980 2037 specifica
1005 1978 1221 2032 hominis,
1250 1977 1425 2022 scilicet
1449 1975 1684 2021 rationale.
1704 1976 1754 2020 Si
1775 1976 1912 2034 igitur
1928 1977 2130 2021 substan-

168 2046 259 2091 tiae
298 2055 532 2105 separatae
565 2059 661 2090 non
699 2056 804 2090 sunt
842 2059 896 2090 ex
935 2047 1125 2090 materia
1151 2055 1195 2089 et
1233 2043 1383 2088 forma
1410 2043 1708 2103 compositae,
1750 2053 1799 2087 ut
1833 2057 1886 2087 ex
1918 2043 2132 2102 praemis-

168 2113 230 2157 sis
256 2113 317 2170 (c.
354 2113 442 2171 50.)
484 2122 620 2172 patet,
652 2126 746 2157 non
779 2122 965 2172 apparet
989 2112 1243 2157 secundum
1275 2111 1382 2170 quid
1425 2112 1470 2155 in
1513 2110 1577 2155 eis
1610 2117 1754 2169 genus
1792 2119 1836 2154 et
1877 2109 2131 2155 differentia

169 2178 380 2240 specifica
406 2179 552 2239 accipi
572 2181 730 2238 possit.

257 2245 384 2291 Scire
409 2246 547 2304 igitur
572 2255 752 2304 oportet
783 2247 905 2305 quod
932 2246 1136 2290 diversae
1154 2259 1307 2290 rerum
1333 2244 1507 2303 species
1535 2243 1759 2319 gradatim
1784 2253 1995 2288 naturam
2014 2243 2129 2289 entis

163 2312 415 2373 possident.
442 2311 608 2357 Statim
634 2313 758 2356 enim
774 2313 820 2356 in
846 2313 992 2371 prima
1016 2312 1131 2357 entis
1157 2312 1380 2356 divisione
1406 2311 1635 2355 invenitur
1659 2311 1750 2355 hoc
1778 2310 1962 2370 quidem
1988 2310 2130 2371 perfe-

131 2391 137 2400 “
164 2388 310 2434 ctum,
335 2377 509 2423 scilicet
529 2393 608 2423 ens
634 2393 714 2438 per
738 2393 786 2423 se
814 2389 859 2424 et
884 2394 964 2424 ens
992 2389 1109 2434 actu,
1137 2378 1258 2424 aliud
1275 2392 1385 2422 vero
1413 2377 1745 2436 imperfectum,
1771 2377 1947 2422 scilicet
1978 2392 2058 2422 ens
2082 2378 2129 2422 in

79 2443 103 2489 123
163 2445 262 2491 alio
287 2455 333 2490 et
356 2459 436 2490 ens
461 2445 509 2489 in
533 2446 760 2504 potentia3
779 2456 823 2491 et
841 2447 1005 2491 eodem
1025 2446 1166 2490 modo
1194 2444 1463 2490 discurrenti
1489 2459 1570 2504 per
1594 2444 1772 2504 singula
1790 2454 1974 2522 apparet
1991 2460 2131 2490 unam

170 2512 372 2573 speciem
397 2527 533 2572 supra
565 2513 702 2557 aliam
745 2512 945 2573 aliquem
971 2513 1164 2572 gradum
1195 2511 1484 2581 perfectionis
1524 2511 1734 2570 adjicere,
1770 2512 1888 2556 sicut
1914 2511 2132 2556 animalia

71 2625 79 2632 ,
170 2592 305 2639 super
328 2577 506 2639 plantas
524 2589 569 2624 et
585 2579 800 2623 animalia
826 2580 1113 2639 progressiva
1138 2593 1272 2639 super
1299 2577 1515 2623 animalia
1531 2578 1840 2633 immobilia3’
1827 2593 1875 2623 m
1902 2578 2133 2623 coloribus

171 2645 325 2700 etiam,
365 2660 455 2690 una
492 2646 667 2704 species
708 2646 797 2690 alia
836 2645 1080 2705 perfectior
1118 2645 1360 2699 invenitur,
1400 2644 1656 2689 secundum
1689 2646 1811 2704 quod
1839 2655 1907 2690 est
1933 2645 2132 2690 albedini

170 2712 492 2772 propinquior;
517 2722 702 2772 propter
727 2713 850 2772 quod
875 2713 1146 2758 Aristoteles
1165 2713 1212 2757 in
1233 2722 1399 2756 octavo
1410 2712 1612 2770 Metaph.
1636 2713 1687 2770 (t.
1717 2727 1754 2757 c.
1780 2713 1868 2770 10.)
1883 2713 1991 2757 dicit
2008 2713 2132 2772 quod

173 2778 485 2825 distinctiones
523 2794 674 2824 rerum
706 2790 810 2824 sunt
841 2780 958 2824 sicut
988 2794 1220 2833 numerus,
1247 2779 1294 2822 in
1327 2793 1418 2838 quo
1452 2779 1599 2823 unitas
1626 2779 1855 2823 subtracta
1880 2778 1954 2824 vel
1981 2779 2133 2824 addita

172 2847 373 2906 speeiem
397 2846 577 2891 numeri
608 2846 774 2901 variat3
807 2860 885 2906 per
917 2861 1057 2906 quem
1092 2847 1298 2899 modurn,
1324 2845 1372 2889 in
1406 2844 1766 2900 diffinitionibus,
1802 2846 1840 2891 si
1875 2860 1965 2890 una
1996 2844 2130 2891 diffe-

58 2953 87 2963 „
173 2911 316 2958 tentia
339 2913 629 2958 subtrahatur
654 2913 727 2958 vel
754 2914 958 2968 addatur,
985 2913 1162 2957 diversa
1188 2913 1362 2971 species
1395 2912 1634 2956 invenitur.
1661 2912 1796 2957 Ratio
1829 2913 1967 2972 igitur
1992 2913 2135 2958 deter-

57 3000 73 3037 s
149 3018 152 3019 γ
174 2978 372 3025 minatae
392 2979 561 3039 speciei
587 2980 794 3025 consistit
808 2980 853 3027 in
877 2980 968 3024 hoc
995 2979 1117 3039 quod
1139 2989 1301 3023 natura
1319 2979 1577 3022 communis
1600 2978 1647 3021 in
1665 2979 1967 3024 determinato
1990 2980 2132 3040 gradu

61 3056 69 3065 “
175 3045 289 3092 entis
314 3044 593 3102 collocatur3
619 3057 678 3103 et,
704 3047 810 3106 quia
835 3047 882 3090 in
908 3046 1041 3091 rebus
1068 3060 1122 3090 ex
1148 3045 1338 3090 materia
1366 3055 1411 3090 et
1430 3044 1579 3090 forma
1604 3045 1869 3104 compositis
1896 3045 2048 3090 forma
2065 3054 2134 3090 est

176 3112 304 3172 quasi
329 3113 564 3168 terminus,
594 3113 639 3157 id
666 3123 819 3158 autem
856 3113 978 3173 quod
1004 3112 1273 3158 terminatur
1303 3125 1383 3171 per
1415 3126 1517 3156 eam
1560 3120 1628 3156 est
1669 3111 1859 3156 materia
1890 3110 1965 3156 vel
1995 3122 2135 3157 mate-

154 3178 300 3234 ·riale,
316 3189 498 3239 oportet
521 3179 646 3239 quod
670 3180 787 3224 ratio
815 3180 992 3240 generis
1019 3189 1224 3224 sumatur
1257 3192 1311 3223 ex
1337 3177 1576 3231 materiali,
1609 3177 1862 3222 differentia
1893 3192 2003 3223 vero
2035 3191 2133 3237 spe·

174 3245 305 3293 cifica
329 3260 382 3292 ex
404 3246 611 3302 formali3
637 3257 682 3292 et
704 3247 810 3293 ideo
837 3262 891 3292 ex
918 3246 1170 3292 differentia
1197 3256 1242 3291 et
1269 3259 1434 3305 genere
1457 3245 1506 3289 fit
1528 3259 1686 3299 unum,
1714 3244 1830 3289 sicut
1862 3258 1915 3288 ex
1942 3245 2134 3290 materia

177 3322 222 3359 et
244 3311 417 3368 forma:
435 3323 481 3358 et
505 3314 622 3358 sicut
646 3327 735 3358 una
762 3324 807 3359 et
831 3314 993 3358 eadem
1019 3323 1087 3358 est
1102 3325 1262 3357 natura
1290 3326 1404 3372 quae
1433 3326 1486 3356 ex
1513 3312 1701 3356 materia
1728 3321 1773 3356 et
1797 3310 1945 3356 forma
1973 3313 2135 3357 consti·

176 3375 329 3434 tuitur,
358 3379 420 3424 ita
445 3378 698 3424 differentia
722 3393 817 3424 non
843 3380 967 3424 addit
988 3390 1249 3424 extraneam
1282 3378 1530 3438 quamdam
1571 3388 1783 3423 naturam
1814 3392 1950 3438 super
1974 3393 2134 3438 genus,

176 3444 256 3491 sed
279 3455 348 3491 est
371 3445 595 3505 quaedam
622 3446 939 3491 determinatio
966 3447 1103 3506 ipsius
1125 3456 1313 3490 naturae
1341 3445 1543 3505 generis;
1570 3455 1632 3499 ut,
1655 3445 1694 3489 si
1718 3457 1861 3504 genus
1888 3445 2135 3506 accipiatur

178 3510 351 3557 animal
374 3511 511 3570 pedes
537 3511 724 3566 habens,
763 3511 1015 3558 differentia
1046 3514 1142 3571 ejus
1169 3522 1236 3557 est
1261 3512 1375 3556 duos
1400 3511 1538 3570 pedes
1564 3511 1760 3566 habens;
1786 3526 1924 3571 quam
1950 3512 2134 3572 quidem

180 3576 479 3624 differentiam
502 3577 616 3623 nihil
633 3588 898 3624 extraneum
924 3593 1059 3639 super
1075 3593 1218 3638 genus
1245 3578 1411 3623 addere
1438 3576 1732 3624 manifestum
1755 3589 1835 3624 est.
