2332 3854
788 189 941 230 unna
979 189 1052 229 1v.
1093 190 1213 230 CAP.
1255 188 1405 229 xmn.
1972 176 2071 245 631

133 290 243 345 lum,
268 289 438 336 factum
465 305 519 337 ex
545 290 733 336 muliere
755 301 800 336 et
824 301 998 346 natum,
1023 300 1068 336 et
1092 290 1332 350 Virginem
1354 298 1548 356 matrem
1575 289 1677 334 Dei.
1701 289 1807 335 Non
1832 290 1969 350 igitur
1987 290 2078 335 hoc

133 357 283 403 decuit
307 369 357 403 ut
377 358 775 418 praeexsistentem
807 359 1046 403 hominem
1074 363 1335 410 assumeret.

220 424 338 469 Hinc
365 425 503 469 etiam
526 433 710 483 apparet
726 424 864 483 quod,
891 425 944 468 ab
971 425 1070 483 ipso
1094 423 1407 483 conceptionis
1434 422 1672 483 principio,
1686 432 1897 468 naturam
1922 423 2081 467 huma-

130 503 239 534 nam
265 491 348 534 sibi
374 491 531 535 univit.
555 490 692 544 Quia,
714 492 828 534 sicut
851 490 1117 535 humanatio
1144 491 1233 535 Dei
1257 490 1397 534 Verbi
1412 489 1598 549 requirit
1617 489 1740 548 quod
1764 489 1967 538 Verbum
1990 490 2080 534 Dei

130 555 188 600 sit
210 566 368 601 natum
394 557 628 601 nativitate
653 557 868 610 humana,
897 558 951 600 ad
984 558 1074 601 hoc
1101 557 1223 616 quod
1250 559 1306 601 sit
1330 570 1463 601 verus
1496 556 1640 600 homo
1668 565 1712 600 et
1737 555 1968 610 naturalis,
2000 570 2080 613 per

131 624 289 667 omnia
313 623 360 667 in
391 623 670 668 naturalibus
705 623 838 667 nobis
880 622 1155 677 conformis3
1181 623 1242 667 ita
1285 624 1470 682 requirit
1508 622 1629 681 quod
1661 622 1751 668 Dei
1774 622 1977 667 Verbum
2023 622 2080 666 sit

130 699 404 748 conceptum
433 691 732 749 conceptione
764 689 980 733 humana.
1017 690 1124 734 Non
1162 691 1299 743 enim,
1341 689 1592 734 secundum
1633 699 1821 749 naturae
1856 689 2079 743 ordinem,

128 754 274 799 homo
296 757 496 801 nascitur
520 757 606 800 nisi
632 756 753 814 prius
788 756 1082 814 concipiatur.
1112 756 1162 799 Si
1194 766 1346 800 autem
1379 764 1538 800 ‘natura
1575 756 1778 800 humana
1809 755 2081 800 assumenda

128 821 253 879 prius
270 822 317 865 in
335 822 655 881 qualicumque
679 831 796 866 statu
819 821 976 866 fuisset
997 836 1134 880 quam
1160 822 1314 866 Verbo
1332 822 1547 875 uniretur,
1564 822 1642 865 illa
1660 823 1900 882 conceptio
1926 822 2079 867 Verbo

127 886 218 931 Dei
242 887 427 932 attribui
450 903 545 933 non
570 899 739 948 posset,
761 898 811 932 ut
836 888 1060 933 diceretur
1082 898 1357 947 conceptum
1377 889 1679 947 conceptione
1695 889 1912 933 humana.
1933 889 2082 948 Opor-

63 993 68 999 .
126 954 212 998 tuit
234 954 373 1012 igitur
396 955 534 1014 quod,
560 955 614 999 ab
641 955 741 1014 ipso
775 955 1087 1014 conceptionis
1119 955 1358 1014 principio,
1390 954 1593 999 Verbum
1625 955 1714 999 Dei
1744 954 1975 1000 humanae
2006 969 2083 1000 na·

125 1028 252 1064 turae
278 1021 493 1067 uniretur.

216 1085 440 1132 Rursum:
474 1088 520 1131 in
553 1088 847 1147 generatione
879 1087 1096 1143 humana,
1121 1088 1263 1133 virtus
1296 1087 1441 1132 activa
1475 1087 1568 1146 agit
1599 1087 1655 1132 ad
1688 1087 2081 1146 complementum

124 1151 356 1198 humanae
380 1163 569 1198 naturae
600 1155 648 1198 in
682 1154 835 1214 aliquo
868 1155 1171 1199 determinato
1202 1154 1453 1199 individuo.
1488 1154 1538 1198 Si
1570 1164 1723 1199 autem
1754 1154 1960 1199 Verbum
1991 1155 2081 1200 Dei

123 1232 220 1265 non
246 1233 273 1263 a
297 1219 521 1279 principio
548 1221 862 1278 conceptionis
888 1221 1141 1265 humanam
1166 1231 1374 1266 naturam
1405 1221 1736 1279 assumpsisset,
1762 1222 1903 1266 virtus
1935 1222 2081 1266 activa
2109 1253 2114 1258 -
2161 1215 2163 1217 ¹

124 1285 173 1331 in
198 1287 508 1344 generatione,
527 1297 630 1331 ante
651 1287 885 1341 unionem,
911 1301 1042 1331 suam
1061 1288 1289 1332 actionem
1316 1287 1570 1332 ordinasset
1584 1287 1641 1341 ad
1660 1287 1781 1332 aliud
1798 1287 2082 1333 individuum

123 1351 356 1397 humanae
381 1363 584 1407 naturae,
611 1354 733 1412 quod
760 1364 828 1398 est
857 1354 1116 1413 hypostasis
1147 1354 1222 1398 vel
1247 1367 1441 1414 persona
1472 1354 1696 1410 humana;
1727 1364 1832 1413 post
1862 1355 2082 1399 unionem

124 1427 281 1464 autem
306 1419 561 1464 ordinasset
584 1429 730 1464 totam
757 1421 1100 1479 generationem
1138 1421 1193 1464 ad
1231 1420 1369 1465 aliam
1403 1421 1687 1480 hypostasim
1717 1420 1792 1466 vel
1822 1436 2083 1480 personam,

125 1484 303 1532 scilicet
333 1485 422 1530 Dei
453 1485 672 1540 Verbum,
705 1487 827 1545 quod
868 1487 1138 1532 nascebatur
1167 1488 1213 1531 in
1247 1488 1451 1531 humana
1487 1498 1660 1532 natura.
1696 1488 1771 1533 Sic
1812 1489 1948 1547 igitur
1987 1502 2082 1532 non

124 1550 284 1596 fuisset
309 1565 399 1596 una
423 1566 618 1597 numero
645 1554 897 1612 generatio,
924 1563 1080 1612 utpote
1108 1554 1163 1598 ad
1191 1554 1301 1598 duas
1328 1567 1546 1613 personas
1574 1554 1804 1609 ordinata3
1821 1569 1907 1599 nec
1924 1554 2084 1600 fuisset

127 1617 369 1663 uniformis
401 1619 651 1665 secundum
699 1630 863 1673 totum,
894 1620 1016 1679 quod
1051 1635 1076 1664 a
1108 1631 1296 1664 naturae
1329 1621 1488 1664 ordine
1520 1621 1696 1664 videtur
1728 1621 1941 1665 alienum.
1974 1621 2082 1665 Non

125 1684 262 1744 igitur
287 1684 370 1729 fuit
396 1687 672 1730 conveniens
697 1687 819 1745 quod
846 1686 1051 1730 Verbum
1078 1687 1180 1740 Dei,
1208 1697 1311 1745 post
1338 1687 1704 1746 conceptionem,
1731 1687 1984 1731 humanam
2006 1702 2082 1731 na-

123 1760 274 1796 turam
301 1762 564 1806 assumeret,
591 1753 670 1796 sed
696 1752 833 1797 simul
858 1753 904 1796 in
930 1753 1027 1811 ipsa
1057 1754 1373 1813 conceptione.

213 1818 350 1863 Item:
368 1818 458 1863 hoc
481 1817 659 1863 videtur
682 1820 988 1878 generationis
1006 1819 1236 1864 humanae
1259 1820 1372 1865 ordo
1391 1820 1631 1879 requirere,
1658 1830 1706 1864 ut
1723 1820 1801 1879 qui
1828 1820 2082 1880 concipitur

125 1884 224 1943 ipse
249 1884 371 1929 idem
397 1896 623 1940 nascatur,
651 1896 695 1930 et
718 1900 812 1930 non
840 1885 976 1940 alius;
1004 1901 1145 1945 quum
1173 1888 1416 1946 conceptio
1444 1887 1499 1931 ad
1521 1888 1806 1931 nativitatem
1834 1887 2078 1931 ordinetur.

125 1950 277 2005 Unde,
302 1951 341 1995 si
369 1950 509 1996 Filius
533 1951 623 1996 Dei
647 1962 780 1996 natus
807 1961 875 1996 est
898 1952 1132 1997 nativitate
1157 1953 1376 2007 humana,
1410 1963 1591 2012 oportet
1618 1954 1755 1998 etiam
1783 1954 1905 2013 quod
1937 1953 2077 1998 Filius

123 2018 216 2068 Dei,
244 2018 303 2063 sit
323 2019 624 2077 conceptione
650 2019 852 2064 humana
878 2029 1141 2079 conceptus,
1167 2029 1211 2064 et
1235 2034 1329 2064 non
1357 2035 1494 2080 purus
1520 2020 1680 2065 homo.

849 2219 1102 2298 CAPUT
1143 2220 1345 2275 XLIV.

122 2362 284 2409 QUOD
313 2362 539 2403 NATURA
578 2362 811 2402 HUMANA
842 2363 1129 2401 ASSUMPTA
1160 2364 1195 2400 A
1227 2362 1406 2401 VERBO
1441 2363 1498 2401 IN
1530 2361 1648 2400 IPSA
1681 2361 2076 2401 CONCEPTIONE

339 2437 468 2476 FUIT
508 2437 791 2477 PERFECTA
830 2436 1107 2483 QUANTUM
1146 2438 1219 2475 AD
1262 2437 1477 2477 ANIMAM
1516 2437 1586 2474 ET
1617 2435 1846 2475 CORPUS.

209 2551 411 2598 Ulterius
438 2563 591 2598 autem
617 2567 672 2598 ex
702 2554 794 2598 hoc
827 2553 1123 2599 manifestum
1149 2563 1216 2599 est
1241 2554 1363 2613 quod
1395 2554 1442 2598 in
1469 2555 1568 2613 ipso
1612 2553 1927 2613 conceptionis
1958 2553 2076 2613 prin-

120 2619 241 2678 cipio
268 2619 421 2664 anima
447 2619 679 2664 rationalis
701 2621 883 2679 corpori
908 2620 990 2665 fuit
1017 2621 1156 2665 unita.

208 2684 412 2729 Verbum
438 2686 562 2730 enim
587 2686 689 2740 Dei,
715 2686 944 2731 mediante
978 2687 1131 2730 anima
1157 2686 1384 2741 rationali,
1407 2701 1583 2745 ‘corpus
1617 2686 1882 2745 assumpsit;
1910 2700 2074 2745 corpus

122 2752 246 2796 enim
277 2751 479 2796 hominis
517 2766 611 2796 non
645 2753 791 2812 magis
825 2753 1132 2812 assumptibile
1166 2762 1233 2797 est
1263 2767 1289 2796 a
1321 2753 1424 2797 Deo
1457 2767 1595 2811 quam
1628 2752 1717 2797 alia
1749 2766 1958 2812 corpora,
1989 2753 2076 2798 nisi

119 2824 304 2876 propter
320 2819 522 2862 animam
540 2818 826 2863 rationalem.
847 2819 956 2863 Non
971 2819 1107 2878 igitur
1119 2818 1324 2863 Verbum
1344 2819 1430 2863 Dei
1454 2819 1699 2877 assumpsit
1722 2833 1886 2878 corpus
1904 2819 2073 2878 absque

121 2885 272 2930 anima
297 2885 522 2929 rationali.
551 2885 710 2937 Quum
739 2886 876 2944 igitur
900 2885 1101 2929 Verbum
1125 2886 1222 2930 'Dei
1249 2886 1544 2944 assumpserit
1570 2899 1735 2944 corpus
1763 2886 1815 2929 ab
1842 2886 1943 2944 ipso
1971 2900 2076 2931 con-

121 2952 343 3010 ceptionis
368 2952 608 3010 principio,
641 2953 842 3011 oportuit
874 2952 997 3011 quod
1022 2953 1068 2996 in
1099 2952 1200 3012 ipso
1229 2952 1544 3011 conceptionis
1575 2952 1798 3011 principio
1825 2953 1979 2997 anima
2010 2967 2076 2998 ra·

118 3017 302 3063 tionalis
329 3018 510 3077 corpori
536 3018 750 3063 uniretur.

208 3085 343 3131 Item:
369 3086 519 3144 posito
546 3099 602 3129 eo
629 3085 751 3144 quod
778 3095 845 3130 est
870 3085 1092 3144 posterius
1114 3087 1159 3130 in
1183 3086 1491 3145 generatione,
1514 3098 1700 3130 necesse
1727 3094 1794 3130 est
1820 3095 1864 3129 et
1887 3085 1933 3130 id
1951 3086 2074 3145 quod

119 3151 243 3210 prius
268 3161 335 3196 est
355 3152 607 3196 secundum
640 3153 946 3210 generationis
979 3152 1187 3197 ordinem
1214 3152 1337 3211 poni.
1371 3151 1601 3196 Posterius
1629 3161 1781 3195 autem
1812 3147 1870 3195 in'
1892 3165 2075 3211 genera-

116 3217 243 3262 tione
269 3228 336 3263 est
358 3218 405 3263 id
431 3218 552 3277 quod
580 3228 648 3263 est
667 3218 1072 3278 perfectissimum3
1099 3218 1480 3278 perfectissimum
1519 3227 1671 3262 autem
1698 3227 1766 3261 est
1787 3218 1935 3276 ipsum
1961 3218 2072 3263 indi-

120 3283 308 3329 viduum
332 3295 614 3344 generatum,
636 3285 759 3344 quod
784 3286 830 3329 in
858 3286 1151 3344 generatione
1174 3285 1375 3329 humana
1398 3294 1464 3329 est
1489 3284 1746 3343 hypostasis
1763 3283 1837 3328 vel
1863 3298 2072 3343 persona,
2108 3342 2115 3349 ἢ

121 3350 176 3394 ad
204 3351 330 3408 cujus
355 3352 729 3397 constitutionem
756 3353 1021 3397 ordinantur
1047 3362 1091 3396 et
1117 3352 1270 3396 anima
1297 3361 1341 3395 et
1370 3365 1546 3410 corpus.
1574 3351 1729 3394 Posita
1761 3351 1896 3409 igitur
1921 3365 2073 3410 perso—

118 3415 303 3461 nalitate
327 3416 529 3462 hominis
555 3418 772 3476 generati,
793 3432 979 3463 necesse
1005 3428 1072 3463 est
1098 3418 1283 3477 quidem
1306 3418 1519 3462 exsistere
1547 3426 1591 3461 et
1617 3430 1781 3475 corpus
1808 3426 1852 3461 et
1869 3417 2071 3462 animam

118 3482 403 3529 rationalem.
429 3483 734 3529 Personalitas
760 3492 914 3530 autem
940 3484 1139 3529 hominis
1167 3484 1340 3529 Christi
1356 3497 1450 3528 non
1478 3493 1544 3528 est
1577 3482 1665 3528 alia
1692 3497 1831 3541 quam
1856 3497 2073 3541 persona-

118 3548 221 3595 litas
245 3547 386 3595 Verbi
415 3549 528 3605 Dei;
552 3549 756 3596 Verbum
782 3560 935 3597 autem
960 3549 1047 3595 Dei
1073 3550 1119 3594 in
1146 3551 1241 3609 ipsa
1275 3550 1578 3609 conceptione
1604 3549 1748 3594 univit
1787 3550 1872 3594 sibi
1904 3562 2070 3610 corpus
