<?xml version="1.0" encoding="UTF-8"?>
<!DOCTYPE html PUBLIC "-//W3C//DTD XHTML 1.0 Transitional//EN"
    "http://www.w3.org/TR/xhtml1/DTD/xhtml1-transitional.dtd">
<html xmlns="http://www.w3.org/1999/xhtml" xml:lang="en" lang="en">
 <head>
  <title>
</title>
<meta http-equiv="Content-Type" content="text/html;charset=utf-8" />
  <meta name='ocr-system' content='tesseract 3.04.00' />
  <meta name='ocr-capabilities' content='ocr_page ocr_carea ocr_par ocr_line ocrx_word'/>
</head>
<body>
  <div class='ocr_page' id='page_1' title='image "./divithomaeaquina00thom_0151.png"; bbox 0 0 2332 3854; ppageno 0'>
   <div class='ocr_carea' id='block_1_1' title="bbox 834 227 2103 282">
    <p class='ocr_par' dir='ltr' id='par_1_1' title="bbox 834 227 2103 282">
     <span class='ocr_line' id='line_1_1' title="bbox 834 227 2103 282; baseline -0.002 -14"><span class='ocrx_word' id='word_1_1' title='bbox 834 229 989 269; x_wconf 84' lang='lat' dir='ltr'>LIBER</span> <span class='ocrx_word' id='word_1_2' title='bbox 1027 228 1086 268; x_wconf 88' lang='lat'>11.</span> <span class='ocrx_word' id='word_1_3' title='bbox 1125 228 1249 268; x_wconf 71' lang='lat' dir='ltr'>CAP.</span> <span class='ocrx_word' id='word_1_4' title='bbox 1289 227 1422 266; x_wconf 80' lang='lat' dir='ltr'>xxn.</span> <span class='ocrx_word' id='word_1_5' title='bbox 2004 227 2103 282; x_wconf 75' lang='lat'>139</span> 
     </span>
    </p>
   </div>
   <div class='ocr_carea' id='block_1_2' title="bbox 59 302 80 340">
    <p class='ocr_par' dir='ltr' id='par_1_2' title="bbox 59 302 83 340">
     <span class='ocr_line' id='line_1_2' title="bbox 59 302 80 340; baseline -0.125 -25"><span class='ocrx_word' id='word_1_6' title='bbox 59 302 80 340; x_wconf 46' lang='lat' dir='ltr'>qb</span> 
     </span>
    </p>
   </div>
   <div class='ocr_carea' id='block_1_3' title="bbox 66 327 2111 1392">
    <p class='ocr_par' dir='ltr' id='par_1_3' title="bbox 64 327 2109 1390">
     <span class='ocr_line' id='line_1_3' title="bbox 147 327 2107 391; baseline -0.002 -14.161"><span class='ocrx_word' id='word_1_7' title='bbox 147 329 364 385; x_wconf 61' lang='lat' dir='ltr'>mediate,</span> <span class='ocrx_word' id='word_1_8' title='bbox 385 329 494 389; x_wconf 71' lang='lat' dir='ltr'>quia</span> <span class='ocrx_word' id='word_1_9' title='bbox 519 329 555 376; x_wconf 74' lang='lat' dir='ltr'>si</span> <span class='ocrx_word' id='word_1_10' title='bbox 577 342 658 389; x_wconf 82' lang='lat' dir='ltr'>per</span> <span class='ocrx_word' id='word_1_11' title='bbox 692 329 842 377; x_wconf 85' lang='lat' dir='ltr'>media</span> <span class='ocrx_word' id='word_1_12' title='bbox 879 330 1165 388; x_wconf 77' lang='lat' dir='ltr'><strong>produceret,</strong></span> <span class='ocrx_word' id='word_1_13' title='bbox 1191 339 1348 391; x_wconf 78' lang='lat' dir='ltr'>posset</span> <span class='ocrx_word' id='word_1_14' title='bbox 1374 327 1614 389; x_wconf 81' lang='lat' dir='ltr'>provenire</span> <span class='ocrx_word' id='word_1_15' title='bbox 1640 327 1874 373; x_wconf 81' lang='lat' dir='ltr'>diversitas</span> <span class='ocrx_word' id='word_1_16' title='bbox 1901 343 1954 372; x_wconf 73' lang='lat' dir='ltr'>ex</span> <span class='ocrx_word' id='word_1_17' title='bbox 1980 337 2107 386; x_wconf 85' lang='lat' dir='ltr'>parte</span> 
     </span>
     <span class='ocr_line' id='line_1_4' title="bbox 99 394 2107 455; baseline -0.002 -12.902"><span class='ocrx_word' id='word_1_18' title='bbox 99 396 412 442; x_wconf 63' lang='lat' dir='ltr'>mediarum</span> <span class='ocrx_word' id='word_1_19' title='bbox 431 407 697 450; x_wconf 87' lang='lat' dir='ltr'>causarum;</span> <span class='ocrx_word' id='word_1_20' title='bbox 723 396 828 440; x_wconf 84' lang='lat' dir='ltr'>dico</span> <span class='ocrx_word' id='word_1_21' title='bbox 856 397 993 441; x_wconf 90' lang='lat' dir='ltr'>etiam</span> <span class='ocrx_word' id='word_1_22' title='bbox 1018 411 1113 444; x_wconf 87' lang='lat' dir='ltr'>non</span> <span class='ocrx_word' id='word_1_23' title='bbox 1138 411 1194 442; x_wconf 86' lang='lat' dir='ltr'>ex</span> <span class='ocrx_word' id='word_1_24' title='bbox 1214 396 1421 450; x_wconf 84' lang='lat' dir='ltr'>materia,</span> <span class='ocrx_word' id='word_1_25' title='bbox 1440 395 1546 455; x_wconf 85' lang='lat' dir='ltr'>quia</span> <span class='ocrx_word' id='word_1_26' title='bbox 1570 394 1693 439; x_wconf 90' lang='lat' dir='ltr'>idem</span> <span class='ocrx_word' id='word_1_27' title='bbox 1713 408 1853 453; x_wconf 80' lang='lat' dir='ltr'>agens</span> <span class='ocrx_word' id='word_1_28' title='bbox 1875 404 1921 440; x_wconf 86' lang='lat' dir='ltr'>et</span> <span class='ocrx_word' id='word_1_29' title='bbox 1945 396 2107 439; x_wconf 89' lang='lat' dir='ltr'>eadem</span> 
     </span>
     <span class='ocr_line' id='line_1_5' title="bbox 149 460 2109 511; baseline 0 -7"><span class='ocrx_word' id='word_1_30' title='bbox 149 462 332 511; x_wconf 58' lang='lat' dir='ltr'>taxone</span> <span class='ocrx_word' id='word_1_31' title='bbox 358 471 515 506; x_wconf 89' lang='lat' dir='ltr'>causat</span> <span class='ocrx_word' id='word_1_32' title='bbox 539 462 744 506; x_wconf 86' lang='lat' dir='ltr'>diversos</span> <span class='ocrx_word' id='word_1_33' title='bbox 770 460 956 507; x_wconf 83' lang='lat' dir='ltr'>effectus</span> <span class='ocrx_word' id='word_1_34' title='bbox 984 464 1238 508; x_wconf 90' lang='lat' dir='ltr'>secundum</span> <span class='ocrx_word' id='word_1_35' title='bbox 1265 463 1482 507; x_wconf 85' lang='lat' dir='ltr'>materiae</span> <span class='ocrx_word' id='word_1_36' title='bbox 1499 461 1831 507; x_wconf 87' lang='lat' dir='ltr'>diversitatem:</span> <span class='ocrx_word' id='word_1_37' title='bbox 1850 461 1966 505; x_wconf 87' lang='lat' dir='ltr'>sicut</span> <span class='ocrx_word' id='word_1_38' title='bbox 1984 460 2109 504; x_wconf 90' lang='lat' dir='ltr'>calor</span> 
     </span>
     <span class='ocr_line' id='line_1_6' title="bbox 148 524 2111 591; baseline -0.002 -17.154"><span class='ocrx_word' id='word_1_39' title='bbox 148 524 269 591; x_wconf 48' lang='lat' dir='ltr'>imis</span> <span class='ocrx_word' id='word_1_40' title='bbox 293 529 372 589; x_wconf 90' lang='lat' dir='ltr'>qui</span> <span class='ocrx_word' id='word_1_41' title='bbox 397 528 577 573; x_wconf 89' lang='lat' dir='ltr'>indurat</span> <span class='ocrx_word' id='word_1_42' title='bbox 597 527 758 584; x_wconf 83' lang='lat' dir='ltr'>lutum,</span> <span class='ocrx_word' id='word_1_43' title='bbox 785 539 829 574; x_wconf 88' lang='lat' dir='ltr'>et</span> <span class='ocrx_word' id='word_1_44' title='bbox 846 529 1053 574; x_wconf 79' lang='lat' dir='ltr'>dissolvit</span> <span class='ocrx_word' id='word_1_45' title='bbox 1079 544 1246 574; x_wconf 90' lang='lat' dir='ltr'>ceram.</span> <span class='ocrx_word' id='word_1_46' title='bbox 1268 530 1359 574; x_wconf 93' lang='lat' dir='ltr'>Dei</span> <span class='ocrx_word' id='word_1_47' title='bbox 1382 529 1517 589; x_wconf 86' lang='lat' dir='ltr'>igitur</span> <span class='ocrx_word' id='word_1_48' title='bbox 1533 529 1673 572; x_wconf 88' lang='lat' dir='ltr'>virtus</span> <span class='ocrx_word' id='word_1_49' title='bbox 1695 541 1788 572; x_wconf 92' lang='lat' dir='ltr'>non</span> <span class='ocrx_word' id='word_1_50' title='bbox 1815 537 1882 573; x_wconf 84' lang='lat' dir='ltr'>est</span> <span class='ocrx_word' id='word_1_51' title='bbox 1903 527 2111 572; x_wconf 89' lang='lat' dir='ltr'>determi-</span> 
     </span>
     <span class='ocr_line' id='line_1_7' title="bbox 146 591 763 642; baseline -0.004 -0.29"><span class='ocrx_word' id='word_1_52' title='bbox 146 591 256 642; x_wconf 59' lang='grc' dir='ltr'>θεῖτε</span> <span class='ocrx_word' id='word_1_53' title='bbox 282 596 338 640; x_wconf 82' lang='lat' dir='ltr'>ad</span> <span class='ocrx_word' id='word_1_54' title='bbox 366 609 508 640; x_wconf 90' lang='lat' dir='ltr'>unum</span> <span class='ocrx_word' id='word_1_55' title='bbox 535 594 763 640; x_wconf 85' lang='lat' dir='ltr'>effectum.</span> 
     </span>
     <span class='ocr_line' id='line_1_8' title="bbox 151 660 2108 720; baseline -0.001 -13.116"><span class='ocrx_word' id='word_1_56' title='bbox 151 662 196 698; x_wconf 50' lang='grc' dir='ltr'>’Ψ</span> <span class='ocrx_word' id='word_1_57' title='bbox 222 660 381 707; x_wconf 55' lang='lat' dir='ltr'>item:</span> <span class='ocrx_word' id='word_1_58' title='bbox 401 662 552 706; x_wconf 85' lang='lat' dir='ltr'>omnis</span> <span class='ocrx_word' id='word_1_59' title='bbox 576 662 717 707; x_wconf 82' lang='lat' dir='ltr'>virtus</span> <span class='ocrx_word' id='word_1_60' title='bbox 737 661 936 720; x_wconf 87' lang='lat' dir='ltr'>perfecta</span> <span class='ocrx_word' id='word_1_61' title='bbox 953 663 1008 706; x_wconf 91' lang='lat' dir='ltr'>ad</span> <span class='ocrx_word' id='word_1_62' title='bbox 1028 677 1082 707; x_wconf 87' lang='lat' dir='ltr'>ea</span> <span class='ocrx_word' id='word_1_63' title='bbox 1108 663 1265 707; x_wconf 89' lang='lat' dir='ltr'>omnia</span> <span class='ocrx_word' id='word_1_64' title='bbox 1282 677 1330 707; x_wconf 92' lang='lat' dir='ltr'>se</span> <span class='ocrx_word' id='word_1_65' title='bbox 1349 662 1548 708; x_wconf 81' lang='lat' dir='ltr'>extendit</span> <span class='ocrx_word' id='word_1_66' title='bbox 1569 661 1624 706; x_wconf 91' lang='lat' dir='ltr'>ad</span> <span class='ocrx_word' id='word_1_67' title='bbox 1647 675 1763 720; x_wconf 86' lang='lat' dir='ltr'>quae</span> <span class='ocrx_word' id='word_1_68' title='bbox 1777 675 1885 706; x_wconf 82' lang='lat' dir='ltr'>suus</span> <span class='ocrx_word' id='word_1_69' title='bbox 1903 675 1981 719; x_wconf 90' lang='lat' dir='ltr'>per</span> <span class='ocrx_word' id='word_1_70' title='bbox 1998 674 2046 707; x_wconf 81' lang='lat' dir='ltr'>se</span> <span class='ocrx_word' id='word_1_71' title='bbox 2063 670 2108 704; x_wconf 89' lang='lat' dir='ltr'>et</span> 
     </span>
     <span class='ocr_line' id='line_1_9' title="bbox 149 727 2107 791; baseline 0 -19.96"><span class='ocrx_word' id='word_1_72' title='bbox 149 729 360 791; x_wconf 47' lang='lat' dir='ltr'>ueprius</span> <span class='ocrx_word' id='word_1_73' title='bbox 388 728 576 781; x_wconf 81' lang='lat' dir='ltr'>effectus</span> <span class='ocrx_word' id='word_1_74' title='bbox 598 742 647 773; x_wconf 90' lang='lat' dir='ltr'>se</span> <span class='ocrx_word' id='word_1_75' title='bbox 668 727 908 773; x_wconf 85' lang='lat' dir='ltr'><strong>extendere</strong></span> <span class='ocrx_word' id='word_1_76' title='bbox 935 739 1109 788; x_wconf 88' lang='lat' dir='ltr'>potest:</span> <span class='ocrx_word' id='word_1_77' title='bbox 1137 729 1563 777; x_wconf 76' lang='lat' dir='ltr'>sicut&#39;aedifieativa</span> <span class='ocrx_word' id='word_1_78' title='bbox 1582 728 1637 773; x_wconf 88' lang='lat' dir='ltr'>ad</span> <span class='ocrx_word' id='word_1_79' title='bbox 1656 728 1813 774; x_wconf 84' lang='lat' dir='ltr'>omnia</span> <span class='ocrx_word' id='word_1_80' title='bbox 1830 741 1878 773; x_wconf 82' lang='lat' dir='ltr'>se</span> <span class='ocrx_word' id='word_1_81' title='bbox 1895 727 2107 780; x_wconf 79' lang='lat' dir='ltr'>extendit,</span> 
     </span>
     <span class='ocr_line' id='line_1_10' title="bbox 149 793 2108 856; baseline -0.002 -14.14"><span class='ocrx_word' id='word_1_82' title='bbox 149 795 189 842; x_wconf 80' lang='lat' dir='ltr'>si</span> <span class='ocrx_word' id='word_1_83' title='bbox 212 793 412 856; x_wconf 87' lang='lat' dir='ltr'>perfecta</span> <span class='ocrx_word' id='word_1_84' title='bbox 439 795 509 849; x_wconf 88' lang='lat' dir='ltr'>sit,</span> <span class='ocrx_word' id='word_1_85' title='bbox 532 809 648 854; x_wconf 89' lang='lat' dir='ltr'>quae</span> <span class='ocrx_word' id='word_1_86' title='bbox 666 805 856 854; x_wconf 88' lang='lat' dir='ltr'>possunt</span> <span class='ocrx_word' id='word_1_87' title='bbox 881 796 1107 840; x_wconf 91' lang='lat' dir='ltr'>rationem</span> <span class='ocrx_word' id='word_1_88' title='bbox 1133 796 1301 840; x_wconf 90' lang='lat' dir='ltr'>habere</span> <span class='ocrx_word' id='word_1_89' title='bbox 1329 796 1515 850; x_wconf 82' lang='lat' dir='ltr'>domus3</span> <span class='ocrx_word' id='word_1_90' title='bbox 1531 796 1672 840; x_wconf 89' lang='lat' dir='ltr'>virtus</span> <span class='ocrx_word' id='word_1_91' title='bbox 1696 805 1848 840; x_wconf 90' lang='lat' dir='ltr'>autem</span> <span class='ocrx_word' id='word_1_92' title='bbox 1870 794 2022 839; x_wconf 86' lang='lat' dir='ltr'>divina</span> <span class='ocrx_word' id='word_1_93' title='bbox 2040 803 2108 838; x_wconf 88' lang='lat' dir='ltr'>est</span> 
     </span>
     <span class='ocr_line' id='line_1_11' title="bbox 90 859 2106 925; baseline -0.002 -18.033"><span class='ocrx_word' id='word_1_94' title='bbox 90 907 91 910; x_wconf 71' lang='grc'>,</span> <span class='ocrx_word' id='word_1_95' title='bbox 147 860 235 925; x_wconf 70' lang='lat' dir='ltr'>per&#39;</span> <span class='ocrx_word' id='word_1_96' title='bbox 253 876 303 908; x_wconf 81' lang='lat' dir='ltr'>se</span> <span class='ocrx_word' id='word_1_97' title='bbox 329 859 465 907; x_wconf 81' lang='lat' dir='ltr'>causa</span> <span class='ocrx_word' id='word_1_98' title='bbox 491 862 685 915; x_wconf 86' lang='lat' dir='ltr'>essendi,</span> <span class='ocrx_word' id='word_1_99' title='bbox 712 871 758 906; x_wconf 95' lang='lat' dir='ltr'>et</span> <span class='ocrx_word' id='word_1_100' title='bbox 782 875 882 906; x_wconf 84' lang='lat' dir='ltr'>esse</span> <span class='ocrx_word' id='word_1_101' title='bbox 900 872 968 906; x_wconf 89' lang='lat' dir='ltr'>est</span> <span class='ocrx_word' id='word_1_102' title='bbox 994 863 1090 920; x_wconf 86' lang='lat' dir='ltr'>ejus</span> <span class='ocrx_word' id='word_1_103' title='bbox 1105 862 1313 922; x_wconf 88' lang='lat' dir='ltr'>proprius</span> <span class='ocrx_word' id='word_1_104' title='bbox 1336 862 1536 916; x_wconf 84' lang='lat' dir='ltr'>effectus,</span> <span class='ocrx_word' id='word_1_105' title='bbox 1563 872 1611 907; x_wconf 87' lang='lat' dir='ltr'>ut</span> <span class='ocrx_word' id='word_1_106' title='bbox 1634 877 1688 907; x_wconf 87' lang='lat' dir='ltr'>ex</span> <span class='ocrx_word' id='word_1_107' title='bbox 1705 862 1835 907; x_wconf 85' lang='lat' dir='ltr'>dictis</span> <span class='ocrx_word' id='word_1_108' title='bbox 1850 862 1913 919; x_wconf 94' lang='lat' dir='ltr'>(c.</span> <span class='ocrx_word' id='word_1_109' title='bbox 1935 861 2106 920; x_wconf 80' lang='lat' dir='ltr'>praec.)</span> 
     </span>
     <span class='ocr_line' id='line_1_12' title="bbox 147 926 2107 992; baseline -0.001 -18.111"><span class='ocrx_word' id='word_1_110' title='bbox 147 934 293 992; x_wconf 55' lang='lat' dir='ltr'>priten</span> <span class='ocrx_word' id='word_1_111' title='bbox 318 941 430 988; x_wconf 85' lang='lat' dir='ltr'>ergo</span> <span class='ocrx_word' id='word_1_112' title='bbox 457 928 513 972; x_wconf 91' lang='lat' dir='ltr'>ad</span> <span class='ocrx_word' id='word_1_113' title='bbox 539 929 696 973; x_wconf 89' lang='lat' dir='ltr'>omnia</span> <span class='ocrx_word' id='word_1_114' title='bbox 722 927 801 972; x_wconf 87' lang='lat' dir='ltr'>illa</span> <span class='ocrx_word' id='word_1_115' title='bbox 842 942 890 972; x_wconf 92' lang='lat' dir='ltr'>se</span> <span class='ocrx_word' id='word_1_116' title='bbox 916 929 1118 973; x_wconf 86' lang='lat' dir='ltr'>extendit</span> <span class='ocrx_word' id='word_1_117' title='bbox 1143 943 1258 988; x_wconf 89' lang='lat' dir='ltr'>quae</span> <span class='ocrx_word' id='word_1_118' title='bbox 1290 929 1457 973; x_wconf 91' lang='lat' dir='ltr'>rationi</span> <span class='ocrx_word' id='word_1_119' title='bbox 1490 926 1603 974; x_wconf 90' lang='lat' dir='ltr'>en&#39;tis</span> <span class='ocrx_word' id='word_1_120' title='bbox 1636 942 1730 974; x_wconf 90' lang='lat' dir='ltr'>non</span> <span class='ocrx_word' id='word_1_121' title='bbox 1755 938 2023 988; x_wconf 83' lang='lat' dir='ltr'>repugnant.</span> <span class='ocrx_word' id='word_1_122' title='bbox 2057 927 2107 972; x_wconf 89' lang='lat' dir='ltr'>Si</span> 
     </span>
     <span class='ocr_line' id='line_1_13' title="bbox 148 994 2107 1073; baseline -0.001 -32.122"><span class='ocrx_word' id='word_1_123' title='bbox 148 995 273 1042; x_wconf 69' lang='lat' dir='ltr'>enim</span> <span class='ocrx_word' id='word_1_124' title='bbox 296 996 344 1040; x_wconf 87' lang='lat' dir='ltr'>in</span> <span class='ocrx_word' id='word_1_125' title='bbox 362 996 616 1055; x_wconf 51' lang='lat' dir='ltr'>¹quemdam</span> <span class='ocrx_word' id='word_1_126' title='bbox 641 1005 819 1040; x_wconf 88' lang='lat' dir='ltr'>tantum</span> <span class='ocrx_word' id='word_1_127' title='bbox 836 994 1052 1039; x_wconf 88' lang='lat' dir='ltr'>effectum</span> <span class='ocrx_word' id='word_1_128' title='bbox 1070 996 1212 1040; x_wconf 88' lang='lat' dir='ltr'>virtus</span> <span class='ocrx_word' id='word_1_129' title='bbox 1238 997 1334 1054; x_wconf 88' lang='lat' dir='ltr'>ejus</span> <span class='ocrx_word' id='word_1_130' title='bbox 1352 1006 1520 1054; x_wconf 90' lang='lat' dir='ltr'>posset,</span> <span class='ocrx_word' id='word_1_131' title='bbox 1541 1010 1636 1039; x_wconf 91' lang='lat' dir='ltr'>non</span> <span class='ocrx_word' id='word_1_132' title='bbox 1660 1005 1779 1041; x_wconf 86' lang='lat' dir='ltr'>esset</span> <span class='ocrx_word' id='word_1_133' title='bbox 1803 1009 1882 1073; x_wconf 81' lang='lat' dir='ltr'>per</span> <span class='ocrx_word' id='word_1_134' title='bbox 1902 1008 1952 1040; x_wconf 91' lang='lat' dir='ltr'>se</span> <span class='ocrx_word' id='word_1_135' title='bbox 1970 1007 2107 1039; x_wconf 81' lang='lat' dir='ltr'>causa</span> 
     </span>
     <span class='ocr_line' id='line_1_14' title="bbox 149 1061 2105 1121; baseline -0.001 -13.066"><span class='ocrx_word' id='word_1_136' title='bbox 149 1062 279 1117; x_wconf 81' lang='lat' dir='ltr'>entis,</span> <span class='ocrx_word' id='word_1_137' title='bbox 303 1062 350 1106; x_wconf 91' lang='lat' dir='ltr'>in</span> <span class='ocrx_word' id='word_1_138' title='bbox 376 1071 595 1121; x_wconf 91' lang='lat' dir='ltr'>quantum</span> <span class='ocrx_word' id='word_1_139' title='bbox 621 1061 901 1120; x_wconf 89' lang='lat' dir='ltr'>hujusmodi,</span> <span class='ocrx_word' id='word_1_140' title='bbox 924 1061 1002 1106; x_wconf 91' lang='lat' dir='ltr'>sed</span> <span class='ocrx_word' id='word_1_141' title='bbox 1034 1062 1168 1121; x_wconf 90' lang='lat' dir='ltr'>hujus</span> <span class='ocrx_word' id='word_1_142' title='bbox 1195 1063 1332 1116; x_wconf 90' lang='lat' dir='ltr'>entis;</span> <span class='ocrx_word' id='word_1_143' title='bbox 1363 1063 1530 1107; x_wconf 90' lang='lat' dir='ltr'>rationi</span> <span class='ocrx_word' id='word_1_144' title='bbox 1555 1072 1707 1107; x_wconf 89' lang='lat' dir='ltr'>autem</span> <span class='ocrx_word' id='word_1_145' title='bbox 1741 1062 1857 1108; x_wconf 86' lang='lat' dir='ltr'>entis</span> <span class='ocrx_word' id='word_1_146' title='bbox 1882 1070 2105 1121; x_wconf 80' lang='lat' dir='ltr'>repugnat</span> 
     </span>
     <span class='ocr_line' id='line_1_15' title="bbox 71 1126 2105 1191; baseline -0.001 -17"><span class='ocrx_word' id='word_1_147' title='bbox 71 1126 89 1171; x_wconf 78' lang='grc' dir='ltr'>ἶ</span> <span class='ocrx_word' id='word_1_148' title='bbox 146 1130 411 1191; x_wconf 77' lang='lat' dir='ltr'>oppositum</span> <span class='ocrx_word' id='word_1_149' title='bbox 439 1129 569 1183; x_wconf 86' lang='lat' dir='ltr'>entis,</span> <span class='ocrx_word' id='word_1_150' title='bbox 595 1128 717 1188; x_wconf 91' lang='lat' dir='ltr'>quod</span> <span class='ocrx_word' id='word_1_151' title='bbox 744 1139 813 1173; x_wconf 92' lang='lat' dir='ltr'>est</span> <span class='ocrx_word' id='word_1_152' title='bbox 836 1143 930 1174; x_wconf 91' lang='lat' dir='ltr'>non</span> <span class='ocrx_word' id='word_1_153' title='bbox 958 1143 1063 1184; x_wconf 89' lang='lat' dir='ltr'>ens;</span> <span class='ocrx_word' id='word_1_154' title='bbox 1090 1130 1247 1174; x_wconf 89' lang='lat' dir='ltr'>omnia</span> <span class='ocrx_word' id='word_1_155' title='bbox 1268 1130 1405 1188; x_wconf 90' lang='lat' dir='ltr'>igitur</span> <span class='ocrx_word' id='word_1_156' title='bbox 1429 1130 1554 1174; x_wconf 89' lang='lat' dir='ltr'>Deus</span> <span class='ocrx_word' id='word_1_157' title='bbox 1580 1139 1729 1189; x_wconf 90' lang='lat' dir='ltr'>potest</span> <span class='ocrx_word' id='word_1_158' title='bbox 1755 1143 1871 1188; x_wconf 91' lang='lat' dir='ltr'>quae</span> <span class='ocrx_word' id='word_1_159' title='bbox 1897 1129 1945 1173; x_wconf 91' lang='lat' dir='ltr'>in</span> <span class='ocrx_word' id='word_1_160' title='bbox 1970 1143 2019 1175; x_wconf 89' lang='lat' dir='ltr'>se</span> <span class='ocrx_word' id='word_1_161' title='bbox 2036 1142 2105 1172; x_wconf 91' lang='lat' dir='ltr'>ra·</span> 
     </span>
     <span class='ocr_line' id='line_1_16' title="bbox 146 1195 2105 1256; baseline -0.001 -13.078"><span class='ocrx_word' id='word_1_162' title='bbox 146 1196 324 1243; x_wconf 66' lang='lat' dir='ltr'>nonem</span> <span class='ocrx_word' id='word_1_163' title='bbox 346 1209 441 1240; x_wconf 88' lang='lat' dir='ltr'>non</span> <span class='ocrx_word' id='word_1_164' title='bbox 458 1195 573 1241; x_wconf 91' lang='lat' dir='ltr'>entis</span> <span class='ocrx_word' id='word_1_165' title='bbox 598 1210 693 1240; x_wconf 92' lang='lat' dir='ltr'>non</span> <span class='ocrx_word' id='word_1_166' title='bbox 715 1195 974 1241; x_wconf 90' lang='lat' dir='ltr'>includunt:</span> <span class='ocrx_word' id='word_1_167' title='bbox 1001 1196 1117 1241; x_wconf 89' lang='lat' dir='ltr'>haec</span> <span class='ocrx_word' id='word_1_168' title='bbox 1146 1207 1297 1242; x_wconf 90' lang='lat' dir='ltr'>autem</span> <span class='ocrx_word' id='word_1_169' title='bbox 1325 1207 1430 1241; x_wconf 89' lang='lat' dir='ltr'>sunt</span> <span class='ocrx_word' id='word_1_170' title='bbox 1454 1211 1569 1256; x_wconf 91' lang='lat' dir='ltr'>quae</span> <span class='ocrx_word' id='word_1_171' title='bbox 1586 1196 1994 1242; x_wconf 85' lang='lat' dir='ltr'>contradictionem</span> <span class='ocrx_word' id='word_1_172' title='bbox 2011 1209 2105 1241; x_wconf 85' lang='lat' dir='ltr'>non</span> 
     </span>
     <span class='ocr_line' id='line_1_17' title="bbox 66 1256 2109 1331; baseline -0.001 -22"><span class='ocrx_word' id='word_1_173' title='bbox 66 1262 105 1311; x_wconf 51' lang='lat' dir='ltr'>A?</span> <span class='ocrx_word' id='word_1_174' title='bbox 146 1256 404 1331; x_wconf 62' lang='lat' dir='ltr'>implicant.</span> <span class='ocrx_word' id='word_1_175' title='bbox 430 1263 717 1323; x_wconf 85' lang='lat' dir='ltr'>Relinquitur</span> <span class='ocrx_word' id='word_1_176' title='bbox 742 1263 891 1323; x_wconf 87' lang='lat' dir='ltr'>igitur,</span> <span class='ocrx_word' id='word_1_177' title='bbox 918 1264 1040 1323; x_wconf 92' lang='lat' dir='ltr'>quod</span> <span class='ocrx_word' id='word_1_178' title='bbox 1067 1264 1282 1324; x_wconf 84' lang='lat' dir='ltr'>quidquid</span> <span class='ocrx_word' id='word_1_179' title='bbox 1325 1264 1735 1309; x_wconf 87' lang='lat' dir='ltr'>contradictionem</span> <span class='ocrx_word' id='word_1_180' title='bbox 1760 1277 1855 1308; x_wconf 90' lang='lat' dir='ltr'>non</span> <span class='ocrx_word' id='word_1_181' title='bbox 1888 1262 2109 1323; x_wconf 86' lang='lat' dir='ltr'>implicat,</span> 
     </span>
     <span class='ocr_line' id='line_1_18' title="bbox 144 1328 462 1392; baseline -0.005 -16.416"><span class='ocrx_word' id='word_1_182' title='bbox 144 1328 273 1392; x_wconf 73' lang='lat' dir='ltr'>Deus</span> <span class='ocrx_word' id='word_1_183' title='bbox 298 1339 462 1390; x_wconf 90' lang='lat' dir='ltr'>potest.</span> 
     </span>
    </p>
   </div>
   <div class='ocr_carea' id='block_1_4' title="bbox 234 1396 2105 1457">
    <p class='ocr_par' dir='ltr' id='par_1_4' title="bbox 234 1396 2193 1457">
     <span class='ocr_line' id='line_1_19' title="bbox 234 1396 2105 1457; baseline -0.001 -16"><span class='ocrx_word' id='word_1_184' title='bbox 234 1396 426 1442; x_wconf 90' lang='lat' dir='ltr'>Adhuc:</span> <span class='ocrx_word' id='word_1_185' title='bbox 454 1410 592 1442; x_wconf 84' lang='lat' dir='ltr'>omne</span> <span class='ocrx_word' id='word_1_186' title='bbox 616 1411 754 1457; x_wconf 83' lang='lat' dir='ltr'>agens</span> <span class='ocrx_word' id='word_1_187' title='bbox 783 1398 876 1456; x_wconf 86' lang='lat' dir='ltr'>agit</span> <span class='ocrx_word' id='word_1_188' title='bbox 901 1398 947 1441; x_wconf 92' lang='lat' dir='ltr'>in</span> <span class='ocrx_word' id='word_1_189' title='bbox 974 1408 1194 1457; x_wconf 90' lang='lat' dir='ltr'>quantum</span> <span class='ocrx_word' id='word_1_190' title='bbox 1222 1408 1289 1443; x_wconf 91' lang='lat' dir='ltr'>est</span> <span class='ocrx_word' id='word_1_191' title='bbox 1315 1408 1443 1442; x_wconf 92' lang='lat' dir='ltr'>actu:</span> <span class='ocrx_word' id='word_1_192' title='bbox 1473 1397 1724 1442; x_wconf 91' lang='lat' dir='ltr'>secundum</span> <span class='ocrx_word' id='word_1_193' title='bbox 1750 1397 1888 1455; x_wconf 90' lang='lat' dir='ltr'>igitur</span> <span class='ocrx_word' id='word_1_194' title='bbox 1914 1397 2105 1446; x_wconf 85' lang='lat' dir='ltr'>modum</span> 
     </span>
    </p>
   </div>
   <div class='ocr_carea' id='block_1_5' title="bbox 0 1463 2110 3668">
    <p class='ocr_par' dir='ltr' id='par_1_5' title="bbox 0 1462 2110 3668">
     <span class='ocr_line' id='line_1_20' title="bbox 71 1463 2107 1524; baseline 0.001 -20"><span class='ocrx_word' id='word_1_195' title='bbox 71 1475 102 1518; x_wconf 61' lang='lat'>3„</span> <span class='ocrx_word' id='word_1_196' title='bbox 146 1473 273 1509; x_wconf 82' lang='lat' dir='ltr'>actus</span> <span class='ocrx_word' id='word_1_197' title='bbox 298 1463 654 1523; x_wconf 78' lang='lat' dir='ltr'>uniuscuiusque</span> <span class='ocrx_word' id='word_1_198' title='bbox 681 1465 871 1524; x_wconf 89' lang='lat' dir='ltr'>agentis,</span> <span class='ocrx_word' id='word_1_199' title='bbox 898 1475 966 1509; x_wconf 90' lang='lat' dir='ltr'>est</span> <span class='ocrx_word' id='word_1_200' title='bbox 991 1466 1155 1509; x_wconf 89' lang='lat' dir='ltr'>modus</span> <span class='ocrx_word' id='word_1_201' title='bbox 1185 1479 1293 1510; x_wconf 90' lang='lat' dir='ltr'>suae</span> <span class='ocrx_word' id='word_1_202' title='bbox 1311 1465 1485 1509; x_wconf 91' lang='lat' dir='ltr'>virtutis</span> <span class='ocrx_word' id='word_1_203' title='bbox 1512 1465 1558 1508; x_wconf 92' lang='lat' dir='ltr'>in</span> <span class='ocrx_word' id='word_1_204' title='bbox 1586 1464 1789 1523; x_wconf 83' lang='lat' dir='ltr'>agendo3</span> <span class='ocrx_word' id='word_1_205' title='bbox 1815 1464 1960 1508; x_wconf 92' lang='lat' dir='ltr'>homo</span> <span class='ocrx_word' id='word_1_206' title='bbox 1985 1464 2107 1507; x_wconf 89' lang='lat' dir='ltr'>enim</span> 
     </span>
     <span class='ocr_line' id='line_1_21' title="bbox 145 1530 2106 1591; baseline 0 -16"><span class='ocrx_word' id='word_1_207' title='bbox 145 1540 333 1591; x_wconf 87' lang='lat' dir='ltr'>generat</span> <span class='ocrx_word' id='word_1_208' title='bbox 362 1530 616 1585; x_wconf 91' lang='lat' dir='ltr'>hominem,</span> <span class='ocrx_word' id='word_1_209' title='bbox 659 1541 703 1576; x_wconf 88' lang='lat' dir='ltr'>et</span> <span class='ocrx_word' id='word_1_210' title='bbox 732 1531 848 1590; x_wconf 89' lang='lat' dir='ltr'>ignis</span> <span class='ocrx_word' id='word_1_211' title='bbox 879 1531 1048 1590; x_wconf 88' lang='lat' dir='ltr'>ignem.</span> <span class='ocrx_word' id='word_1_212' title='bbox 1090 1533 1217 1576; x_wconf 90' lang='lat' dir='ltr'>Deus</span> <span class='ocrx_word' id='word_1_213' title='bbox 1251 1542 1403 1576; x_wconf 90' lang='lat' dir='ltr'>autem</span> <span class='ocrx_word' id='word_1_214' title='bbox 1442 1542 1508 1575; x_wconf 91' lang='lat' dir='ltr'>est</span> <span class='ocrx_word' id='word_1_215' title='bbox 1544 1541 1670 1575; x_wconf 90' lang='lat' dir='ltr'>actus</span> <span class='ocrx_word' id='word_1_216' title='bbox 1705 1530 1946 1590; x_wconf 89' lang='lat' dir='ltr'>perfectus,</span> <span class='ocrx_word' id='word_1_217' title='bbox 1978 1531 2024 1574; x_wconf 91' lang='lat' dir='ltr'>in</span> <span class='ocrx_word' id='word_1_218' title='bbox 2057 1544 2106 1575; x_wconf 89' lang='lat' dir='ltr'>se</span> 
     </span>
     <span class='ocr_line' id='line_1_22' title="bbox 59 1596 2107 1658; baseline 0 -19"><span class='ocrx_word' id='word_1_219' title='bbox 59 1601 98 1657; x_wconf 55' lang='lat'>35?</span> <span class='ocrx_word' id='word_1_220' title='bbox 145 1597 354 1642; x_wconf 88' lang='lat' dir='ltr'>omnium</span> <span class='ocrx_word' id='word_1_221' title='bbox 380 1596 682 1657; x_wconf 89' lang='lat' dir='ltr'>perfectiones</span> <span class='ocrx_word' id='word_1_222' title='bbox 708 1598 896 1652; x_wconf 90' lang='lat' dir='ltr'>habens,</span> <span class='ocrx_word' id='word_1_223' title='bbox 923 1609 971 1645; x_wconf 85' lang='lat' dir='ltr'>ut</span> <span class='ocrx_word' id='word_1_224' title='bbox 996 1613 1131 1658; x_wconf 89' lang='lat' dir='ltr'>supra</span> <span class='ocrx_word' id='word_1_225' title='bbox 1148 1598 1272 1656; x_wconf 86' lang='lat' dir='ltr'>(Lib.</span> <span class='ocrx_word' id='word_1_226' title='bbox 1290 1599 1325 1643; x_wconf 91' lang='grc' dir='ltr'>Ι.</span> <span class='ocrx_word' id='word_1_227' title='bbox 1344 1613 1381 1642; x_wconf 93' lang='lat' dir='ltr'>c.</span> <span class='ocrx_word' id='word_1_228' title='bbox 1406 1599 1498 1655; x_wconf 85' lang='lat'>28.)</span> <span class='ocrx_word' id='word_1_229' title='bbox 1523 1607 1756 1642; x_wconf 90' lang='lat' dir='ltr'>ostensum</span> <span class='ocrx_word' id='word_1_230' title='bbox 1775 1607 1866 1651; x_wconf 84' lang='lat' dir='ltr'>est3</span> <span class='ocrx_word' id='word_1_231' title='bbox 1889 1606 1956 1641; x_wconf 90' lang='lat' dir='ltr'>est</span> <span class='ocrx_word' id='word_1_232' title='bbox 1971 1597 2107 1655; x_wconf 86' lang='lat' dir='ltr'>igitur</span> 
     </span>
     <span class='ocr_line' id='line_1_23' title="bbox 68 1664 2107 1724; baseline 0.001 -19"><span class='ocrx_word' id='word_1_233' title='bbox 68 1684 77 1722; x_wconf 51' lang='lat'>¹3</span> <span class='ocrx_word' id='word_1_234' title='bbox 144 1678 226 1710; x_wconf 82' lang='lat' dir='ltr'>sua</span> <span class='ocrx_word' id='word_1_235' title='bbox 250 1665 391 1709; x_wconf 87' lang='lat' dir='ltr'>virtus</span> <span class='ocrx_word' id='word_1_236' title='bbox 417 1665 565 1708; x_wconf 89' lang='lat' dir='ltr'>activa</span> <span class='ocrx_word' id='word_1_237' title='bbox 590 1664 789 1724; x_wconf 89' lang='lat' dir='ltr'>perfecta</span> <span class='ocrx_word' id='word_1_238' title='bbox 817 1665 871 1708; x_wconf 90' lang='lat' dir='ltr'>ad</span> <span class='ocrx_word' id='word_1_239' title='bbox 900 1665 1058 1709; x_wconf 90' lang='lat' dir='ltr'>omnia</span> <span class='ocrx_word' id='word_1_240' title='bbox 1083 1679 1130 1710; x_wconf 92' lang='lat' dir='ltr'>se</span> <span class='ocrx_word' id='word_1_241' title='bbox 1163 1665 1352 1719; x_wconf 92' lang='lat' dir='ltr'>habens,</span> <span class='ocrx_word' id='word_1_242' title='bbox 1387 1679 1703 1724; x_wconf 88' lang='lat' dir='ltr'>quaecumque</span> <span class='ocrx_word' id='word_1_243' title='bbox 1729 1678 1823 1708; x_wconf 91' lang='lat' dir='ltr'>non</span> <span class='ocrx_word' id='word_1_244' title='bbox 1848 1673 2107 1723; x_wconf 88' lang='lat' dir='ltr'>repugnant</span> 
     </span>
     <span class='ocr_line' id='line_1_24' title="bbox 143 1731 2107 1792; baseline -0.002 -14.16"><span class='ocrx_word' id='word_1_245' title='bbox 143 1731 308 1777; x_wconf 90' lang='lat' dir='ltr'>rationi</span> <span class='ocrx_word' id='word_1_246' title='bbox 335 1731 446 1789; x_wconf 85' lang='lat' dir='ltr'>ejus,</span> <span class='ocrx_word' id='word_1_247' title='bbox 470 1732 594 1792; x_wconf 90' lang='lat' dir='ltr'>quod</span> <span class='ocrx_word' id='word_1_248' title='bbox 621 1742 690 1776; x_wconf 91' lang='lat' dir='ltr'>est</span> <span class='ocrx_word' id='word_1_249' title='bbox 715 1740 813 1777; x_wconf 91' lang='lat' dir='ltr'>esse</span> <span class='ocrx_word' id='word_1_250' title='bbox 838 1732 886 1776; x_wconf 89' lang='lat' dir='ltr'>in</span> <span class='ocrx_word' id='word_1_251' title='bbox 910 1742 1041 1777; x_wconf 84' lang='lat' dir='ltr'>actu:</span> <span class='ocrx_word' id='word_1_252' title='bbox 1069 1732 1159 1777; x_wconf 90' lang='lat' dir='ltr'>hoc</span> <span class='ocrx_word' id='word_1_253' title='bbox 1188 1742 1341 1777; x_wconf 87' lang='lat' dir='ltr'>autem</span> <span class='ocrx_word' id='word_1_254' title='bbox 1368 1742 1436 1776; x_wconf 89' lang='lat' dir='ltr'>est</span> <span class='ocrx_word' id='word_1_255' title='bbox 1457 1732 1609 1777; x_wconf 89' lang='lat' dir='ltr'>solum</span> <span class='ocrx_word' id='word_1_256' title='bbox 1635 1732 1758 1791; x_wconf 91' lang='lat' dir='ltr'>quod</span> <span class='ocrx_word' id='word_1_257' title='bbox 1785 1731 2107 1777; x_wconf 87' lang='lat' dir='ltr'>contradictio-</span> 
     </span>
     <span class='ocr_line' id='line_1_25' title="bbox 63 1797 1558 1859; baseline -0.001 -14"><span class='ocrx_word' id='word_1_258' title='bbox 63 1802 85 1825; x_wconf 70' lang='lat'>&#39;³</span> <span class='ocrx_word' id='word_1_259' title='bbox 142 1812 253 1844; x_wconf 89' lang='lat' dir='ltr'>nem</span> <span class='ocrx_word' id='word_1_260' title='bbox 277 1797 496 1857; x_wconf 89' lang='lat' dir='ltr'>implicat.</span> <span class='ocrx_word' id='word_1_261' title='bbox 526 1798 698 1843; x_wconf 91' lang='lat' dir='ltr'>Omnia</span> <span class='ocrx_word' id='word_1_262' title='bbox 724 1799 875 1858; x_wconf 87' lang='lat' dir='ltr'>igitur,</span> <span class='ocrx_word' id='word_1_263' title='bbox 907 1810 1085 1859; x_wconf 90' lang='lat' dir='ltr'>praeter</span> <span class='ocrx_word' id='word_1_264' title='bbox 1110 1800 1216 1854; x_wconf 92' lang='lat' dir='ltr'>hoc,</span> <span class='ocrx_word' id='word_1_265' title='bbox 1244 1800 1370 1844; x_wconf 90' lang='lat' dir='ltr'>Deus</span> <span class='ocrx_word' id='word_1_266' title='bbox 1395 1809 1558 1859; x_wconf 89' lang='lat' dir='ltr'>potest.</span> 
     </span>
     <span class='ocr_line' id='line_1_26' title="bbox 67 1865 2106 1926; baseline -0 -17"><span class='ocrx_word' id='word_1_267' title='bbox 67 1865 86 1870; x_wconf 71' lang='grc'><strong><em>’</em></strong></span> <span class='ocrx_word' id='word_1_268' title='bbox 234 1865 471 1925; x_wconf 80' lang='lat' dir='ltr'>Amplius:</span> <span class='ocrx_word' id='word_1_269' title='bbox 515 1866 874 1925; x_wconf 87' lang='lat' dir='ltr'>omnipotentiae</span> <span class='ocrx_word' id='word_1_270' title='bbox 913 1867 1121 1926; x_wconf 87' lang='lat' dir='ltr'>passivae</span> <span class='ocrx_word' id='word_1_271' title='bbox 1161 1867 1407 1926; x_wconf 88' lang='lat' dir='ltr'>respondet</span> <span class='ocrx_word' id='word_1_272' title='bbox 1446 1867 1650 1926; x_wconf 90' lang='lat' dir='ltr'>potentia</span> <span class='ocrx_word' id='word_1_273' title='bbox 1691 1866 1863 1920; x_wconf 90' lang='lat' dir='ltr'>activa;</span> <span class='ocrx_word' id='word_1_274' title='bbox 1903 1865 2106 1924; x_wconf 72' lang='lat' dir='ltr'>potentia</span> 
     </span>
     <span class='ocr_line' id='line_1_27' title="bbox 62 1927 2104 1994; baseline 0.001 -18"><span class='ocrx_word' id='word_1_275' title='bbox 62 1934 83 1994; x_wconf 68' lang='lat' dir='ltr'>{j</span> <span class='ocrx_word' id='word_1_276' title='bbox 149 1927 273 1977; x_wconf 79' lang='lat' dir='ltr'>enim</span> <span class='ocrx_word' id='word_1_277' title='bbox 297 1941 484 1992; x_wconf 81' lang='lat' dir='ltr'>propter</span> <span class='ocrx_word' id='word_1_278' title='bbox 509 1942 662 1977; x_wconf 88' lang='lat' dir='ltr'>actum</span> <span class='ocrx_word' id='word_1_279' title='bbox 703 1942 783 1988; x_wconf 90' lang='lat' dir='ltr'>est,</span> <span class='ocrx_word' id='word_1_280' title='bbox 810 1933 928 1978; x_wconf 85' lang='lat' dir='ltr'>sicut</span> <span class='ocrx_word' id='word_1_281' title='bbox 950 1935 1138 1978; x_wconf 88' lang='lat' dir='ltr'>materia</span> <span class='ocrx_word' id='word_1_282' title='bbox 1165 1944 1349 1993; x_wconf 89' lang='lat' dir='ltr'>propter</span> <span class='ocrx_word' id='word_1_283' title='bbox 1388 1933 1601 1978; x_wconf 88' lang='lat' dir='ltr'>formam.</span> <span class='ocrx_word' id='word_1_284' title='bbox 1627 1934 1736 1979; x_wconf 92' lang='lat' dir='ltr'>Non</span> <span class='ocrx_word' id='word_1_285' title='bbox 1777 1942 1928 1992; x_wconf 89' lang='lat' dir='ltr'>potest</span> <span class='ocrx_word' id='word_1_286' title='bbox 1952 1942 2104 1978; x_wconf 88' lang='lat' dir='ltr'>autem</span> 
     </span>
     <span class='ocr_line' id='line_1_28' title="bbox 149 1999 2105 2060; baseline 0 -16.957"><span class='ocrx_word' id='word_1_287' title='bbox 149 2012 231 2044; x_wconf 87' lang='lat' dir='ltr'>ens</span> <span class='ocrx_word' id='word_1_288' title='bbox 251 1999 298 2043; x_wconf 89' lang='lat' dir='ltr'>in</span> <span class='ocrx_word' id='word_1_289' title='bbox 319 1999 522 2059; x_wconf 79' lang='lat' dir='ltr'>potentia</span> <span class='ocrx_word' id='word_1_290' title='bbox 550 2000 770 2059; x_wconf 89' lang='lat' dir='ltr'>consequi</span> <span class='ocrx_word' id='word_1_291' title='bbox 796 2000 918 2059; x_wconf 90' lang='lat' dir='ltr'>quod</span> <span class='ocrx_word' id='word_1_292' title='bbox 943 2001 1001 2045; x_wconf 89' lang='lat' dir='ltr'>sit</span> <span class='ocrx_word' id='word_1_293' title='bbox 1027 2011 1145 2053; x_wconf 88' lang='lat' dir='ltr'>actu,</span> <span class='ocrx_word' id='word_1_294' title='bbox 1171 2001 1259 2045; x_wconf 91' lang='lat' dir='ltr'>nisi</span> <span class='ocrx_word' id='word_1_295' title='bbox 1284 2015 1365 2060; x_wconf 89' lang='lat' dir='ltr'>per</span> <span class='ocrx_word' id='word_1_296' title='bbox 1388 2001 1602 2046; x_wconf 89' lang='lat' dir='ltr'>virtutem</span> <span class='ocrx_word' id='word_1_297' title='bbox 1629 2000 1819 2059; x_wconf 88' lang='lat' dir='ltr'>alicujus</span> <span class='ocrx_word' id='word_1_298' title='bbox 1852 2000 2105 2045; x_wconf 84' lang='lat' dir='ltr'>exsistentis</span> 
     </span>
     <span class='ocr_line' id='line_1_29' title="bbox 8 2064 2105 2128; baseline -0.001 -16"><span class='ocrx_word' id='word_1_299' title='bbox 8 2105 10 2124; x_wconf 27' lang='grc' dir='ltr'>ἑ</span> <span class='ocrx_word' id='word_1_300' title='bbox 71 2064 86 2128; x_wconf 65' lang='grc' dir='ltr'>ξξ</span> <span class='ocrx_word' id='word_1_301' title='bbox 144 2066 192 2112; x_wconf 86' lang='lat' dir='ltr'>in</span> <span class='ocrx_word' id='word_1_302' title='bbox 219 2076 336 2111; x_wconf 89' lang='lat' dir='ltr'>actu.</span> <span class='ocrx_word' id='word_1_303' title='bbox 361 2066 528 2112; x_wconf 77' lang='lat' dir='ltr'>otiosa</span> <span class='ocrx_word' id='word_1_304' title='bbox 554 2067 691 2126; x_wconf 87' lang='lat' dir='ltr'>igitur</span> <span class='ocrx_word' id='word_1_305' title='bbox 707 2078 825 2112; x_wconf 86' lang='lat' dir='ltr'>esset</span> <span class='ocrx_word' id='word_1_306' title='bbox 846 2068 1064 2127; x_wconf 90' lang='lat' dir='ltr'>potentia,</span> <span class='ocrx_word' id='word_1_307' title='bbox 1085 2068 1173 2112; x_wconf 89' lang='lat' dir='ltr'>nisi</span> <span class='ocrx_word' id='word_1_308' title='bbox 1190 2079 1309 2113; x_wconf 87' lang='lat' dir='ltr'>esset</span> <span class='ocrx_word' id='word_1_309' title='bbox 1325 2069 1464 2113; x_wconf 87' lang='lat' dir='ltr'>virtus</span> <span class='ocrx_word' id='word_1_310' title='bbox 1492 2068 1639 2112; x_wconf 91' lang='lat' dir='ltr'>activa</span> <span class='ocrx_word' id='word_1_311' title='bbox 1657 2067 1846 2127; x_wconf 88' lang='lat' dir='ltr'>agentis,</span> <span class='ocrx_word' id='word_1_312' title='bbox 1868 2081 1985 2126; x_wconf 86' lang='lat' dir='ltr'>quae</span> <span class='ocrx_word' id='word_1_313' title='bbox 2001 2080 2105 2111; x_wconf 91' lang='lat' dir='ltr'>eam</span> 
     </span>
     <span class='ocr_line' id='line_1_30' title="bbox 140 2133 2106 2193; baseline 0 -15.966"><span class='ocrx_word' id='word_1_314' title='bbox 140 2133 190 2178; x_wconf 85' lang='lat' dir='ltr'>in</span> <span class='ocrx_word' id='word_1_315' title='bbox 212 2143 366 2178; x_wconf 83' lang='lat' dir='ltr'>actum</span> <span class='ocrx_word' id='word_1_316' title='bbox 391 2133 607 2178; x_wconf 84' lang='lat' dir='ltr'>reducere</span> <span class='ocrx_word' id='word_1_317' title='bbox 632 2135 788 2193; x_wconf 86' lang='lat' dir='ltr'>possit,</span> <span class='ocrx_word' id='word_1_318' title='bbox 822 2148 928 2179; x_wconf 91' lang='lat' dir='ltr'>cum</span> <span class='ocrx_word' id='word_1_319' title='bbox 959 2145 1115 2179; x_wconf 87' lang='lat' dir='ltr'>tamen</span> <span class='ocrx_word' id='word_1_320' title='bbox 1140 2135 1257 2179; x_wconf 90' lang='lat' dir='ltr'>nihil</span> <span class='ocrx_word' id='word_1_321' title='bbox 1282 2136 1339 2180; x_wconf 87' lang='lat' dir='ltr'>sit</span> <span class='ocrx_word' id='word_1_322' title='bbox 1365 2136 1565 2180; x_wconf 88' lang='lat' dir='ltr'>otiosum</span> <span class='ocrx_word' id='word_1_323' title='bbox 1592 2136 1639 2179; x_wconf 91' lang='lat' dir='ltr'>in</span> <span class='ocrx_word' id='word_1_324' title='bbox 1666 2135 1798 2179; x_wconf 91' lang='lat' dir='ltr'>rebus</span> <span class='ocrx_word' id='word_1_325' title='bbox 1822 2143 2036 2188; x_wconf 87' lang='lat' dir='ltr'>naturae;</span> <span class='ocrx_word' id='word_1_326' title='bbox 2063 2142 2106 2178; x_wconf 92' lang='lat' dir='ltr'>et</span> 
     </span>
     <span class='ocr_line' id='line_1_31' title="bbox 67 2201 2110 2262; baseline -0.002 -13"><span class='ocrx_word' id='word_1_327' title='bbox 67 2213 75 2229; x_wconf 61' lang='lat'>‘²</span> <span class='ocrx_word' id='word_1_328' title='bbox 142 2215 224 2262; x_wconf 85' lang='lat' dir='ltr'>per</span> <span class='ocrx_word' id='word_1_329' title='bbox 248 2201 371 2245; x_wconf 89' lang='lat' dir='ltr'>hunc</span> <span class='ocrx_word' id='word_1_330' title='bbox 397 2201 591 2245; x_wconf 86' lang='lat' dir='ltr'>modum</span> <span class='ocrx_word' id='word_1_331' title='bbox 618 2201 842 2256; x_wconf 83' lang='lat' dir='ltr'>videmus,</span> <span class='ocrx_word' id='word_1_332' title='bbox 878 2203 1001 2261; x_wconf 91' lang='lat' dir='ltr'>quod</span> <span class='ocrx_word' id='word_1_333' title='bbox 1029 2203 1186 2247; x_wconf 89' lang='lat' dir='ltr'>omnia</span> <span class='ocrx_word' id='word_1_334' title='bbox 1213 2217 1329 2262; x_wconf 91' lang='lat' dir='ltr'>quae</span> <span class='ocrx_word' id='word_1_335' title='bbox 1355 2213 1462 2247; x_wconf 90' lang='lat' dir='ltr'>sunt</span> <span class='ocrx_word' id='word_1_336' title='bbox 1488 2204 1533 2246; x_wconf 91' lang='lat' dir='ltr'>in</span> <span class='ocrx_word' id='word_1_337' title='bbox 1560 2202 1764 2262; x_wconf 90' lang='lat' dir='ltr'>potentia</span> <span class='ocrx_word' id='word_1_338' title='bbox 1791 2204 2009 2247; x_wconf 90' lang='lat' dir='ltr'>materiae</span> <span class='ocrx_word' id='word_1_339' title='bbox 2035 2215 2110 2260; x_wconf 87' lang='lat' dir='ltr'>ge-</span> 
     </span>
     <span class='ocr_line' id='line_1_32' title="bbox 68 2266 2106 2328; baseline -0.002 -12"><span class='ocrx_word' id='word_1_340' title='bbox 68 2266 427 2322; x_wconf 70' lang='lat' dir='ltr'>’51¹nerabilium‚</span> <span class='ocrx_word' id='word_1_341' title='bbox 454 2277 498 2312; x_wconf 90' lang='lat' dir='ltr'>et</span> <span class='ocrx_word' id='word_1_342' title='bbox 525 2268 902 2328; x_wconf 88' lang='lat' dir='ltr'>corruptibilium,</span> <span class='ocrx_word' id='word_1_343' title='bbox 928 2279 1118 2328; x_wconf 90' lang='lat' dir='ltr'>possunt</span> <span class='ocrx_word' id='word_1_344' title='bbox 1143 2270 1298 2314; x_wconf 88' lang='lat' dir='ltr'>reduci</span> <span class='ocrx_word' id='word_1_345' title='bbox 1320 2270 1366 2314; x_wconf 93' lang='lat' dir='ltr'>in</span> <span class='ocrx_word' id='word_1_346' title='bbox 1393 2280 1560 2324; x_wconf 85' lang='lat' dir='ltr'>actum,</span> <span class='ocrx_word' id='word_1_347' title='bbox 1578 2284 1658 2328; x_wconf 91' lang='lat' dir='ltr'>per</span> <span class='ocrx_word' id='word_1_348' title='bbox 1674 2269 1887 2314; x_wconf 88' lang='lat' dir='ltr'>virtutem</span> <span class='ocrx_word' id='word_1_349' title='bbox 1910 2268 2106 2314; x_wconf 85' lang='lat' dir='ltr'>activam</span> 
     </span>
     <span class='ocr_line' id='line_1_33' title="bbox 132 2335 2104 2396; baseline -0.001 -15.062"><span class='ocrx_word' id='word_1_350' title='bbox 132 2335 260 2396; x_wconf 55' lang='lat' dir='ltr'>”quae</span> <span class='ocrx_word' id='word_1_351' title='bbox 285 2343 352 2380; x_wconf 87' lang='lat' dir='ltr'>est</span> <span class='ocrx_word' id='word_1_352' title='bbox 375 2335 421 2380; x_wconf 90' lang='lat' dir='ltr'>in</span> <span class='ocrx_word' id='word_1_353' title='bbox 450 2348 644 2395; x_wconf 88' lang='lat' dir='ltr'>corpore</span> <span class='ocrx_word' id='word_1_354' title='bbox 672 2337 874 2392; x_wconf 86' lang='lat' dir='ltr'>coelesti,</span> <span class='ocrx_word' id='word_1_355' title='bbox 891 2337 1014 2395; x_wconf 89' lang='lat' dir='ltr'>quod</span> <span class='ocrx_word' id='word_1_356' title='bbox 1033 2347 1102 2381; x_wconf 91' lang='lat' dir='ltr'>est</span> <span class='ocrx_word' id='word_1_357' title='bbox 1118 2337 1317 2395; x_wconf 90' lang='lat' dir='ltr'>primum</span> <span class='ocrx_word' id='word_1_358' title='bbox 1340 2337 1613 2396; x_wconf 84' lang='lat' dir='ltr'>principium</span> <span class='ocrx_word' id='word_1_359' title='bbox 1642 2336 1842 2380; x_wconf 91' lang='lat' dir='ltr'>activum</span> <span class='ocrx_word' id='word_1_360' title='bbox 1859 2338 1904 2380; x_wconf 88' lang='lat' dir='ltr'>in</span> <span class='ocrx_word' id='word_1_361' title='bbox 1931 2345 2104 2380; x_wconf 83' lang='lat' dir='ltr'>natura.</span> 
     </span>
     <span class='ocr_line' id='line_1_34' title="bbox 70 2393 2104 2480; baseline -0.002 -29"><span class='ocrx_word' id='word_1_362' title='bbox 70 2393 113 2450; x_wconf 51' lang='lat'>³²„</span> <span class='ocrx_word' id='word_1_363' title='bbox 142 2402 273 2448; x_wconf 59' lang='lat' dir='ltr'>Sicut</span> <span class='ocrx_word' id='word_1_364' title='bbox 288 2412 443 2448; x_wconf 88' lang='lat' dir='ltr'>autem</span> <span class='ocrx_word' id='word_1_365' title='bbox 466 2416 631 2480; x_wconf 83' lang='lat' dir='ltr'>corpus</span> <span class='ocrx_word' id='word_1_366' title='bbox 649 2402 847 2448; x_wconf 90' lang='lat' dir='ltr'>coeleste</span> <span class='ocrx_word' id='word_1_367' title='bbox 866 2413 934 2448; x_wconf 90' lang='lat' dir='ltr'>est</span> <span class='ocrx_word' id='word_1_368' title='bbox 949 2404 1147 2463; x_wconf 89' lang='lat' dir='ltr'>primurn</span> <span class='ocrx_word' id='word_1_369' title='bbox 1167 2418 1306 2480; x_wconf 81' lang='lat' dir='ltr'>agens</span> <span class='ocrx_word' id='word_1_370' title='bbox 1323 2413 1532 2463; x_wconf 91' lang='lat' dir='ltr'>respectu</span> <span class='ocrx_word' id='word_1_371' title='bbox 1550 2417 1795 2462; x_wconf 90' lang='lat' dir='ltr'>corporum</span> <span class='ocrx_word' id='word_1_372' title='bbox 1820 2402 2104 2455; x_wconf 89' lang='lat' dir='ltr'>inferiorum,</span> 
     </span>
     <span class='ocr_line' id='line_1_35' title="bbox 130 2460 2107 2530; baseline -0.002 -14.124"><span class='ocrx_word' id='word_1_373' title='bbox 130 2460 215 2516; x_wconf 64' lang='lat' dir='ltr'>”itu</span> <span class='ocrx_word' id='word_1_374' title='bbox 228 2470 354 2514; x_wconf 88' lang='lat' dir='ltr'>Deus</span> <span class='ocrx_word' id='word_1_375' title='bbox 380 2479 447 2514; x_wconf 84' lang='lat' dir='ltr'>est</span> <span class='ocrx_word' id='word_1_376' title='bbox 472 2470 671 2529; x_wconf 89' lang='lat' dir='ltr'>primum</span> <span class='ocrx_word' id='word_1_377' title='bbox 698 2484 837 2530; x_wconf 86' lang='lat' dir='ltr'>agens</span> <span class='ocrx_word' id='word_1_378' title='bbox 862 2481 1070 2530; x_wconf 89' lang='lat' dir='ltr'>respectu</span> <span class='ocrx_word' id='word_1_379' title='bbox 1104 2471 1244 2515; x_wconf 90' lang='lat' dir='ltr'>totius</span> <span class='ocrx_word' id='word_1_380' title='bbox 1271 2471 1386 2515; x_wconf 89' lang='lat' dir='ltr'>entis</span> <span class='ocrx_word' id='word_1_381' title='bbox 1414 2471 1565 2515; x_wconf 89' lang='lat' dir='ltr'>creati.</span> <span class='ocrx_word' id='word_1_382' title='bbox 1606 2470 1841 2529; x_wconf 89' lang='lat' dir='ltr'>Quidquid</span> <span class='ocrx_word' id='word_1_383' title='bbox 1876 2470 2014 2528; x_wconf 87' lang='lat' dir='ltr'>igitur</span> <span class='ocrx_word' id='word_1_384' title='bbox 2039 2478 2107 2512; x_wconf 88' lang='lat' dir='ltr'>est</span> 
     </span>
     <span class='ocr_line' id='line_1_36' title="bbox 142 2529 2105 2614; baseline -0.001 -31.109"><span class='ocrx_word' id='word_1_385' title='bbox 142 2529 189 2583; x_wconf 64' lang='lat'>38</span> <span class='ocrx_word' id='word_1_386' title='bbox 213 2537 419 2614; x_wconf 84' lang='lat' dir='ltr'>potentia</span> <span class='ocrx_word' id='word_1_387' title='bbox 452 2537 568 2582; x_wconf 89' lang='lat' dir='ltr'>entis</span> <span class='ocrx_word' id='word_1_388' title='bbox 595 2538 758 2592; x_wconf 82' lang='lat' dir='ltr'>creati3</span> <span class='ocrx_word' id='word_1_389' title='bbox 783 2547 933 2582; x_wconf 91' lang='lat' dir='ltr'>totum</span> <span class='ocrx_word' id='word_1_390' title='bbox 958 2538 1050 2582; x_wconf 91' lang='lat' dir='ltr'>hoc</span> <span class='ocrx_word' id='word_1_391' title='bbox 1076 2538 1202 2583; x_wconf 91' lang='lat' dir='ltr'>Deus</span> <span class='ocrx_word' id='word_1_392' title='bbox 1229 2552 1309 2597; x_wconf 89' lang='lat' dir='ltr'>per</span> <span class='ocrx_word' id='word_1_393' title='bbox 1335 2553 1466 2583; x_wconf 88' lang='lat' dir='ltr'>suam</span> <span class='ocrx_word' id='word_1_394' title='bbox 1491 2539 1707 2582; x_wconf 88' lang='lat' dir='ltr'>virtutem</span> <span class='ocrx_word' id='word_1_395' title='bbox 1733 2538 1930 2582; x_wconf 86' lang='lat' dir='ltr'>activam</span> <span class='ocrx_word' id='word_1_396' title='bbox 1955 2536 2105 2580; x_wconf 88' lang='lat' dir='ltr'>facere</span> 
     </span>
     <span class='ocr_line' id='line_1_37' title="bbox 130 2604 2105 2665; baseline -0.001 -16.083"><span class='ocrx_word' id='word_1_397' title='bbox 130 2610 318 2665; x_wconf 43' lang='grc' dir='ltr'>,Ρῠέεετς</span> <span class='ocrx_word' id='word_1_398' title='bbox 344 2604 390 2647; x_wconf 90' lang='lat' dir='ltr'>in</span> <span class='ocrx_word' id='word_1_399' title='bbox 415 2606 619 2663; x_wconf 88' lang='lat' dir='ltr'>potentia</span> <span class='ocrx_word' id='word_1_400' title='bbox 646 2614 798 2648; x_wconf 89' lang='lat' dir='ltr'>autem</span> <span class='ocrx_word' id='word_1_401' title='bbox 826 2605 940 2649; x_wconf 87' lang='lat' dir='ltr'>entis</span> <span class='ocrx_word' id='word_1_402' title='bbox 967 2605 1108 2649; x_wconf 90' lang='lat' dir='ltr'>creati</span> <span class='ocrx_word' id='word_1_403' title='bbox 1133 2615 1201 2649; x_wconf 89' lang='lat' dir='ltr'>est</span> <span class='ocrx_word' id='word_1_404' title='bbox 1235 2619 1375 2650; x_wconf 90' lang='lat' dir='ltr'>omne</span> <span class='ocrx_word' id='word_1_405' title='bbox 1401 2606 1523 2664; x_wconf 93' lang='lat' dir='ltr'>quod</span> <span class='ocrx_word' id='word_1_406' title='bbox 1551 2605 1643 2649; x_wconf 90' lang='lat' dir='ltr'>enti</span> <span class='ocrx_word' id='word_1_407' title='bbox 1669 2614 1822 2648; x_wconf 90' lang='lat' dir='ltr'>creato</span> <span class='ocrx_word' id='word_1_408' title='bbox 1847 2617 1943 2648; x_wconf 93' lang='lat' dir='ltr'>non</span> <span class='ocrx_word' id='word_1_409' title='bbox 1975 2617 2105 2662; x_wconf 90' lang='lat' dir='ltr'>repu-</span> 
     </span>
     <span class='ocr_line' id='line_1_38' title="bbox 134 2670 2105 2783; baseline 0.001 -70.941"><span class='ocrx_word' id='word_1_410' title='bbox 134 2672 276 2783; x_wconf 56' lang='grc' dir='ltr'>ἐξές</span> <span class='ocrx_word' id='word_1_411' title='bbox 300 2671 417 2715; x_wconf 88' lang='lat' dir='ltr'>sicut</span> <span class='ocrx_word' id='word_1_412' title='bbox 453 2671 498 2714; x_wconf 92' lang='lat' dir='ltr'>in</span> <span class='ocrx_word' id='word_1_413' title='bbox 523 2671 728 2730; x_wconf 88' lang='lat' dir='ltr'>potentia</span> <span class='ocrx_word' id='word_1_414' title='bbox 763 2681 952 2716; x_wconf 88' lang='lat' dir='ltr'>naturae</span> <span class='ocrx_word' id='word_1_415' title='bbox 984 2672 1213 2716; x_wconf 85' lang='lat' dir='ltr'>humanae</span> <span class='ocrx_word' id='word_1_416' title='bbox 1245 2682 1350 2716; x_wconf 89' lang='lat' dir='ltr'>sunt</span> <span class='ocrx_word' id='word_1_417' title='bbox 1376 2672 1533 2716; x_wconf 91' lang='lat' dir='ltr'>omnia</span> <span class='ocrx_word' id='word_1_418' title='bbox 1558 2685 1675 2731; x_wconf 90' lang='lat' dir='ltr'>quae</span> <span class='ocrx_word' id='word_1_419' title='bbox 1711 2679 1920 2716; x_wconf 89' lang='lat' dir='ltr'>naturam</span> <span class='ocrx_word' id='word_1_420' title='bbox 1946 2670 2105 2715; x_wconf 88' lang='lat' dir='ltr'>huma-</span> 
     </span>
     <span class='ocr_line' id='line_1_39' title="bbox 101 2735 1270 2798; baseline 0.002 -17"><span class='ocrx_word' id='word_1_421' title='bbox 101 2793 102 2796; x_wconf 8' lang='lat'><em>*</em></span> <span class='ocrx_word' id='word_1_422' title='bbox 170 2735 180 2788; x_wconf 63' lang='lat' dir='ltr'>s</span> <span class='ocrx_word' id='word_1_423' title='bbox 271 2748 368 2782; x_wconf 78' lang='lat' dir='ltr'>non</span> <span class='ocrx_word' id='word_1_424' title='bbox 393 2737 583 2792; x_wconf 89' lang='lat' dir='ltr'>tollunt;</span> <span class='ocrx_word' id='word_1_425' title='bbox 610 2738 767 2783; x_wconf 89' lang='lat' dir='ltr'>omnia</span> <span class='ocrx_word' id='word_1_426' title='bbox 793 2739 930 2797; x_wconf 89' lang='lat' dir='ltr'>igitur</span> <span class='ocrx_word' id='word_1_427' title='bbox 954 2739 1081 2783; x_wconf 89' lang='lat' dir='ltr'>Deus</span> <span class='ocrx_word' id='word_1_428' title='bbox 1107 2749 1270 2798; x_wconf 88' lang='lat' dir='ltr'>potest.</span> 
     </span>
     <span class='ocr_line' id='line_1_40' title="bbox 220 2803 2107 2865; baseline 0 -17"><span class='ocrx_word' id='word_1_429' title='bbox 220 2803 497 2849; x_wconf 72' lang='lat' dir='ltr'>lPraeterea:</span> <span class='ocrx_word' id='word_1_430' title='bbox 525 2805 649 2864; x_wconf 91' lang='lat' dir='ltr'>quod</span> <span class='ocrx_word' id='word_1_431' title='bbox 667 2804 853 2849; x_wconf 87' lang='lat' dir='ltr'>effectus</span> <span class='ocrx_word' id='word_1_432' title='bbox 880 2804 1040 2864; x_wconf 87' lang='lat' dir='ltr'>aliquis</span> <span class='ocrx_word' id='word_1_433' title='bbox 1061 2819 1156 2850; x_wconf 91' lang='lat' dir='ltr'>non</span> <span class='ocrx_word' id='word_1_434' title='bbox 1180 2805 1321 2850; x_wconf 90' lang='lat' dir='ltr'>subsit</span> <span class='ocrx_word' id='word_1_435' title='bbox 1346 2805 1577 2865; x_wconf 87' lang='lat' dir='ltr'>potentiae</span> <span class='ocrx_word' id='word_1_436' title='bbox 1600 2804 1789 2863; x_wconf 89' lang='lat' dir='ltr'>alicujus</span> <span class='ocrx_word' id='word_1_437' title='bbox 1816 2806 2008 2863; x_wconf 85' lang='lat' dir='ltr'>agentis,</span> <span class='ocrx_word' id='word_1_438' title='bbox 2029 2817 2107 2863; x_wconf 89' lang='lat' dir='ltr'>po-</span> 
     </span>
     <span class='ocr_line' id='line_1_41' title="bbox 141 2870 2104 2949; baseline 0 -34.966"><span class='ocrx_word' id='word_1_439' title='bbox 141 2876 229 2915; x_wconf 84' lang='lat' dir='ltr'>test</span> <span class='ocrx_word' id='word_1_440' title='bbox 253 2884 307 2915; x_wconf 87' lang='lat' dir='ltr'>ex</span> <span class='ocrx_word' id='word_1_441' title='bbox 331 2870 471 2915; x_wconf 90' lang='lat' dir='ltr'>tribus</span> <span class='ocrx_word' id='word_1_442' title='bbox 509 2872 787 2930; x_wconf 90' lang='lat' dir='ltr'>contingere.</span> <span class='ocrx_word' id='word_1_443' title='bbox 826 2871 934 2915; x_wconf 90' lang='lat' dir='ltr'>Uno</span> <span class='ocrx_word' id='word_1_444' title='bbox 969 2871 1110 2916; x_wconf 89' lang='lat' dir='ltr'>modo</span> <span class='ocrx_word' id='word_1_445' title='bbox 1130 2887 1219 2949; x_wconf 34' lang='lat' dir='ltr'>‘per</span> <span class='ocrx_word' id='word_1_446' title='bbox 1243 2872 1334 2916; x_wconf 91' lang='lat' dir='ltr'>hoc</span> <span class='ocrx_word' id='word_1_447' title='bbox 1361 2872 1484 2931; x_wconf 90' lang='lat' dir='ltr'>quod</span> <span class='ocrx_word' id='word_1_448' title='bbox 1516 2886 1611 2916; x_wconf 91' lang='lat' dir='ltr'>non</span> <span class='ocrx_word' id='word_1_449' title='bbox 1636 2872 1774 2916; x_wconf 91' lang='lat' dir='ltr'>habet</span> <span class='ocrx_word' id='word_1_450' title='bbox 1810 2886 1914 2916; x_wconf 93' lang='lat' dir='ltr'>cum</span> <span class='ocrx_word' id='word_1_451' title='bbox 1942 2881 2104 2930; x_wconf 88' lang='lat' dir='ltr'>agente</span> 
     </span>
     <span class='ocr_line' id='line_1_42' title="bbox 0 2933 2104 2999; baseline -0.002 -13"><span class='ocrx_word' id='word_1_452' title='bbox 0 2952 1 2956; x_wconf 75' lang='grc'>’</span> <span class='ocrx_word' id='word_1_453' title='bbox 128 2933 409 2986; x_wconf 53' lang='lat' dir='ltr'>vfinitatem</span> <span class='ocrx_word' id='word_1_454' title='bbox 430 2938 506 2983; x_wconf 89' lang='lat' dir='ltr'>vel</span> <span class='ocrx_word' id='word_1_455' title='bbox 525 2938 892 2993; x_wconf 86' lang='lat' dir='ltr'>similitudinem;</span> <span class='ocrx_word' id='word_1_456' title='bbox 911 2953 1049 2998; x_wconf 89' lang='lat' dir='ltr'>agens</span> <span class='ocrx_word' id='word_1_457' title='bbox 1069 2939 1192 2983; x_wconf 89' lang='lat' dir='ltr'>enim</span> <span class='ocrx_word' id='word_1_458' title='bbox 1212 2954 1353 2984; x_wconf 91' lang='lat' dir='ltr'>omne</span> <span class='ocrx_word' id='word_1_459' title='bbox 1378 2940 1470 2999; x_wconf 87' lang='lat' dir='ltr'>agit</span> <span class='ocrx_word' id='word_1_460' title='bbox 1492 2940 1576 2983; x_wconf 91' lang='lat' dir='ltr'>sibi</span> <span class='ocrx_word' id='word_1_461' title='bbox 1592 2938 1740 2983; x_wconf 89' lang='lat' dir='ltr'>simile</span> <span class='ocrx_word' id='word_1_462' title='bbox 1759 2938 1913 2998; x_wconf 89' lang='lat' dir='ltr'>aliquo</span> <span class='ocrx_word' id='word_1_463' title='bbox 1936 2937 2104 2992; x_wconf 90' lang='lat' dir='ltr'>modo;</span> 
     </span>
     <span class='ocr_line' id='line_1_43' title="bbox 141 3001 2106 3066; baseline 0 -18"><span class='ocrx_word' id='word_1_464' title='bbox 141 3001 262 3049; x_wconf 63' lang='lat' dir='ltr'>unde</span> <span class='ocrx_word' id='word_1_465' title='bbox 282 3005 428 3050; x_wconf 84' lang='lat' dir='ltr'>virtus</span> <span class='ocrx_word' id='word_1_466' title='bbox 455 3019 572 3066; x_wconf 89' lang='lat' dir='ltr'>quae</span> <span class='ocrx_word' id='word_1_467' title='bbox 599 3015 667 3050; x_wconf 89' lang='lat' dir='ltr'>est</span> <span class='ocrx_word' id='word_1_468' title='bbox 703 3006 749 3049; x_wconf 91' lang='lat' dir='ltr'>in</span> <span class='ocrx_word' id='word_1_469' title='bbox 787 3005 961 3050; x_wconf 90' lang='lat' dir='ltr'>semine</span> <span class='ocrx_word' id='word_1_470' title='bbox 987 3006 1204 3060; x_wconf 89' lang='lat' dir='ltr'>hominis,</span> <span class='ocrx_word' id='word_1_471' title='bbox 1239 3021 1334 3051; x_wconf 90' lang='lat' dir='ltr'>non</span> <span class='ocrx_word' id='word_1_472' title='bbox 1360 3016 1509 3066; x_wconf 88' lang='lat' dir='ltr'>potest</span> <span class='ocrx_word' id='word_1_473' title='bbox 1534 3007 1784 3066; x_wconf 89' lang='lat' dir='ltr'>producere</span> <span class='ocrx_word' id='word_1_474' title='bbox 1818 3006 2002 3049; x_wconf 88' lang='lat' dir='ltr'>brutum</span> <span class='ocrx_word' id='word_1_475' title='bbox 2031 3004 2106 3049; x_wconf 88' lang='lat' dir='ltr'>vel</span> 
     </span>
     <span class='ocr_line' id='line_1_44' title="bbox 73 3057 2103 3133; baseline -0.001 -16.965"><span class='ocrx_word' id='word_1_476' title='bbox 73 3057 367 3133; x_wconf 17' lang='lat' dir='ltr'>{sswplantam</span> <span class='ocrx_word' id='word_1_477' title='bbox 394 3073 636 3118; x_wconf 88' lang='lat' dir='ltr'>hominem</span> <span class='ocrx_word' id='word_1_478' title='bbox 664 3083 818 3117; x_wconf 90' lang='lat' dir='ltr'>autem</span> <span class='ocrx_word' id='word_1_479' title='bbox 846 3082 1008 3131; x_wconf 90' lang='lat' dir='ltr'>potest,</span> <span class='ocrx_word' id='word_1_480' title='bbox 1047 3073 1125 3131; x_wconf 89' lang='lat' dir='ltr'>qui</span> <span class='ocrx_word' id='word_1_481' title='bbox 1151 3083 1305 3117; x_wconf 91' lang='lat' dir='ltr'>tamen</span> <span class='ocrx_word' id='word_1_482' title='bbox 1332 3074 1564 3132; x_wconf 87' lang='lat' dir='ltr'>praedicta</span> <span class='ocrx_word' id='word_1_483' title='bbox 1601 3074 1790 3117; x_wconf 87' lang='lat' dir='ltr'>excedit.</span> <span class='ocrx_word' id='word_1_484' title='bbox 1829 3071 1938 3116; x_wconf 89' lang='lat' dir='ltr'>Alio</span> <span class='ocrx_word' id='word_1_485' title='bbox 1961 3072 2103 3117; x_wconf 90' lang='lat' dir='ltr'>modo</span> 
     </span>
     <span class='ocr_line' id='line_1_45' title="bbox 68 3130 2102 3199; baseline -0.001 -15.964"><span class='ocrx_word' id='word_1_486' title='bbox 68 3130 324 3198; x_wconf 52' lang='lat' dir='ltr'>propter</span> <span class='ocrx_word' id='word_1_487' title='bbox 347 3139 665 3184; x_wconf 85' lang='lat' dir='ltr'>excellentiam</span> <span class='ocrx_word' id='word_1_488' title='bbox 691 3138 880 3184; x_wconf 87' lang='lat' dir='ltr'>effectus</span> <span class='ocrx_word' id='word_1_489' title='bbox 907 3140 984 3199; x_wconf 88' lang='lat' dir='ltr'>qui</span> <span class='ocrx_word' id='word_1_490' title='bbox 1021 3140 1300 3185; x_wconf 88' lang='lat' dir='ltr'>transcendit</span> <span class='ocrx_word' id='word_1_491' title='bbox 1325 3140 1671 3199; x_wconf 89' lang='lat' dir='ltr'>proportionem</span> <span class='ocrx_word' id='word_1_492' title='bbox 1704 3139 1878 3184; x_wconf 88' lang='lat' dir='ltr'>virtutis</span> <span class='ocrx_word' id='word_1_493' title='bbox 1905 3138 2102 3183; x_wconf 88' lang='lat' dir='ltr'>activae.</span> 
     </span>
     <span class='ocr_line' id='line_1_46' title="bbox 31 3202 2103 3266; baseline 0.001 -19.04"><span class='ocrx_word' id='word_1_494' title='bbox 31 3256 95 3262; x_wconf 65' lang='lat'><em>,</em></span> <span class='ocrx_word' id='word_1_495' title='bbox 141 3202 258 3250; x_wconf 71' lang='lat' dir='ltr'>sicut</span> <span class='ocrx_word' id='word_1_496' title='bbox 287 3205 429 3251; x_wconf 88' lang='lat' dir='ltr'>virtus</span> <span class='ocrx_word' id='word_1_497' title='bbox 455 3206 601 3251; x_wconf 86' lang='lat' dir='ltr'>activa</span> <span class='ocrx_word' id='word_1_498' title='bbox 629 3207 879 3266; x_wconf 86' lang='lat' dir='ltr'>corporalis</span> <span class='ocrx_word' id='word_1_499' title='bbox 911 3221 1004 3251; x_wconf 91' lang='lat' dir='ltr'>non</span> <span class='ocrx_word' id='word_1_500' title='bbox 1031 3217 1181 3266; x_wconf 88' lang='lat' dir='ltr'>potest</span> <span class='ocrx_word' id='word_1_501' title='bbox 1206 3208 1457 3266; x_wconf 89' lang='lat' dir='ltr'>producere</span> <span class='ocrx_word' id='word_1_502' title='bbox 1495 3206 1793 3251; x_wconf 83' lang='lat' dir='ltr'>substantiam</span> <span class='ocrx_word' id='word_1_503' title='bbox 1831 3215 2103 3263; x_wconf 88' lang='lat' dir='ltr'>separatam.</span> 
     </span>
     <span class='ocr_line' id='line_1_47' title="bbox 98 3268 2104 3332; baseline 0 -16"><span class='ocrx_word' id='word_1_504' title='bbox 98 3268 303 3317; x_wconf 62' lang='lat' dir='ltr'>Mo</span> <span class='ocrx_word' id='word_1_505' title='bbox 340 3272 482 3317; x_wconf 89' lang='lat' dir='ltr'>modo</span> <span class='ocrx_word' id='word_1_506' title='bbox 509 3283 693 3332; x_wconf 90' lang='lat' dir='ltr'>propter</span> <span class='ocrx_word' id='word_1_507' title='bbox 719 3275 959 3318; x_wconf 88' lang='lat' dir='ltr'>materiam</span> <span class='ocrx_word' id='word_1_508' title='bbox 999 3274 1348 3318; x_wconf 86' lang='lat' dir='ltr'>determinatam</span> <span class='ocrx_word' id='word_1_509' title='bbox 1381 3275 1436 3318; x_wconf 90' lang='lat' dir='ltr'>ad</span> <span class='ocrx_word' id='word_1_510' title='bbox 1463 3273 1678 3317; x_wconf 81' lang='lat' dir='ltr'>effectum</span> <span class='ocrx_word' id='word_1_511' title='bbox 1715 3273 1760 3316; x_wconf 90' lang='lat' dir='ltr'>in</span> <span class='ocrx_word' id='word_1_512' title='bbox 1794 3287 1930 3331; x_wconf 86' lang='lat' dir='ltr'>quam</span> <span class='ocrx_word' id='word_1_513' title='bbox 1965 3286 2104 3331; x_wconf 87' lang='lat' dir='ltr'>agens</span> 
     </span>
     <span class='ocr_line' id='line_1_48' title="bbox 72 3339 2101 3399; baseline 0.001 -18.013"><span class='ocrx_word' id='word_1_514' title='bbox 72 3351 107 3391; x_wconf 78' lang='grc' dir='ltr'>ις</span> <span class='ocrx_word' id='word_1_515' title='bbox 141 3348 235 3383; x_wconf 74' lang='lat' dir='ltr'>mn</span> <span class='ocrx_word' id='word_1_516' title='bbox 259 3349 434 3399; x_wconf 80' lang='lat' dir='ltr'>potest:</span> <span class='ocrx_word' id='word_1_517' title='bbox 460 3339 579 3384; x_wconf 87' lang='lat' dir='ltr'>sicut</span> <span class='ocrx_word' id='word_1_518' title='bbox 603 3341 912 3399; x_wconf 87' lang='lat' dir='ltr'>carpentarius</span> <span class='ocrx_word' id='word_1_519' title='bbox 937 3355 1031 3385; x_wconf 90' lang='lat' dir='ltr'>non</span> <span class='ocrx_word' id='word_1_520' title='bbox 1068 3350 1217 3399; x_wconf 91' lang='lat' dir='ltr'>potest</span> <span class='ocrx_word' id='word_1_521' title='bbox 1243 3340 1391 3385; x_wconf 86' lang='lat' dir='ltr'>facere</span> <span class='ocrx_word' id='word_1_522' title='bbox 1425 3354 1612 3393; x_wconf 88' lang='lat' dir='ltr'>serram,</span> <span class='ocrx_word' id='word_1_523' title='bbox 1638 3339 1743 3398; x_wconf 89' lang='lat' dir='ltr'>quia</span> <span class='ocrx_word' id='word_1_524' title='bbox 1775 3353 1856 3383; x_wconf 90' lang='lat' dir='ltr'>sua</span> <span class='ocrx_word' id='word_1_525' title='bbox 1884 3348 1977 3384; x_wconf 91' lang='lat' dir='ltr'>arte</span> <span class='ocrx_word' id='word_1_526' title='bbox 2008 3353 2101 3385; x_wconf 88' lang='lat' dir='ltr'>non</span> 
     </span>
     <span class='ocr_line' id='line_1_49' title="bbox 89 3404 2102 3466; baseline 0 -16"><span class='ocrx_word' id='word_1_527' title='bbox 89 3408 292 3463; x_wconf 83' lang='lat' dir='ltr'>potest</span> <span class='ocrx_word' id='word_1_528' title='bbox 312 3419 450 3464; x_wconf 89' lang='lat' dir='ltr'>agere</span> <span class='ocrx_word' id='word_1_529' title='bbox 473 3405 521 3449; x_wconf 86' lang='lat' dir='ltr'>in</span> <span class='ocrx_word' id='word_1_530' title='bbox 548 3404 733 3460; x_wconf 87' lang='lat' dir='ltr'>ferrum,</span> <span class='ocrx_word' id='word_1_531' title='bbox 761 3420 815 3451; x_wconf 86' lang='lat' dir='ltr'>ex</span> <span class='ocrx_word' id='word_1_532' title='bbox 835 3421 927 3466; x_wconf 91' lang='lat' dir='ltr'>quo</span> <span class='ocrx_word' id='word_1_533' title='bbox 954 3407 1002 3452; x_wconf 90' lang='lat' dir='ltr'>fit</span> <span class='ocrx_word' id='word_1_534' title='bbox 1028 3421 1164 3451; x_wconf 88' lang='lat' dir='ltr'>serra.</span> <span class='ocrx_word' id='word_1_535' title='bbox 1182 3407 1323 3451; x_wconf 90' lang='lat' dir='ltr'>Nullo</span> <span class='ocrx_word' id='word_1_536' title='bbox 1351 3416 1503 3451; x_wconf 89' lang='lat' dir='ltr'>autem</span> <span class='ocrx_word' id='word_1_537' title='bbox 1529 3406 1722 3450; x_wconf 89' lang='lat' dir='ltr'>istorum</span> <span class='ocrx_word' id='word_1_538' title='bbox 1749 3406 1995 3451; x_wconf 89' lang='lat' dir='ltr'>modorum</span> <span class='ocrx_word' id='word_1_539' title='bbox 2021 3419 2102 3464; x_wconf 91' lang='lat' dir='ltr'>po·</span> 
     </span>
     <span class='ocr_line' id='line_1_50' title="bbox 62 3461 2103 3532; baseline 0 -15.982"><span class='ocrx_word' id='word_1_540' title='bbox 62 3461 108 3494; x_wconf 51' lang='grc' dir='ltr'><strong><em>Ψ</em></strong></span> <span class='ocrx_word' id='word_1_541' title='bbox 141 3477 230 3516; x_wconf 61' lang='lat' dir='ltr'>flat</span> <span class='ocrx_word' id='word_1_542' title='bbox 254 3470 415 3531; x_wconf 83' lang='lat' dir='ltr'>aliquis</span> <span class='ocrx_word' id='word_1_543' title='bbox 440 3470 630 3517; x_wconf 80' lang='lat' dir='ltr'>effectus</span> <span class='ocrx_word' id='word_1_544' title='bbox 656 3473 858 3518; x_wconf 88' lang='lat' dir='ltr'>subtrahi</span> <span class='ocrx_word' id='word_1_545' title='bbox 886 3474 1064 3518; x_wconf 86' lang='lat' dir='ltr'>divinae</span> <span class='ocrx_word' id='word_1_546' title='bbox 1090 3474 1266 3518; x_wconf 89' lang='lat' dir='ltr'>virtuti.</span> <span class='ocrx_word' id='word_1_547' title='bbox 1293 3487 1442 3532; x_wconf 90' lang='lat' dir='ltr'>neque</span> <span class='ocrx_word' id='word_1_548' title='bbox 1468 3473 1592 3517; x_wconf 89' lang='lat' dir='ltr'>enim</span> <span class='ocrx_word' id='word_1_549' title='bbox 1618 3483 1803 3532; x_wconf 88' lang='lat' dir='ltr'>propter</span> <span class='ocrx_word' id='word_1_550' title='bbox 1828 3473 2103 3519; x_wconf 86' lang='lat' dir='ltr'>dissimilitu-</span> 
     </span>
     <span class='ocr_line' id='line_1_51' title="bbox 83 3521 2101 3600; baseline 0.001 -17.03"><span class='ocrx_word' id='word_1_551' title='bbox 83 3521 297 3598; x_wconf 35' lang='lat' dir='ltr'>{linem</span> <span class='ocrx_word' id='word_1_552' title='bbox 324 3537 527 3595; x_wconf 88' lang='lat' dir='ltr'>effectus,</span> <span class='ocrx_word' id='word_1_553' title='bbox 554 3538 723 3599; x_wconf 87' lang='lat' dir='ltr'>aliquid</span> <span class='ocrx_word' id='word_1_554' title='bbox 745 3540 787 3584; x_wconf 90' lang='lat' dir='ltr'>ei</span> <span class='ocrx_word' id='word_1_555' title='bbox 803 3540 1083 3600; x_wconf 88' lang='lat' dir='ltr'>impossibile</span> <span class='ocrx_word' id='word_1_556' title='bbox 1101 3554 1198 3585; x_wconf 90' lang='lat' dir='ltr'>esse</span> <span class='ocrx_word' id='word_1_557' title='bbox 1216 3549 1381 3599; x_wconf 90' lang='lat' dir='ltr'>potest,</span> <span class='ocrx_word' id='word_1_558' title='bbox 1403 3554 1509 3584; x_wconf 89' lang='lat' dir='ltr'>curn</span> <span class='ocrx_word' id='word_1_559' title='bbox 1531 3554 1670 3585; x_wconf 89' lang='lat' dir='ltr'>omne</span> <span class='ocrx_word' id='word_1_560' title='bbox 1696 3554 1791 3595; x_wconf 83' lang='lat' dir='ltr'>ens,</span> <span class='ocrx_word' id='word_1_561' title='bbox 1812 3540 1859 3585; x_wconf 91' lang='lat' dir='ltr'>in</span> <span class='ocrx_word' id='word_1_562' title='bbox 1880 3550 2101 3600; x_wconf 89' lang='lat' dir='ltr'>quantum</span> 
     </span>
     <span class='ocr_line' id='line_1_52' title="bbox 83 3584 2102 3668; baseline 0.002 -20.087"><span class='ocrx_word' id='word_1_563' title='bbox 83 3584 281 3650; x_wconf 40' lang='lat' dir='ltr'>{Baba</span> <span class='ocrx_word' id='word_1_564' title='bbox 303 3617 418 3660; x_wconf 80' lang='lat' dir='ltr'>esse,</span> <span class='ocrx_word' id='word_1_565' title='bbox 444 3604 502 3651; x_wconf 85' lang='lat' dir='ltr'>sit</span> <span class='ocrx_word' id='word_1_566' title='bbox 536 3606 577 3650; x_wconf 91' lang='lat' dir='ltr'>ei</span> <span class='ocrx_word' id='word_1_567' title='bbox 603 3604 767 3660; x_wconf 86' lang='lat' dir='ltr'>simile,</span> <span class='ocrx_word' id='word_1_568' title='bbox 798 3616 849 3652; x_wconf 88' lang='lat' dir='ltr'>ut</span> <span class='ocrx_word' id='word_1_569' title='bbox 871 3621 1005 3667; x_wconf 87' lang='lat' dir='ltr'>supra</span> <span class='ocrx_word' id='word_1_570' title='bbox 1038 3609 1099 3667; x_wconf 91' lang='lat' dir='ltr'>(c.</span> <span class='ocrx_word' id='word_1_571' title='bbox 1132 3609 1219 3664; x_wconf 83' lang='lat'>15.)</span> <span class='ocrx_word' id='word_1_572' title='bbox 1252 3617 1487 3652; x_wconf 89' lang='lat' dir='ltr'>ostensum</span> <span class='ocrx_word' id='word_1_573' title='bbox 1514 3615 1604 3662; x_wconf 82' lang='lat' dir='ltr'>est3</span> <span class='ocrx_word' id='word_1_574' title='bbox 1635 3622 1721 3653; x_wconf 89' lang='lat' dir='ltr'>nec</span> <span class='ocrx_word' id='word_1_575' title='bbox 1754 3607 1892 3653; x_wconf 88' lang='lat' dir='ltr'>etiam</span> <span class='ocrx_word' id='word_1_576' title='bbox 1919 3617 2102 3668; x_wconf 88' lang='lat' dir='ltr'>propter</span> 
     </span>
    </p>
   </div>
   <div class='ocr_carea' id='block_1_6' title="bbox 0 2156 142 2837">
    <p class='ocr_par' dir='ltr' id='par_1_6' title="bbox 0 2156 142 2837">
     <span class='ocr_line' id='line_1_53' title="bbox 0 2156 118 2425; baseline 0 -66"><span class='ocrx_word' id='word_1_577' title='bbox 0 2156 118 2425; x_wconf 95' lang='lat' dir='ltr'>    </span> 
     </span>
     <span class='ocr_line' id='line_1_54' title="bbox 0 2425 118 2493; baseline 0 1361"><span class='ocrx_word' id='word_1_578' title='bbox 0 2425 118 2493; x_wconf 95' lang='lat' dir='ltr'> </span> 
     </span>
     <span class='ocr_line' id='line_1_55' title="bbox 0 2493 142 2837; baseline 0 0"><span class='ocrx_word' id='word_1_579' title='bbox 0 2493 142 2837; x_wconf 95' lang='lat' dir='ltr'>      </span> 
     </span>
    </p>
   </div>
  </div>
 </body>
</html>
