<?xml version="1.0" encoding="UTF-8"?>
<!DOCTYPE html PUBLIC "-//W3C//DTD XHTML 1.0 Transitional//EN"
    "http://www.w3.org/TR/xhtml1/DTD/xhtml1-transitional.dtd">
<html xmlns="http://www.w3.org/1999/xhtml" xml:lang="en" lang="en">
 <head>
  <title>
</title>
<meta http-equiv="Content-Type" content="text/html;charset=utf-8" />
  <meta name='ocr-system' content='tesseract 3.04.00' />
  <meta name='ocr-capabilities' content='ocr_page ocr_carea ocr_par ocr_line ocrx_word'/>
</head>
<body>
  <div class='ocr_page' id='page_1' title='image "./divithomaeaquina00thom_0365.png"; bbox 0 0 2332 3854; ppageno 0'>
   <div class='ocr_carea' id='block_1_1' title="bbox 763 219 2061 273">
    <p class='ocr_par' dir='ltr' id='par_1_1' title="bbox 763 219 2061 273">
     <span class='ocr_line' id='line_1_1' title="bbox 763 219 2061 273; baseline 0.002 -13"><span class='ocrx_word' id='word_1_1' title='bbox 763 222 919 262; x_wconf 82' lang='lat' dir='ltr'>LIBER</span> <span class='ocrx_word' id='word_1_2' title='bbox 958 221 1053 261; x_wconf 79' lang='lat'>111.-</span> <span class='ocrx_word' id='word_1_3' title='bbox 1078 221 1198 260; x_wconf 79' lang='lat' dir='ltr'>CAP.</span> <span class='ocrx_word' id='word_1_4' title='bbox 1239 219 1425 259; x_wconf 83' lang='lat' dir='ltr'>vam.</span> <span class='ocrx_word' id='word_1_5' title='bbox 1963 219 2061 273; x_wconf 73' lang='grc'>353</span> 
     </span>
    </p>
   </div>
   <div class='ocr_carea' id='block_1_2' title="bbox 116 319 2072 1040">
    <p class='ocr_par' dir='ltr' id='par_1_2' title="bbox 118 319 2071 515">
     <span class='ocr_line' id='line_1_2' title="bbox 120 319 2069 384; baseline -0.003 -16"><span class='ocrx_word' id='word_1_6' title='bbox 120 323 309 384; x_wconf 83' lang='lat' dir='ltr'>peditur,</span> <span class='ocrx_word' id='word_1_7' title='bbox 334 323 451 368; x_wconf 90' lang='lat' dir='ltr'>sicut</span> <span class='ocrx_word' id='word_1_8' title='bbox 476 322 752 381; x_wconf 81' lang='lat' dir='ltr'>phrenesim,</span> <span class='ocrx_word' id='word_1_9' title='bbox 780 333 824 366; x_wconf 89' lang='lat' dir='ltr'>et</span> <span class='ocrx_word' id='word_1_10' title='bbox 849 321 935 366; x_wconf 86' lang='lat' dir='ltr'>alia</span> <span class='ocrx_word' id='word_1_11' title='bbox 961 321 1239 379; x_wconf 90' lang='lat' dir='ltr'>hujusmodi,</span> <span class='ocrx_word' id='word_1_12' title='bbox 1268 320 1429 380; x_wconf 91' lang='lat' dir='ltr'>quibus</span> <span class='ocrx_word' id='word_1_13' title='bbox 1458 319 1702 379; x_wconf 85' lang='lat' dir='ltr'>impeditur</span> <span class='ocrx_word' id='word_1_14' title='bbox 1734 319 1923 363; x_wconf 83' lang='lat' dir='ltr'>rationis</span> <span class='ocrx_word' id='word_1_15' title='bbox 1948 333 2069 363; x_wconf 88' lang='lat' dir='ltr'>usus.</span> 
     </span>
     <span class='ocr_line' id='line_1_3' title="bbox 122 385 2071 447; baseline -0.003 -13"><span class='ocrx_word' id='word_1_16' title='bbox 122 390 314 447; x_wconf 88' lang='lat' dir='ltr'>Semper</span> <span class='ocrx_word' id='word_1_17' title='bbox 338 389 474 447; x_wconf 89' lang='lat' dir='ltr'>igitur</span> <span class='ocrx_word' id='word_1_18' title='bbox 498 387 600 431; x_wconf 90' lang='lat' dir='ltr'>talis</span> <span class='ocrx_word' id='word_1_19' title='bbox 628 386 818 431; x_wconf 83' lang='lat' dir='ltr'>felicitas</span> <span class='ocrx_word' id='word_1_20' title='bbox 851 388 1034 431; x_wconf 89' lang='lat' dir='ltr'>habebit</span> <span class='ocrx_word' id='word_1_21' title='bbox 1054 387 1283 432; x_wconf 87' lang='lat' dir='ltr'>tristitiam</span> <span class='ocrx_word' id='word_1_22' title='bbox 1310 385 1572 430; x_wconf 81' lang='lat' dir='ltr'>naturaliter</span> <span class='ocrx_word' id='word_1_23' title='bbox 1599 399 1850 430; x_wconf 81' lang='lat' dir='ltr'>annexam:</span> <span class='ocrx_word' id='word_1_24' title='bbox 1871 400 1967 429; x_wconf 90' lang='lat' dir='ltr'>non</span> <span class='ocrx_word' id='word_1_25' title='bbox 1988 385 2071 429; x_wconf 89' lang='lat' dir='ltr'>erit</span> 
     </span>
     <span class='ocr_line' id='line_1_4' title="bbox 118 452 710 515; baseline -0.007 -15"><span class='ocrx_word' id='word_1_26' title='bbox 118 455 256 515; x_wconf 75' lang='lat' dir='ltr'>igitur</span> <span class='ocrx_word' id='word_1_27' title='bbox 280 453 481 512; x_wconf 84' lang='lat' dir='ltr'>perfecta</span> <span class='ocrx_word' id='word_1_28' title='bbox 506 452 710 497; x_wconf 85' lang='lat' dir='ltr'>felicitas.</span> 
     </span>
    </p>

    <p class='ocr_par' dir='ltr' id='par_1_3' title="bbox 116 515 2072 1040">
     <span class='ocr_line' id='line_1_5' title="bbox 237 515 2070 578; baseline -0.003 -13"><span class='ocrx_word' id='word_1_29' title='bbox 237 520 395 565; x_wconf 87' lang='lat' dir='ltr'>Potest</span> <span class='ocrx_word' id='word_1_30' title='bbox 415 530 569 564; x_wconf 87' lang='lat' dir='ltr'>autem</span> <span class='ocrx_word' id='word_1_31' title='bbox 591 518 752 578; x_wconf 88' lang='lat' dir='ltr'>aliquis</span> <span class='ocrx_word' id='word_1_32' title='bbox 778 519 929 562; x_wconf 90' lang='lat' dir='ltr'>dicere</span> <span class='ocrx_word' id='word_1_33' title='bbox 955 518 1092 577; x_wconf 92' lang='lat' dir='ltr'>quod,</span> <span class='ocrx_word' id='word_1_34' title='bbox 1112 533 1218 562; x_wconf 89' lang='lat' dir='ltr'>cum</span> <span class='ocrx_word' id='word_1_35' title='bbox 1249 518 1442 563; x_wconf 83' lang='lat' dir='ltr'>felicitas</span> <span class='ocrx_word' id='word_1_36' title='bbox 1473 519 1530 562; x_wconf 90' lang='lat' dir='ltr'>sit</span> <span class='ocrx_word' id='word_1_37' title='bbox 1554 518 1725 562; x_wconf 90' lang='lat' dir='ltr'>bonum</span> <span class='ocrx_word' id='word_1_38' title='bbox 1751 515 2070 561; x_wconf 89' lang='lat' dir='ltr'>intellectualis</span> 
     </span>
     <span class='ocr_line' id='line_1_6' title="bbox 119 581 2071 644; baseline -0.002 -13"><span class='ocrx_word' id='word_1_39' title='bbox 119 595 321 639; x_wconf 81' lang='lat' dir='ltr'>naturae,</span> <span class='ocrx_word' id='word_1_40' title='bbox 343 584 541 644; x_wconf 85' lang='lat' dir='ltr'>perfecta</span> <span class='ocrx_word' id='word_1_41' title='bbox 567 595 612 629; x_wconf 89' lang='lat' dir='ltr'>et</span> <span class='ocrx_word' id='word_1_42' title='bbox 631 599 739 629; x_wconf 88' lang='lat' dir='ltr'>vera</span> <span class='ocrx_word' id='word_1_43' title='bbox 760 583 951 628; x_wconf 86' lang='lat' dir='ltr'>felicitas</span> <span class='ocrx_word' id='word_1_44' title='bbox 978 595 1046 628; x_wconf 91' lang='lat' dir='ltr'>est</span> <span class='ocrx_word' id='word_1_45' title='bbox 1066 581 1264 636; x_wconf 78' lang='lat' dir='ltr'>illorum,</span> <span class='ocrx_word' id='word_1_46' title='bbox 1296 585 1342 627; x_wconf 91' lang='lat' dir='ltr'>in</span> <span class='ocrx_word' id='word_1_47' title='bbox 1369 585 1530 642; x_wconf 89' lang='lat' dir='ltr'>quibus</span> <span class='ocrx_word' id='word_1_48' title='bbox 1558 595 1720 628; x_wconf 83' lang='lat' dir='ltr'>natura</span> <span class='ocrx_word' id='word_1_49' title='bbox 1752 582 2071 627; x_wconf 89' lang='lat' dir='ltr'>intellectualis</span> 
     </span>
     <span class='ocr_line' id='line_1_7' title="bbox 118 649 2072 711; baseline -0.002 -16"><span class='ocrx_word' id='word_1_50' title='bbox 118 650 317 711; x_wconf 92' lang='lat' dir='ltr'>perfecta</span> <span class='ocrx_word' id='word_1_51' title='bbox 346 651 581 707; x_wconf 88' lang='lat' dir='ltr'>invenitur,</span> <span class='ocrx_word' id='word_1_52' title='bbox 614 651 659 694; x_wconf 91' lang='lat' dir='ltr'>id</span> <span class='ocrx_word' id='word_1_53' title='bbox 685 660 753 694; x_wconf 89' lang='lat' dir='ltr'>est</span> <span class='ocrx_word' id='word_1_54' title='bbox 775 651 823 693; x_wconf 89' lang='lat' dir='ltr'>in</span> <span class='ocrx_word' id='word_1_55' title='bbox 849 651 1107 693; x_wconf 81' lang='lat' dir='ltr'>substantiis</span> <span class='ocrx_word' id='word_1_56' title='bbox 1129 650 1357 707; x_wconf 83' lang='lat' dir='ltr'>separatis.</span> <span class='ocrx_word' id='word_1_57' title='bbox 1385 651 1437 694; x_wconf 89' lang='lat' dir='ltr'>In</span> <span class='ocrx_word' id='word_1_58' title='bbox 1469 650 1733 694; x_wconf 87' lang='lat' dir='ltr'>hominibus</span> <span class='ocrx_word' id='word_1_59' title='bbox 1766 660 1920 693; x_wconf 90' lang='lat' dir='ltr'>autem</span> <span class='ocrx_word' id='word_1_60' title='bbox 1952 649 2072 692; x_wconf 86' lang='lat' dir='ltr'>inve-</span> 
     </span>
     <span class='ocr_line' id='line_1_8' title="bbox 116 715 2070 776; baseline -0.002 -15"><span class='ocrx_word' id='word_1_61' title='bbox 116 717 239 763; x_wconf 84' lang='lat' dir='ltr'>nitur</span> <span class='ocrx_word' id='word_1_62' title='bbox 268 716 534 776; x_wconf 89' lang='lat' dir='ltr'>imperfecta</span> <span class='ocrx_word' id='word_1_63' title='bbox 565 731 644 776; x_wconf 92' lang='lat' dir='ltr'>per</span> <span class='ocrx_word' id='word_1_64' title='bbox 676 716 866 760; x_wconf 91' lang='lat' dir='ltr'>modum</span> <span class='ocrx_word' id='word_1_65' title='bbox 901 717 1256 775; x_wconf 85' lang='lat' dir='ltr'>participationis</span> <span class='ocrx_word' id='word_1_66' title='bbox 1299 716 1550 773; x_wconf 87' lang='lat' dir='ltr'>cujusdam.</span> <span class='ocrx_word' id='word_1_67' title='bbox 1577 717 1650 760; x_wconf 86' lang='lat' dir='ltr'>Ad</span> <span class='ocrx_word' id='word_1_68' title='bbox 1676 716 1915 760; x_wconf 90' lang='lat' dir='ltr'>veritatem</span> <span class='ocrx_word' id='word_1_69' title='bbox 1948 715 2070 758; x_wconf 90' lang='lat' dir='ltr'>enim</span> 
     </span>
     <span class='ocr_line' id='line_1_9' title="bbox 118 780 2070 842; baseline -0.002 -15"><span class='ocrx_word' id='word_1_70' title='bbox 118 782 459 842; x_wconf 81' lang='lat' dir='ltr'>intelligendam</span> <span class='ocrx_word' id='word_1_71' title='bbox 491 783 638 842; x_wconf 85' lang='lat' dir='ltr'>plene,</span> <span class='ocrx_word' id='word_1_72' title='bbox 659 797 752 826; x_wconf 91' lang='lat' dir='ltr'>non</span> <span class='ocrx_word' id='word_1_73' title='bbox 779 783 862 826; x_wconf 90' lang='lat' dir='ltr'>nisi</span> <span class='ocrx_word' id='word_1_74' title='bbox 882 796 959 840; x_wconf 89' lang='lat' dir='ltr'>per</span> <span class='ocrx_word' id='word_1_75' title='bbox 986 782 1231 841; x_wconf 87' lang='lat' dir='ltr'>quemdam</span> <span class='ocrx_word' id='word_1_76' title='bbox 1263 782 1565 840; x_wconf 78' lang='lat' dir='ltr'>inquisitionis</span> <span class='ocrx_word' id='word_1_77' title='bbox 1593 782 1783 826; x_wconf 88' lang='lat' dir='ltr'>modum</span> <span class='ocrx_word' id='word_1_78' title='bbox 1815 780 2070 841; x_wconf 90' lang='lat' dir='ltr'>pertingere</span> 
     </span>
     <span class='ocr_line' id='line_1_10' title="bbox 119 848 2069 908; baseline -0.001 -14"><span class='ocrx_word' id='word_1_79' title='bbox 119 858 321 908; x_wconf 80' lang='lat' dir='ltr'>possunt,</span> <span class='ocrx_word' id='word_1_80' title='bbox 343 859 388 893; x_wconf 90' lang='lat' dir='ltr'>et</span> <span class='ocrx_word' id='word_1_81' title='bbox 404 850 459 894; x_wconf 89' lang='lat' dir='ltr'>ad</span> <span class='ocrx_word' id='word_1_82' title='bbox 481 863 534 892; x_wconf 89' lang='lat' dir='ltr'>ea</span> <span class='ocrx_word' id='word_1_83' title='bbox 561 863 676 908; x_wconf 91' lang='lat' dir='ltr'>quae</span> <span class='ocrx_word' id='word_1_84' title='bbox 701 858 805 893; x_wconf 90' lang='lat' dir='ltr'>sunt</span> <span class='ocrx_word' id='word_1_85' title='bbox 830 849 1081 893; x_wconf 89' lang='lat' dir='ltr'>secundum</span> <span class='ocrx_word' id='word_1_86' title='bbox 1107 858 1316 892; x_wconf 89' lang='lat' dir='ltr'>naturam</span> <span class='ocrx_word' id='word_1_87' title='bbox 1339 849 1536 892; x_wconf 84' lang='lat' dir='ltr'>maxime</span> <span class='ocrx_word' id='word_1_88' title='bbox 1562 849 1861 908; x_wconf 83' lang='lat' dir='ltr'>intelligibilia</span> <span class='ocrx_word' id='word_1_89' title='bbox 1878 848 2069 892; x_wconf 87' lang='lat' dir='ltr'>omnino</span> 
     </span>
     <span class='ocr_line' id='line_1_11' title="bbox 119 913 2071 973; baseline 0 -14"><span class='ocrx_word' id='word_1_90' title='bbox 119 914 348 969; x_wconf 81' lang='lat' dir='ltr'>deficiunt,</span> <span class='ocrx_word' id='word_1_91' title='bbox 374 915 492 959; x_wconf 88' lang='lat' dir='ltr'>sicut</span> <span class='ocrx_word' id='word_1_92' title='bbox 521 929 574 959; x_wconf 89' lang='lat' dir='ltr'>ex</span> <span class='ocrx_word' id='word_1_93' title='bbox 607 916 738 959; x_wconf 90' lang='lat' dir='ltr'>dictis</span> <span class='ocrx_word' id='word_1_94' title='bbox 769 917 830 973; x_wconf 84' lang='lat' dir='ltr'>(c.</span> <span class='ocrx_word' id='word_1_95' title='bbox 856 915 949 972; x_wconf 86' lang='lat'>45.)</span> <span class='ocrx_word' id='word_1_96' title='bbox 978 924 1112 973; x_wconf 88' lang='lat' dir='ltr'>patet.</span> <span class='ocrx_word' id='word_1_97' title='bbox 1153 913 1287 958; x_wconf 88' lang='lat' dir='ltr'>Unde</span> <span class='ocrx_word' id='word_1_98' title='bbox 1318 929 1403 958; x_wconf 91' lang='lat' dir='ltr'>nec</span> <span class='ocrx_word' id='word_1_99' title='bbox 1437 914 1628 959; x_wconf 88' lang='lat' dir='ltr'>felicitas</span> <span class='ocrx_word' id='word_1_100' title='bbox 1659 915 1912 960; x_wconf 89' lang='lat' dir='ltr'>secundum</span> <span class='ocrx_word' id='word_1_101' title='bbox 1939 928 2071 959; x_wconf 84' lang='lat' dir='ltr'>suam</span> 
     </span>
     <span class='ocr_line' id='line_1_12' title="bbox 118 980 2072 1040; baseline -0.001 -15"><span class='ocrx_word' id='word_1_102' title='bbox 118 980 366 1040; x_wconf 81' lang='lat' dir='ltr'>perfectam</span> <span class='ocrx_word' id='word_1_103' title='bbox 386 981 607 1025; x_wconf 86' lang='lat' dir='ltr'>rationem</span> <span class='ocrx_word' id='word_1_104' title='bbox 626 992 777 1039; x_wconf 90' lang='lat' dir='ltr'>potest</span> <span class='ocrx_word' id='word_1_105' title='bbox 802 982 1013 1025; x_wconf 89' lang='lat' dir='ltr'>omnibus</span> <span class='ocrx_word' id='word_1_106' title='bbox 1029 980 1291 1024; x_wconf 89' lang='lat' dir='ltr'>hominibus</span> <span class='ocrx_word' id='word_1_107' title='bbox 1319 981 1493 1034; x_wconf 84' lang='lat' dir='ltr'>adesse,</span> <span class='ocrx_word' id='word_1_108' title='bbox 1511 981 1588 1024; x_wconf 88' lang='lat' dir='ltr'>sed</span> <span class='ocrx_word' id='word_1_109' title='bbox 1616 981 1784 1040; x_wconf 83' lang='lat' dir='ltr'>ali&#39;quid</span> <span class='ocrx_word' id='word_1_110' title='bbox 1810 981 1950 1039; x_wconf 88' lang='lat' dir='ltr'>ipsius</span> <span class='ocrx_word' id='word_1_111' title='bbox 1975 994 2072 1040; x_wconf 89' lang='lat' dir='ltr'>par·</span> 
     </span>
    </p>
   </div>
   <div class='ocr_carea' id='block_1_3' title="bbox 0 1046 794 1106">
    <p class='ocr_par' dir='ltr' id='par_1_4' title="bbox 0 1046 794 1106">
     <span class='ocr_line' id='line_1_13' title="bbox 0 1046 794 1106; baseline -0.001 -14"><span class='ocrx_word' id='word_1_112' title='bbox 0 1082 7 1098; x_wconf 36' lang='grc' dir='ltr'>ι</span> <span class='ocrx_word' id='word_1_113' title='bbox 51 1070 56 1077; x_wconf 88' lang='grc'>·</span> <span class='ocrx_word' id='word_1_114' title='bbox 118 1046 308 1106; x_wconf 79' lang='lat' dir='ltr'>ticipant</span> <span class='ocrx_word' id='word_1_115' title='bbox 338 1047 477 1092; x_wconf 87' lang='lat' dir='ltr'>etiam</span> <span class='ocrx_word' id='word_1_116' title='bbox 503 1047 550 1091; x_wconf 89' lang='lat' dir='ltr'>in</span> <span class='ocrx_word' id='word_1_117' title='bbox 575 1047 663 1090; x_wconf 90' lang='lat' dir='ltr'>hac</span> <span class='ocrx_word' id='word_1_118' title='bbox 688 1049 794 1091; x_wconf 90' lang='lat' dir='ltr'>vita.</span> 
     </span>
    </p>
   </div>
   <div class='ocr_carea' id='block_1_4' title="bbox 0 2343 38 3854">
    <p class='ocr_par' dir='ltr' id='par_1_5' title="bbox 0 2343 38 3854">
     <span class='ocr_line' id='line_1_14' title="bbox 0 2343 38 3854; baseline 0 0"><span class='ocrx_word' id='word_1_119' title='bbox 0 2343 38 3854; x_wconf 95' lang='lat' dir='ltr'> </span> 
     </span>
    </p>
   </div>
   <div class='ocr_carea' id='block_1_5' title="bbox 116 1111 2079 3625">
    <p class='ocr_par' dir='ltr' id='par_1_6' title="bbox 118 1111 2072 1502">
     <span class='ocr_line' id='line_1_15' title="bbox 207 1111 2070 1172; baseline -0.001 -14"><span class='ocrx_word' id='word_1_120' title='bbox 207 1113 262 1158; x_wconf 88' lang='lat' dir='ltr'>Et</span> <span class='ocrx_word' id='word_1_121' title='bbox 273 1113 387 1158; x_wconf 80' lang='lat' dir='ltr'>haec</span> <span class='ocrx_word' id='word_1_122' title='bbox 399 1113 575 1158; x_wconf 90' lang='lat' dir='ltr'>videtur</span> <span class='ocrx_word' id='word_1_123' title='bbox 586 1113 722 1158; x_wconf 79' lang='lat' dir='ltr'>fuisse</span> <span class='ocrx_word' id='word_1_124' title='bbox 739 1114 959 1158; x_wconf 78' lang='lat' dir='ltr'>sententia</span> <span class='ocrx_word' id='word_1_125' title='bbox 972 1112 1230 1157; x_wconf 90' lang='lat' dir='ltr'>Aristotelis</span> <span class='ocrx_word' id='word_1_126' title='bbox 1247 1112 1302 1156; x_wconf 93' lang='lat' dir='ltr'>de</span> <span class='ocrx_word' id='word_1_127' title='bbox 1320 1111 1549 1165; x_wconf 89' lang='lat' dir='ltr'>felicitate,</span> <span class='ocrx_word' id='word_1_128' title='bbox 1564 1113 1682 1156; x_wconf 90' lang='lat' dir='ltr'>unde</span> <span class='ocrx_word' id='word_1_129' title='bbox 1698 1113 1741 1156; x_wconf 91' lang='lat' dir='ltr'>in</span> <span class='ocrx_word' id='word_1_130' title='bbox 1757 1115 1904 1172; x_wconf 84' lang='lat' dir='ltr'>primo</span> <span class='ocrx_word' id='word_1_131' title='bbox 1922 1112 2070 1156; x_wconf 89' lang='lat' dir='ltr'>Ethic.</span> 
     </span>
     <span class='ocr_line' id='line_1_16' title="bbox 118 1178 2072 1239; baseline -0.001 -15"><span class='ocrx_word' id='word_1_132' title='bbox 118 1181 182 1238; x_wconf 82' lang='lat' dir='ltr'>(c.</span> <span class='ocrx_word' id='word_1_133' title='bbox 199 1179 301 1237; x_wconf 73' lang='lat'>14),</span> <span class='ocrx_word' id='word_1_134' title='bbox 314 1178 390 1224; x_wconf 90' lang='lat' dir='ltr'>ubi</span> <span class='ocrx_word' id='word_1_135' title='bbox 400 1179 585 1239; x_wconf 87' lang='lat' dir='ltr'>inquirit</span> <span class='ocrx_word' id='word_1_136' title='bbox 598 1191 750 1223; x_wconf 90' lang='lat' dir='ltr'>utrum</span> <span class='ocrx_word' id='word_1_137' title='bbox 762 1179 1007 1224; x_wconf 89' lang='lat' dir='ltr'>infortunia</span> <span class='ocrx_word' id='word_1_138' title='bbox 1020 1178 1183 1223; x_wconf 90' lang='lat' dir='ltr'>tollant</span> <span class='ocrx_word' id='word_1_139' title='bbox 1191 1178 1468 1232; x_wconf 86' lang='lat' dir='ltr'>felicitatem,</span> <span class='ocrx_word' id='word_1_140' title='bbox 1482 1188 1665 1223; x_wconf 90' lang='lat' dir='ltr'>ostenso</span> <span class='ocrx_word' id='word_1_141' title='bbox 1678 1180 1798 1238; x_wconf 92' lang='lat' dir='ltr'>quod</span> <span class='ocrx_word' id='word_1_142' title='bbox 1812 1178 2002 1223; x_wconf 88' lang='lat' dir='ltr'>felicitas</span> <span class='ocrx_word' id='word_1_143' title='bbox 2014 1179 2072 1224; x_wconf 90' lang='lat' dir='ltr'>sit</span> 
     </span>
     <span class='ocr_line' id='line_1_17' title="bbox 119 1245 2070 1306; baseline -0.001 -15"><span class='ocrx_word' id='word_1_144' title='bbox 119 1247 165 1291; x_wconf 86' lang='lat' dir='ltr'>in</span> <span class='ocrx_word' id='word_1_145' title='bbox 187 1246 525 1305; x_wconf 84' lang='lat' dir='ltr'>operationibus</span> <span class='ocrx_word' id='word_1_146' title='bbox 547 1247 721 1297; x_wconf 88' lang='lat' dir='ltr'>virtutis</span> <span class='ocrx_word' id='word_1_147' title='bbox 743 1260 860 1306; x_wconf 86' lang='lat' dir='ltr'>quae</span> <span class='ocrx_word' id='word_1_148' title='bbox 877 1246 1075 1289; x_wconf 88' lang='lat' dir='ltr'>maxime</span> <span class='ocrx_word' id='word_1_149' title='bbox 1100 1255 1417 1304; x_wconf 86' lang='lat' dir='ltr'>permanentes</span> <span class='ocrx_word' id='word_1_150' title='bbox 1439 1246 1486 1288; x_wconf 87' lang='lat' dir='ltr'>in</span> <span class='ocrx_word' id='word_1_151' title='bbox 1511 1245 1597 1288; x_wconf 88' lang='lat' dir='ltr'>hac</span> <span class='ocrx_word' id='word_1_152' title='bbox 1615 1246 1707 1289; x_wconf 89' lang='lat' dir='ltr'>vita</span> <span class='ocrx_word' id='word_1_153' title='bbox 1730 1260 1827 1289; x_wconf 90' lang='lat' dir='ltr'>esse</span> <span class='ocrx_word' id='word_1_154' title='bbox 1848 1245 2070 1300; x_wconf 90' lang='lat' dir='ltr'>videntur,</span> 
     </span>
     <span class='ocr_line' id='line_1_18' title="bbox 120 1311 2069 1372; baseline -0.001 -15"><span class='ocrx_word' id='word_1_155' title='bbox 120 1313 352 1370; x_wconf 66' lang='lat' dir='ltr'>concludit</span> <span class='ocrx_word' id='word_1_156' title='bbox 374 1312 478 1357; x_wconf 89' lang='lat' dir='ltr'>illos</span> <span class='ocrx_word' id='word_1_157' title='bbox 509 1313 671 1372; x_wconf 89' lang='lat' dir='ltr'>quibus</span> <span class='ocrx_word' id='word_1_158' title='bbox 695 1313 796 1357; x_wconf 85' lang='lat' dir='ltr'>talis</span> <span class='ocrx_word' id='word_1_159' title='bbox 823 1311 1042 1371; x_wconf 89' lang='lat' dir='ltr'>perfectio</span> <span class='ocrx_word' id='word_1_160' title='bbox 1069 1313 1115 1355; x_wconf 91' lang='lat' dir='ltr'>in</span> <span class='ocrx_word' id='word_1_161' title='bbox 1147 1313 1232 1355; x_wconf 89' lang='lat' dir='ltr'>hac</span> <span class='ocrx_word' id='word_1_162' title='bbox 1274 1312 1367 1355; x_wconf 84' lang='lat' dir='ltr'>vita</span> <span class='ocrx_word' id='word_1_163' title='bbox 1402 1311 1586 1370; x_wconf 91' lang='lat' dir='ltr'>quidem</span> <span class='ocrx_word' id='word_1_164' title='bbox 1623 1312 1749 1355; x_wconf 90' lang='lat' dir='ltr'>adest</span> <span class='ocrx_word' id='word_1_165' title='bbox 1781 1325 1879 1356; x_wconf 88' lang='lat' dir='ltr'>esse</span> <span class='ocrx_word' id='word_1_166' title='bbox 1910 1312 2069 1355; x_wconf 87' lang='lat' dir='ltr'>beatos</span> 
     </span>
     <span class='ocr_line' id='line_1_19' title="bbox 119 1377 2069 1438; baseline 0.001 -17"><span class='ocrx_word' id='word_1_167' title='bbox 119 1387 167 1422; x_wconf 91' lang='lat' dir='ltr'>ut</span> <span class='ocrx_word' id='word_1_168' title='bbox 197 1378 425 1433; x_wconf 89' lang='lat' dir='ltr'>homines,</span> <span class='ocrx_word' id='word_1_169' title='bbox 458 1379 586 1438; x_wconf 91' lang='lat' dir='ltr'>quasi</span> <span class='ocrx_word' id='word_1_170' title='bbox 626 1393 719 1422; x_wconf 92' lang='lat' dir='ltr'>non</span> <span class='ocrx_word' id='word_1_171' title='bbox 754 1378 1018 1438; x_wconf 86' lang='lat' dir='ltr'>simpliciter</span> <span class='ocrx_word' id='word_1_172' title='bbox 1054 1378 1109 1421; x_wconf 91' lang='lat' dir='ltr'>ad</span> <span class='ocrx_word' id='word_1_173' title='bbox 1142 1377 1403 1421; x_wconf 87' lang='lat' dir='ltr'>felicitatem</span> <span class='ocrx_word' id='word_1_174' title='bbox 1447 1378 1768 1436; x_wconf 86' lang='lat' dir='ltr'>pertingentes,</span> <span class='ocrx_word' id='word_1_175' title='bbox 1810 1378 1889 1422; x_wconf 89' lang='lat' dir='ltr'>sed</span> <span class='ocrx_word' id='word_1_176' title='bbox 1928 1377 2069 1422; x_wconf 87' lang='lat' dir='ltr'>modo</span> 
     </span>
     <span class='ocr_line' id='line_1_20' title="bbox 119 1443 342 1502; baseline -0.004 -13"><span class='ocrx_word' id='word_1_177' title='bbox 119 1443 342 1502; x_wconf 72' lang='lat' dir='ltr'>hnmano.</span> 
     </span>
    </p>

    <p class='ocr_par' dir='ltr' id='par_1_7' title="bbox 117 1509 2079 2232">
     <span class='ocr_line' id='line_1_21' title="bbox 150 1509 2072 1571; baseline 0.002 -20"><span class='ocrx_word' id='word_1_178' title='bbox 150 1548 153 1551; x_wconf 86' lang='lat'>.</span> <span class='ocrx_word' id='word_1_179' title='bbox 210 1510 350 1564; x_wconf 87' lang='lat' dir='ltr'>Quod</span> <span class='ocrx_word' id='word_1_180' title='bbox 373 1523 526 1556; x_wconf 91' lang='lat' dir='ltr'>autem</span> <span class='ocrx_word' id='word_1_181' title='bbox 548 1511 776 1571; x_wconf 88' lang='lat' dir='ltr'>praedicta</span> <span class='ocrx_word' id='word_1_182' title='bbox 799 1510 1034 1569; x_wconf 89' lang='lat' dir='ltr'>responsio</span> <span class='ocrx_word' id='word_1_183' title='bbox 1061 1509 1258 1553; x_wconf 90' lang='lat' dir='ltr'>rationes</span> <span class='ocrx_word' id='word_1_184' title='bbox 1280 1510 1552 1568; x_wconf 89' lang='lat' dir='ltr'>praemissas</span> <span class='ocrx_word' id='word_1_185' title='bbox 1574 1524 1668 1554; x_wconf 88' lang='lat' dir='ltr'>non</span> <span class='ocrx_word' id='word_1_186' title='bbox 1694 1520 1898 1564; x_wconf 87' lang='lat' dir='ltr'>evacuet,</span> <span class='ocrx_word' id='word_1_187' title='bbox 1924 1521 2072 1555; x_wconf 87' lang='lat' dir='ltr'>osten-</span> 
     </span>
     <span class='ocr_line' id='line_1_22' title="bbox 118 1577 2069 1635; baseline -0.001 -13"><span class='ocrx_word' id='word_1_188' title='bbox 118 1577 317 1622; x_wconf 89' lang='lat' dir='ltr'>dendum</span> <span class='ocrx_word' id='word_1_189' title='bbox 345 1588 423 1622; x_wconf 91' lang='lat' dir='ltr'>est.</span> <span class='ocrx_word' id='word_1_190' title='bbox 444 1578 599 1621; x_wconf 90' lang='lat' dir='ltr'>Homo</span> <span class='ocrx_word' id='word_1_191' title='bbox 618 1578 755 1630; x_wconf 88' lang='lat' dir='ltr'>enim,</span> <span class='ocrx_word' id='word_1_192' title='bbox 782 1578 864 1621; x_wconf 90' lang='lat' dir='ltr'>etsi</span> <span class='ocrx_word' id='word_1_193' title='bbox 889 1587 1079 1620; x_wconf 88' lang='lat' dir='ltr'>naturae</span> <span class='ocrx_word' id='word_1_194' title='bbox 1098 1577 1255 1620; x_wconf 88' lang='lat' dir='ltr'>ordine</span> <span class='ocrx_word' id='word_1_195' title='bbox 1273 1577 1533 1620; x_wconf 87' lang='lat' dir='ltr'>substantiis</span> <span class='ocrx_word' id='word_1_196' title='bbox 1549 1577 1766 1635; x_wconf 88' lang='lat' dir='ltr'>separatis</span> <span class='ocrx_word' id='word_1_197' title='bbox 1788 1577 1845 1621; x_wconf 91' lang='lat' dir='ltr'>sit</span> <span class='ocrx_word' id='word_1_198' title='bbox 1868 1577 2069 1631; x_wconf 78' lang='lat' dir='ltr'>inferior,</span> 
     </span>
     <span class='ocr_line' id='line_1_23' title="bbox 120 1641 2069 1701; baseline -0.001 -13"><span class='ocrx_word' id='word_1_199' title='bbox 120 1644 333 1689; x_wconf 87' lang='lat' dir='ltr'>creaturis</span> <span class='ocrx_word' id='word_1_200' title='bbox 364 1654 517 1688; x_wconf 89' lang='lat' dir='ltr'>tamen</span> <span class='ocrx_word' id='word_1_201' title='bbox 549 1643 930 1688; x_wconf 87' lang='lat' dir='ltr'>irrationabilibus</span> <span class='ocrx_word' id='word_1_202' title='bbox 963 1643 1167 1700; x_wconf 89' lang='lat' dir='ltr'>superior</span> <span class='ocrx_word' id='word_1_203' title='bbox 1194 1652 1273 1686; x_wconf 92' lang='lat' dir='ltr'>est.</span> <span class='ocrx_word' id='word_1_204' title='bbox 1306 1641 1569 1686; x_wconf 88' lang='lat' dir='ltr'>Perfectiori</span> <span class='ocrx_word' id='word_1_205' title='bbox 1602 1643 1737 1701; x_wconf 88' lang='lat' dir='ltr'>igitur</span> <span class='ocrx_word' id='word_1_206' title='bbox 1768 1643 1909 1687; x_wconf 91' lang='lat' dir='ltr'>modo</span> <span class='ocrx_word' id='word_1_207' title='bbox 1935 1657 2069 1688; x_wconf 92' lang='lat' dir='ltr'>suum</span> 
     </span>
     <span class='ocr_line' id='line_1_24' title="bbox 121 1708 2071 1768; baseline 0 -14"><span class='ocrx_word' id='word_1_208' title='bbox 121 1709 259 1754; x_wconf 88' lang='lat' dir='ltr'>finem</span> <span class='ocrx_word' id='word_1_209' title='bbox 286 1710 496 1754; x_wconf 89' lang='lat' dir='ltr'>ultimum</span> <span class='ocrx_word' id='word_1_210' title='bbox 525 1720 829 1768; x_wconf 91' lang='lat' dir='ltr'>consequetur</span> <span class='ocrx_word' id='word_1_211' title='bbox 855 1724 992 1768; x_wconf 91' lang='lat' dir='ltr'>quam</span> <span class='ocrx_word' id='word_1_212' title='bbox 1018 1708 1109 1752; x_wconf 92' lang='lat' dir='ltr'>illa.</span> <span class='ocrx_word' id='word_1_213' title='bbox 1134 1708 1217 1752; x_wconf 88' lang='lat' dir='ltr'>Illa</span> <span class='ocrx_word' id='word_1_214' title='bbox 1238 1722 1348 1751; x_wconf 89' lang='lat' dir='ltr'>vero</span> <span class='ocrx_word' id='word_1_215' title='bbox 1372 1709 1436 1751; x_wconf 90' lang='lat' dir='ltr'>sic</span> <span class='ocrx_word' id='word_1_216' title='bbox 1464 1708 1660 1767; x_wconf 89' lang='lat' dir='ltr'>perfecte</span> <span class='ocrx_word' id='word_1_217' title='bbox 1686 1723 1819 1752; x_wconf 90' lang='lat' dir='ltr'>suum</span> <span class='ocrx_word' id='word_1_218' title='bbox 1848 1709 1986 1754; x_wconf 80' lang='lat' dir='ltr'>fine’m</span> <span class='ocrx_word' id='word_1_219' title='bbox 2009 1710 2071 1754; x_wconf 92' lang='lat' dir='ltr'>ul-</span> 
     </span>
     <span class='ocr_line' id='line_1_25' title="bbox 120 1772 2069 1835; baseline 0 -15"><span class='ocrx_word' id='word_1_220' title='bbox 120 1776 282 1820; x_wconf 91' lang='lat' dir='ltr'>timum</span> <span class='ocrx_word' id='word_1_221' title='bbox 311 1787 662 1835; x_wconf 88' lang='lat' dir='ltr'>consequuntur,</span> <span class='ocrx_word' id='word_1_222' title='bbox 690 1777 810 1834; x_wconf 93' lang='lat' dir='ltr'>quod</span> <span class='ocrx_word' id='word_1_223' title='bbox 836 1775 951 1819; x_wconf 90' lang='lat' dir='ltr'>nihil</span> <span class='ocrx_word' id='word_1_224' title='bbox 977 1772 1096 1818; x_wconf 75' lang='lat' dir='ltr'>aliud</span> <span class='ocrx_word' id='word_1_225' title='bbox 1130 1784 1366 1833; x_wconf 89' lang='lat' dir='ltr'>quaerunt.</span> <span class='ocrx_word' id='word_1_226' title='bbox 1396 1774 1546 1818; x_wconf 89' lang='lat' dir='ltr'>Grave</span> <span class='ocrx_word' id='word_1_227' title='bbox 1573 1775 1710 1827; x_wconf 88' lang='lat' dir='ltr'>enirn,</span> <span class='ocrx_word' id='word_1_228' title='bbox 1734 1789 1838 1819; x_wconf 90' lang='lat' dir='ltr'>cum</span> <span class='ocrx_word' id='word_1_229' title='bbox 1870 1775 2069 1820; x_wconf 86' lang='lat' dir='ltr'>fueritin</span> 
     </span>
     <span class='ocr_line' id='line_1_26' title="bbox 118 1840 2070 1902; baseline 0 -16"><span class='ocrx_word' id='word_1_230' title='bbox 118 1856 202 1887; x_wconf 91' lang='lat' dir='ltr'>suo</span> <span class='ocrx_word' id='word_1_231' title='bbox 234 1843 323 1897; x_wconf 90' lang='lat' dir='ltr'>ubi,</span> <span class='ocrx_word' id='word_1_232' title='bbox 349 1843 552 1902; x_wconf 89' lang='lat' dir='ltr'>quiescit.</span> <span class='ocrx_word' id='word_1_233' title='bbox 580 1841 812 1886; x_wconf 90' lang='lat' dir='ltr'>Animalia</span> <span class='ocrx_word' id='word_1_234' title='bbox 835 1843 988 1897; x_wconf 86' lang='lat' dir='ltr'>etiam,</span> <span class='ocrx_word' id='word_1_235' title='bbox 1017 1856 1121 1884; x_wconf 91' lang='lat' dir='ltr'>cum</span> <span class='ocrx_word' id='word_1_236' title='bbox 1148 1840 1387 1884; x_wconf 90' lang='lat' dir='ltr'>fruuntuur</span> <span class='ocrx_word' id='word_1_237' title='bbox 1414 1841 1788 1885; x_wconf 89' lang='lat' dir='ltr'>delectationibus</span> <span class='ocrx_word' id='word_1_238' title='bbox 1819 1843 2070 1886; x_wconf 90' lang='lat' dir='ltr'>secundum</span> 
     </span>
     <span class='ocr_line' id='line_1_27' title="bbox 118 1905 2070 1966; baseline 0.001 -14"><span class='ocrx_word' id='word_1_239' title='bbox 118 1919 318 1962; x_wconf 86' lang='lat' dir='ltr'>sensum,</span> <span class='ocrx_word' id='word_1_240' title='bbox 349 1919 510 1953; x_wconf 86' lang='lat' dir='ltr'>eorum</span> <span class='ocrx_word' id='word_1_241' title='bbox 542 1905 747 1952; x_wconf 83' lang='lat' dir='ltr'>naturale</span> <span class='ocrx_word' id='word_1_242' title='bbox 775 1908 1046 1952; x_wconf 89' lang='lat' dir='ltr'>desiderium</span> <span class='ocrx_word' id='word_1_243' title='bbox 1074 1907 1310 1966; x_wconf 89' lang='lat' dir='ltr'>quietatur.</span> <span class='ocrx_word' id='word_1_244' title='bbox 1340 1907 1537 1964; x_wconf 91' lang='lat' dir='ltr'>Oportet</span> <span class='ocrx_word' id='word_1_245' title='bbox 1567 1907 1703 1966; x_wconf 87' lang='lat' dir='ltr'>igitur</span> <span class='ocrx_word' id='word_1_246' title='bbox 1733 1907 1880 1952; x_wconf 89' lang='lat' dir='ltr'>multo</span> <span class='ocrx_word' id='word_1_247' title='bbox 1911 1907 2070 1954; x_wconf 89' lang='lat' dir='ltr'>fortius</span> 
     </span>
     <span class='ocr_line' id='line_1_28' title="bbox 117 1972 2070 2034; baseline 0.002 -17"><span class='ocrx_word' id='word_1_248' title='bbox 117 1974 254 2034; x_wconf 91' lang='lat' dir='ltr'>quod,</span> <span class='ocrx_word' id='word_1_249' title='bbox 273 1988 378 2018; x_wconf 90' lang='lat' dir='ltr'>cum</span> <span class='ocrx_word' id='word_1_250' title='bbox 409 1974 554 2018; x_wconf 92' lang='lat' dir='ltr'>homo</span> <span class='ocrx_word' id='word_1_251' title='bbox 587 1975 839 2032; x_wconf 87' lang='lat' dir='ltr'>pervenerit</span> <span class='ocrx_word' id='word_1_252' title='bbox 865 1974 919 2017; x_wconf 82' lang='lat' dir='ltr'>ad</span> <span class='ocrx_word' id='word_1_253' title='bbox 953 1986 1086 2018; x_wconf 90' lang='lat' dir='ltr'>suum</span> <span class='ocrx_word' id='word_1_254' title='bbox 1113 1972 1251 2016; x_wconf 90' lang='lat' dir='ltr'>finem</span> <span class='ocrx_word' id='word_1_255' title='bbox 1283 1972 1509 2027; x_wconf 86' lang='lat' dir='ltr'>ultimum,</span> <span class='ocrx_word' id='word_1_256' title='bbox 1535 1973 1739 2018; x_wconf 89' lang='lat' dir='ltr'>naturale</span> <span class='ocrx_word' id='word_1_257' title='bbox 1773 1976 1868 2032; x_wconf 86' lang='lat' dir='ltr'>ejus</span> <span class='ocrx_word' id='word_1_258' title='bbox 1900 1975 2070 2020; x_wconf 90' lang='lat' dir='ltr'>deside-</span> 
     </span>
     <span class='ocr_line' id='line_1_29' title="bbox 118 2039 2070 2100; baseline 0.001 -16"><span class='ocrx_word' id='word_1_259' title='bbox 118 2041 235 2085; x_wconf 90' lang='lat' dir='ltr'>rium</span> <span class='ocrx_word' id='word_1_260' title='bbox 261 2041 497 2100; x_wconf 87' lang='lat' dir='ltr'>quietetur.</span> <span class='ocrx_word' id='word_1_261' title='bbox 525 2041 614 2085; x_wconf 91' lang='lat' dir='ltr'>Sed</span> <span class='ocrx_word' id='word_1_262' title='bbox 641 2041 730 2085; x_wconf 91' lang='lat' dir='ltr'>hoc</span> <span class='ocrx_word' id='word_1_263' title='bbox 763 2055 856 2084; x_wconf 89' lang='lat' dir='ltr'>non</span> <span class='ocrx_word' id='word_1_264' title='bbox 884 2050 1032 2097; x_wconf 90' lang='lat' dir='ltr'>potest</span> <span class='ocrx_word' id='word_1_265' title='bbox 1057 2039 1154 2083; x_wconf 90' lang='lat' dir='ltr'>fieri</span> <span class='ocrx_word' id='word_1_266' title='bbox 1179 2040 1224 2082; x_wconf 90' lang='lat' dir='ltr'>in</span> <span class='ocrx_word' id='word_1_267' title='bbox 1257 2040 1349 2082; x_wconf 86' lang='lat' dir='ltr'>vita</span> <span class='ocrx_word' id='word_1_268' title='bbox 1386 2041 1484 2084; x_wconf 88' lang='lat' dir='ltr'>ista.</span> <span class='ocrx_word' id='word_1_269' title='bbox 1521 2039 1641 2098; x_wconf 89' lang='lat' dir='ltr'>Ergo</span> <span class='ocrx_word' id='word_1_270' title='bbox 1669 2041 1813 2084; x_wconf 92' lang='lat' dir='ltr'>homo</span> <span class='ocrx_word' id='word_1_271' title='bbox 1845 2054 1939 2085; x_wconf 91' lang='lat' dir='ltr'>non</span> <span class='ocrx_word' id='word_1_272' title='bbox 1966 2056 2070 2086; x_wconf 93' lang='lat' dir='ltr'>con-</span> 
     </span>
     <span class='ocr_line' id='line_1_30' title="bbox 118 2105 2068 2165; baseline 0.001 -14"><span class='ocrx_word' id='word_1_273' title='bbox 118 2107 318 2165; x_wconf 89' lang='lat' dir='ltr'>sequitur</span> <span class='ocrx_word' id='word_1_274' title='bbox 343 2106 607 2151; x_wconf 88' lang='lat' dir='ltr'>felicitatem</span> <span class='ocrx_word' id='word_1_275' title='bbox 633 2116 766 2165; x_wconf 93' lang='lat' dir='ltr'>prout</span> <span class='ocrx_word' id='word_1_276' title='bbox 789 2116 856 2150; x_wconf 85' lang='lat' dir='ltr'>est</span> <span class='ocrx_word' id='word_1_277' title='bbox 876 2105 976 2150; x_wconf 88' lang='lat' dir='ltr'>finis</span> <span class='ocrx_word' id='word_1_278' title='bbox 1003 2106 1209 2164; x_wconf 91' lang='lat' dir='ltr'>proprius</span> <span class='ocrx_word' id='word_1_279' title='bbox 1232 2107 1326 2163; x_wconf 85' lang='lat' dir='ltr'>ejus</span> <span class='ocrx_word' id='word_1_280' title='bbox 1353 2105 1398 2148; x_wconf 93' lang='lat' dir='ltr'>in</span> <span class='ocrx_word' id='word_1_281' title='bbox 1420 2106 1506 2149; x_wconf 90' lang='lat' dir='ltr'>hac</span> <span class='ocrx_word' id='word_1_282' title='bbox 1528 2106 1634 2160; x_wconf 91' lang='lat' dir='ltr'>vita,</span> <span class='ocrx_word' id='word_1_283' title='bbox 1658 2117 1706 2150; x_wconf 90' lang='lat' dir='ltr'>ut</span> <span class='ocrx_word' id='word_1_284' title='bbox 1727 2117 1963 2151; x_wconf 89' lang='lat' dir='ltr'>ostensum</span> <span class='ocrx_word' id='word_1_285' title='bbox 1989 2118 2068 2153; x_wconf 88' lang='lat' dir='ltr'>est.</span> 
     </span>
     <span class='ocr_line' id='line_1_31' title="bbox 120 2170 2079 2232; baseline -0.002 -14"><span class='ocrx_word' id='word_1_286' title='bbox 120 2173 318 2231; x_wconf 85' lang='lat' dir='ltr'>Oportet</span> <span class='ocrx_word' id='word_1_287' title='bbox 341 2187 452 2231; x_wconf 87' lang='lat' dir='ltr'>ergo</span> <span class='ocrx_word' id='word_1_288' title='bbox 479 2173 601 2232; x_wconf 89' lang='lat' dir='ltr'>quod</span> <span class='ocrx_word' id='word_1_289' title='bbox 630 2182 933 2231; x_wconf 87' lang='lat' dir='ltr'>consequatur</span> <span class='ocrx_word' id='word_1_290' title='bbox 965 2182 1068 2230; x_wconf 92' lang='lat' dir='ltr'>post</span> <span class='ocrx_word' id='word_1_291' title='bbox 1092 2172 1211 2217; x_wconf 88' lang='lat' dir='ltr'>hanc</span> <span class='ocrx_word' id='word_1_292' title='bbox 1242 2172 1398 2216; x_wconf 86' lang='lat' dir='ltr'>vitam.</span> <span class='ocrx_word' id='word_1_293' title='bbox 2075 2170 2079 2175; x_wconf 86' lang='grc'><em>’</em></span> 
     </span>
    </p>

    <p class='ocr_par' dir='ltr' id='par_1_8' title="bbox 116 2238 2070 2563">
     <span class='ocr_line' id='line_1_32' title="bbox 206 2238 2070 2298; baseline 0.001 -15"><span class='ocrx_word' id='word_1_294' title='bbox 206 2239 393 2284; x_wconf 85' lang='lat' dir='ltr'>Adhuc:</span> <span class='ocrx_word' id='word_1_295' title='bbox 420 2238 700 2298; x_wconf 86' lang='lat' dir='ltr'>impossibile</span> <span class='ocrx_word' id='word_1_296' title='bbox 718 2249 786 2283; x_wconf 90' lang='lat' dir='ltr'>est</span> <span class='ocrx_word' id='word_1_297' title='bbox 801 2238 1006 2283; x_wconf 86' lang='lat' dir='ltr'>naturale</span> <span class='ocrx_word' id='word_1_298' title='bbox 1023 2238 1296 2282; x_wconf 86' lang='lat' dir='ltr'>desiderium</span> <span class='ocrx_word' id='word_1_299' title='bbox 1313 2252 1411 2282; x_wconf 89' lang='lat' dir='ltr'>esse</span> <span class='ocrx_word' id='word_1_300' title='bbox 1435 2239 1594 2292; x_wconf 86' lang='lat' dir='ltr'>inane3</span> <span class='ocrx_word' id='word_1_301' title='bbox 1619 2249 1781 2283; x_wconf 87' lang='lat' dir='ltr'>natura</span> <span class='ocrx_word' id='word_1_302' title='bbox 1807 2240 1931 2284; x_wconf 86' lang='lat' dir='ltr'>enim</span> <span class='ocrx_word' id='word_1_303' title='bbox 1956 2241 2070 2286; x_wconf 88' lang='lat' dir='ltr'>nihil</span> 
     </span>
     <span class='ocr_line' id='line_1_33' title="bbox 117 2303 2070 2364; baseline 0.002 -15"><span class='ocrx_word' id='word_1_304' title='bbox 117 2303 232 2351; x_wconf 77' lang='lat' dir='ltr'>facit</span> <span class='ocrx_word' id='word_1_305' title='bbox 254 2304 431 2350; x_wconf 85' lang='lat' dir='ltr'>frustra.</span> <span class='ocrx_word' id='word_1_306' title='bbox 463 2305 594 2350; x_wconf 83' lang='lat' dir='ltr'>Esset</span> <span class='ocrx_word' id='word_1_307' title='bbox 620 2315 770 2350; x_wconf 89' lang='lat' dir='ltr'>autem</span> <span class='ocrx_word' id='word_1_308' title='bbox 797 2305 931 2349; x_wconf 87' lang='lat' dir='ltr'>inane</span> <span class='ocrx_word' id='word_1_309' title='bbox 958 2304 1233 2348; x_wconf 88' lang='lat' dir='ltr'>desiderium</span> <span class='ocrx_word' id='word_1_310' title='bbox 1257 2314 1444 2349; x_wconf 88' lang='lat' dir='ltr'>naturae</span> <span class='ocrx_word' id='word_1_311' title='bbox 1478 2305 1516 2348; x_wconf 90' lang='lat' dir='ltr'>si</span> <span class='ocrx_word' id='word_1_312' title='bbox 1551 2320 1786 2364; x_wconf 88' lang='lat' dir='ltr'>nunquam</span> <span class='ocrx_word' id='word_1_313' title='bbox 1812 2318 1965 2364; x_wconf 90' lang='lat' dir='ltr'>posset</span> <span class='ocrx_word' id='word_1_314' title='bbox 1989 2308 2070 2352; x_wconf 90' lang='lat' dir='ltr'>im·</span> 
     </span>
     <span class='ocr_line' id='line_1_34' title="bbox 117 2370 2068 2431; baseline 0.001 -15"><span class='ocrx_word' id='word_1_315' title='bbox 117 2370 244 2430; x_wconf 73' lang='lat' dir='ltr'>pleri.</span> <span class='ocrx_word' id='word_1_316' title='bbox 270 2371 350 2416; x_wconf 82' lang='lat' dir='ltr'>Est</span> <span class='ocrx_word' id='word_1_317' title='bbox 372 2371 511 2430; x_wconf 85' lang='lat' dir='ltr'>igitur</span> <span class='ocrx_word' id='word_1_318' title='bbox 535 2371 768 2431; x_wconf 90' lang='lat' dir='ltr'>implebile</span> <span class='ocrx_word' id='word_1_319' title='bbox 793 2371 1069 2416; x_wconf 88' lang='lat' dir='ltr'>desiderium</span> <span class='ocrx_word' id='word_1_320' title='bbox 1099 2371 1304 2415; x_wconf 85' lang='lat' dir='ltr'>naturale</span> <span class='ocrx_word' id='word_1_321' title='bbox 1330 2371 1546 2415; x_wconf 89' lang='lat' dir='ltr'>hominis.</span> <span class='ocrx_word' id='word_1_322' title='bbox 1582 2372 1688 2415; x_wconf 93' lang='lat' dir='ltr'>Non</span> <span class='ocrx_word' id='word_1_323' title='bbox 1724 2383 1877 2417; x_wconf 89' lang='lat' dir='ltr'>autem</span> <span class='ocrx_word' id='word_1_324' title='bbox 1908 2374 1955 2417; x_wconf 90' lang='lat' dir='ltr'>in</span> <span class='ocrx_word' id='word_1_325' title='bbox 1981 2374 2068 2418; x_wconf 88' lang='lat' dir='ltr'>hac</span> 
     </span>
     <span class='ocr_line' id='line_1_35' title="bbox 116 2437 2070 2496; baseline 0.001 -13"><span class='ocrx_word' id='word_1_326' title='bbox 116 2437 223 2491; x_wconf 74' lang='lat' dir='ltr'>vita,</span> <span class='ocrx_word' id='word_1_327' title='bbox 253 2447 304 2482; x_wconf 90' lang='lat' dir='ltr'>ut</span> <span class='ocrx_word' id='word_1_328' title='bbox 327 2447 560 2483; x_wconf 84' lang='lat' dir='ltr'>ostensum</span> <span class='ocrx_word' id='word_1_329' title='bbox 593 2448 673 2483; x_wconf 84' lang='lat' dir='ltr'>est.</span> <span class='ocrx_word' id='word_1_330' title='bbox 709 2437 904 2496; x_wconf 91' lang='lat' dir='ltr'>Oportet</span> <span class='ocrx_word' id='word_1_331' title='bbox 934 2437 1071 2496; x_wconf 87' lang='lat' dir='ltr'>igitur</span> <span class='ocrx_word' id='word_1_332' title='bbox 1104 2442 1225 2495; x_wconf 88' lang='lat' dir='ltr'>quod</span> <span class='ocrx_word' id='word_1_333' title='bbox 1256 2437 1499 2496; x_wconf 87' lang='lat' dir='ltr'>impleatur</span> <span class='ocrx_word' id='word_1_334' title='bbox 1530 2448 1633 2496; x_wconf 88' lang='lat' dir='ltr'>post</span> <span class='ocrx_word' id='word_1_335' title='bbox 1658 2439 1775 2482; x_wconf 91' lang='lat' dir='ltr'>hanc</span> <span class='ocrx_word' id='word_1_336' title='bbox 1802 2440 1956 2484; x_wconf 88' lang='lat' dir='ltr'>vitam.</span> <span class='ocrx_word' id='word_1_337' title='bbox 1990 2441 2070 2485; x_wconf 89' lang='lat' dir='ltr'>Est</span> 
     </span>
     <span class='ocr_line' id='line_1_36' title="bbox 116 2503 1341 2563; baseline 0 -15"><span class='ocrx_word' id='word_1_338' title='bbox 116 2503 252 2563; x_wconf 76' lang='lat' dir='ltr'>igitur</span> <span class='ocrx_word' id='word_1_339' title='bbox 282 2503 473 2549; x_wconf 86' lang='lat' dir='ltr'>felicitas</span> <span class='ocrx_word' id='word_1_340' title='bbox 499 2504 658 2548; x_wconf 90' lang='lat' dir='ltr'>ultima</span> <span class='ocrx_word' id='word_1_341' title='bbox 683 2504 883 2548; x_wconf 90' lang='lat' dir='ltr'>hominis</span> <span class='ocrx_word' id='word_1_342' title='bbox 915 2514 1018 2563; x_wconf 90' lang='lat' dir='ltr'>post</span> <span class='ocrx_word' id='word_1_343' title='bbox 1042 2504 1161 2548; x_wconf 89' lang='lat' dir='ltr'>hanc</span> <span class='ocrx_word' id='word_1_344' title='bbox 1184 2505 1341 2548; x_wconf 91' lang='lat' dir='ltr'>vitam.</span> 
     </span>
    </p>

    <p class='ocr_par' dir='ltr' id='par_1_9' title="bbox 116 2569 2069 3225">
     <span class='ocr_line' id='line_1_37' title="bbox 205 2569 2069 2629; baseline 0.002 -15"><span class='ocrx_word' id='word_1_345' title='bbox 205 2570 442 2629; x_wconf 81' lang='lat' dir='ltr'>Amplius:</span> <span class='ocrx_word' id='word_1_346' title='bbox 467 2570 684 2629; x_wconf 89' lang='lat' dir='ltr'>quamdiu</span> <span class='ocrx_word' id='word_1_347' title='bbox 717 2570 886 2629; x_wconf 86' lang='lat' dir='ltr'>aliquid</span> <span class='ocrx_word' id='word_1_348' title='bbox 913 2580 1123 2614; x_wconf 84' lang='lat' dir='ltr'>movetur</span> <span class='ocrx_word' id='word_1_349' title='bbox 1156 2570 1210 2613; x_wconf 90' lang='lat' dir='ltr'>ad</span> <span class='ocrx_word' id='word_1_350' title='bbox 1237 2569 1581 2628; x_wconf 90' lang='lat' dir='ltr'>perfectionem,</span> <span class='ocrx_word' id='word_1_351' title='bbox 1607 2571 1817 2615; x_wconf 88' lang='lat' dir='ltr'>nondum</span> <span class='ocrx_word' id='word_1_352' title='bbox 1842 2582 1908 2617; x_wconf 89' lang='lat' dir='ltr'>est</span> <span class='ocrx_word' id='word_1_353' title='bbox 1933 2573 1981 2617; x_wconf 90' lang='lat' dir='ltr'>in</span> <span class='ocrx_word' id='word_1_354' title='bbox 2006 2573 2069 2618; x_wconf 93' lang='lat' dir='ltr'>ul-</span> 
     </span>
     <span class='ocr_line' id='line_1_38' title="bbox 116 2636 2069 2695; baseline 0.002 -14"><span class='ocrx_word' id='word_1_355' title='bbox 116 2636 230 2681; x_wconf 87' lang='lat' dir='ltr'>timo</span> <span class='ocrx_word' id='word_1_356' title='bbox 256 2636 361 2680; x_wconf 84' lang='lat' dir='ltr'>fine.</span> <span class='ocrx_word' id='word_1_357' title='bbox 388 2637 482 2682; x_wconf 86' lang='lat' dir='ltr'>Sed·</span> <span class='ocrx_word' id='word_1_358' title='bbox 517 2649 679 2682; x_wconf 89' lang='lat' dir='ltr'>omnes</span> <span class='ocrx_word' id='word_1_359' title='bbox 701 2637 914 2681; x_wconf 86' lang='lat' dir='ltr'>homines</span> <span class='ocrx_word' id='word_1_360' title='bbox 935 2637 982 2679; x_wconf 90' lang='lat' dir='ltr'>in</span> <span class='ocrx_word' id='word_1_361' title='bbox 1005 2637 1331 2694; x_wconf 87' lang='lat' dir='ltr'>cognoscendo</span> <span class='ocrx_word' id='word_1_362' title='bbox 1364 2637 1602 2680; x_wconf 88' lang='lat' dir='ltr'>veritatem</span> <span class='ocrx_word' id='word_1_363' title='bbox 1629 2651 1809 2695; x_wconf 90' lang='lat' dir='ltr'>semper</span> <span class='ocrx_word' id='word_1_364' title='bbox 1829 2652 1878 2683; x_wconf 86' lang='lat' dir='ltr'>se</span> <span class='ocrx_word' id='word_1_365' title='bbox 1900 2639 2069 2684; x_wconf 89' lang='lat' dir='ltr'>habent</span> 
     </span>
     <span class='ocr_line' id='line_1_39' title="bbox 117 2701 2068 2763; baseline 0.001 -16"><span class='ocrx_word' id='word_1_366' title='bbox 117 2711 169 2747; x_wconf 77' lang='lat' dir='ltr'>ut</span> <span class='ocrx_word' id='word_1_367' title='bbox 195 2704 309 2747; x_wconf 79' lang='lat' dir='ltr'>moti</span> <span class='ocrx_word' id='word_1_368' title='bbox 335 2713 378 2748; x_wconf 92' lang='lat' dir='ltr'>et</span> <span class='ocrx_word' id='word_1_369' title='bbox 403 2703 638 2748; x_wconf 87' lang='lat' dir='ltr'>tendentes</span> <span class='ocrx_word' id='word_1_370' title='bbox 670 2703 725 2747; x_wconf 89' lang='lat' dir='ltr'>ad</span> <span class='ocrx_word' id='word_1_371' title='bbox 751 2701 1092 2762; x_wconf 89' lang='lat' dir='ltr'>perfectionem,</span> <span class='ocrx_word' id='word_1_372' title='bbox 1120 2702 1226 2760; x_wconf 88' lang='lat' dir='ltr'>quia</span> <span class='ocrx_word' id='word_1_373' title='bbox 1255 2702 1323 2745; x_wconf 84' lang='lat' dir='ltr'>illi</span> <span class='ocrx_word' id='word_1_374' title='bbox 1349 2703 1426 2760; x_wconf 91' lang='lat' dir='ltr'>qui</span> <span class='ocrx_word' id='word_1_375' title='bbox 1457 2713 1718 2760; x_wconf 88' lang='lat' dir='ltr'>sequuntur,</span> <span class='ocrx_word' id='word_1_376' title='bbox 1744 2718 1924 2763; x_wconf 86' lang='lat' dir='ltr'>semper</span> <span class='ocrx_word' id='word_1_377' title='bbox 1948 2706 2068 2750; x_wconf 91' lang='lat' dir='ltr'>inve-</span> 
     </span>
     <span class='ocr_line' id='line_1_40' title="bbox 116 2768 2064 2827; baseline 0.002 -14"><span class='ocrx_word' id='word_1_378' title='bbox 116 2769 247 2814; x_wconf 77' lang='lat' dir='ltr'>niunt</span> <span class='ocrx_word' id='word_1_379' title='bbox 271 2769 358 2817; x_wconf 78' lang='lat' dir='ltr'>alia</span> <span class='ocrx_word' id='word_1_380' title='bbox 384 2769 438 2812; x_wconf 90' lang='lat' dir='ltr'>ab</span> <span class='ocrx_word' id='word_1_381' title='bbox 465 2768 552 2812; x_wconf 83' lang='lat' dir='ltr'>ilh‘s</span> <span class='ocrx_word' id='word_1_382' title='bbox 585 2782 700 2827; x_wconf 89' lang='lat' dir='ltr'>quae</span> <span class='ocrx_word' id='word_1_383' title='bbox 727 2782 753 2812; x_wconf 89' lang='lat' dir='ltr'>a</span> <span class='ocrx_word' id='word_1_384' title='bbox 785 2769 1007 2825; x_wconf 86' lang='lat' dir='ltr'>prioribus</span> <span class='ocrx_word' id='word_1_385' title='bbox 1043 2778 1147 2812; x_wconf 85' lang='lat' dir='ltr'>sunt</span> <span class='ocrx_word' id='word_1_386' title='bbox 1171 2768 1369 2822; x_wconf 75' lang='lat' dir='ltr'>inventa,</span> <span class='ocrx_word' id='word_1_387' title='bbox 1402 2769 1518 2812; x_wconf 86' lang='lat' dir='ltr'>sicut</span> <span class='ocrx_word' id='word_1_388' title='bbox 1554 2769 1693 2813; x_wconf 89' lang='lat' dir='ltr'>etiarn</span> <span class='ocrx_word' id='word_1_389' title='bbox 1731 2770 1893 2814; x_wconf 90' lang='lat' dir='ltr'>dicitur</span> <span class='ocrx_word' id='word_1_390' title='bbox 1917 2771 1965 2815; x_wconf 91' lang='lat' dir='ltr'>in</span> <span class='ocrx_word' id='word_1_391' title='bbox 1996 2786 2064 2816; x_wconf 90' lang='lat' dir='ltr'>se-</span> 
     </span>
     <span class='ocr_line' id='line_1_41' title="bbox 118 2834 2067 2894; baseline 0.003 -16"><span class='ocrx_word' id='word_1_392' title='bbox 118 2835 274 2879; x_wconf 87' lang='lat' dir='ltr'>cundo</span> <span class='ocrx_word' id='word_1_393' title='bbox 301 2835 501 2893; x_wconf 89' lang='lat' dir='ltr'>Metaph.</span> <span class='ocrx_word' id='word_1_394' title='bbox 528 2835 579 2892; x_wconf 89' lang='lat' dir='ltr'>(t.</span> <span class='ocrx_word' id='word_1_395' title='bbox 600 2849 638 2879; x_wconf 91' lang='lat' dir='ltr'>c.</span> <span class='ocrx_word' id='word_1_396' title='bbox 666 2835 738 2891; x_wconf 65' lang='grc'>1.).</span> <span class='ocrx_word' id='word_1_397' title='bbox 771 2834 879 2878; x_wconf 88' lang='lat' dir='ltr'>Non</span> <span class='ocrx_word' id='word_1_398' title='bbox 909 2834 1046 2892; x_wconf 87' lang='lat' dir='ltr'>igitur</span> <span class='ocrx_word' id='word_1_399' title='bbox 1077 2834 1288 2894; x_wconf 74' lang='lat' dir='ltr'>homines</span> <span class='ocrx_word' id='word_1_400' title='bbox 1320 2834 1367 2878; x_wconf 90' lang='lat' dir='ltr'>in</span> <span class='ocrx_word' id='word_1_401' title='bbox 1394 2835 1658 2892; x_wconf 86' lang='lat' dir='ltr'>cognitione</span> <span class='ocrx_word' id='word_1_402' title='bbox 1689 2836 1893 2880; x_wconf 87' lang='lat' dir='ltr'>veritatis</span> <span class='ocrx_word' id='word_1_403' title='bbox 1921 2838 1985 2881; x_wconf 88' lang='lat' dir='ltr'>sic</span> <span class='ocrx_word' id='word_1_404' title='bbox 2018 2853 2067 2883; x_wconf 91' lang='lat' dir='ltr'>se</span> 
     </span>
     <span class='ocr_line' id='line_1_42' title="bbox 117 2901 2067 2965; baseline 0.002 -20"><span class='ocrx_word' id='word_1_405' title='bbox 117 2901 286 2946; x_wconf 75' lang='lat' dir='ltr'>habent</span> <span class='ocrx_word' id='word_1_406' title='bbox 310 2903 437 2960; x_wconf 88' lang='lat' dir='ltr'>quasi</span> <span class='ocrx_word' id='word_1_407' title='bbox 461 2902 508 2965; x_wconf 80' lang='lat' dir='ltr'>in</span> <span class='ocrx_word' id='word_1_408' title='bbox 534 2901 696 2945; x_wconf 86' lang='lat' dir='ltr'>ultimo</span> <span class='ocrx_word' id='word_1_409' title='bbox 722 2901 810 2944; x_wconf 87' lang='lat' dir='ltr'>fine</span> <span class='ocrx_word' id='word_1_410' title='bbox 837 2901 1113 2946; x_wconf 86' lang='lat' dir='ltr'>exsistentes.</span> <span class='ocrx_word' id='word_1_411' title='bbox 1133 2901 1252 2963; x_wconf 83' lang='lat' dir='ltr'>Cum</span> <span class='ocrx_word' id='word_1_412' title='bbox 1270 2901 1406 2959; x_wconf 88' lang='lat' dir='ltr'>igitur</span> <span class='ocrx_word' id='word_1_413' title='bbox 1427 2901 1472 2944; x_wconf 90' lang='lat' dir='ltr'>in</span> <span class='ocrx_word' id='word_1_414' title='bbox 1491 2901 1802 2960; x_wconf 89' lang='lat' dir='ltr'>speculatione</span> <span class='ocrx_word' id='word_1_415' title='bbox 1829 2917 1909 2961; x_wconf 85' lang='lat' dir='ltr'>per.</span> <span class='ocrx_word' id='word_1_416' title='bbox 1929 2919 2067 2963; x_wconf 85' lang='lat' dir='ltr'>quam</span> 
     </span>
     <span class='ocr_line' id='line_1_43' title="bbox 118 2966 2067 3026; baseline 0.002 -15"><span class='ocrx_word' id='word_1_417' title='bbox 118 2966 345 3026; x_wconf 87' lang='lat' dir='ltr'>quaeritur</span> <span class='ocrx_word' id='word_1_418' title='bbox 363 2967 564 3026; x_wconf 84' lang='lat' dir='ltr'>cognitio</span> <span class='ocrx_word' id='word_1_419' title='bbox 589 2967 804 3019; x_wconf 88' lang='lat' dir='ltr'>veritatis,</span> <span class='ocrx_word' id='word_1_420' title='bbox 837 2967 1036 3010; x_wconf 81' lang='lat' dir='ltr'>maxime</span> <span class='ocrx_word' id='word_1_421' title='bbox 1060 2966 1265 3013; x_wconf 86' lang='lat' dir='ltr'>videatur</span> <span class='ocrx_word' id='word_1_422' title='bbox 1291 2966 1451 3010; x_wconf 86' lang='lat' dir='ltr'>ultima</span> <span class='ocrx_word' id='word_1_423' title='bbox 1475 2967 1667 3012; x_wconf 89' lang='lat' dir='ltr'>felicitas</span> <span class='ocrx_word' id='word_1_424' title='bbox 1689 2969 1891 3014; x_wconf 86' lang='lat' dir='ltr'>hominis</span> <span class='ocrx_word' id='word_1_425' title='bbox 1916 2970 1964 3014; x_wconf 88' lang='lat' dir='ltr'>in</span> <span class='ocrx_word' id='word_1_426' title='bbox 1980 2971 2067 3015; x_wconf 81' lang='lat' dir='ltr'>hac</span> 
     </span>
     <span class='ocr_line' id='line_1_44' title="bbox 118 3032 2067 3095; baseline 0.003 -20"><span class='ocrx_word' id='word_1_427' title='bbox 118 3034 210 3078; x_wconf 90' lang='lat' dir='ltr'>vita</span> <span class='ocrx_word' id='word_1_428' title='bbox 237 3033 497 3086; x_wconf 82' lang='lat' dir='ltr'>consistere,</span> <span class='ocrx_word' id='word_1_429' title='bbox 523 3033 639 3077; x_wconf 91' lang='lat' dir='ltr'>sicut</span> <span class='ocrx_word' id='word_1_430' title='bbox 665 3033 800 3077; x_wconf 86' lang='lat' dir='ltr'>etiarn</span> <span class='ocrx_word' id='word_1_431' title='bbox 827 3033 923 3092; x_wconf 87' lang='lat' dir='ltr'>ipse</span> <span class='ocrx_word' id='word_1_432' title='bbox 945 3032 1214 3077; x_wconf 87' lang='lat' dir='ltr'>Aristoteles</span> <span class='ocrx_word' id='word_1_433' title='bbox 1240 3033 1401 3091; x_wconf 86' lang='lat' dir='ltr'>probat</span> <span class='ocrx_word' id='word_1_434' title='bbox 1426 3034 1472 3076; x_wconf 90' lang='lat' dir='ltr'>in</span> <span class='ocrx_word' id='word_1_435' title='bbox 1499 3033 1678 3079; x_wconf 85' lang='lat' dir='ltr'>decimo</span> <span class='ocrx_word' id='word_1_436' title='bbox 1697 3035 1844 3079; x_wconf 89' lang='lat' dir='ltr'>Ethic.</span> <span class='ocrx_word' id='word_1_437' title='bbox 1873 3036 1935 3093; x_wconf 88' lang='lat' dir='ltr'>(c.</span> <span class='ocrx_word' id='word_1_438' title='bbox 1963 3036 2067 3095; x_wconf 45' lang='lat'>10⁶),</span> 
     </span>
     <span class='ocr_line' id='line_1_45' title="bbox 117 3098 2069 3158; baseline 0.002 -15"><span class='ocrx_word' id='word_1_439' title='bbox 117 3098 397 3158; x_wconf 85' lang='lat' dir='ltr'>impossibile</span> <span class='ocrx_word' id='word_1_440' title='bbox 424 3108 490 3144; x_wconf 88' lang='lat' dir='ltr'>est</span> <span class='ocrx_word' id='word_1_441' title='bbox 521 3098 672 3143; x_wconf 86' lang='lat' dir='ltr'>dicere</span> <span class='ocrx_word' id='word_1_442' title='bbox 703 3099 826 3158; x_wconf 91' lang='lat' dir='ltr'>quod</span> <span class='ocrx_word' id='word_1_443' title='bbox 858 3099 1002 3144; x_wconf 91' lang='lat' dir='ltr'>homo</span> <span class='ocrx_word' id='word_1_444' title='bbox 1027 3099 1074 3142; x_wconf 92' lang='lat' dir='ltr'>in</span> <span class='ocrx_word' id='word_1_445' title='bbox 1106 3098 1193 3142; x_wconf 87' lang='lat' dir='ltr'>hac</span> <span class='ocrx_word' id='word_1_446' title='bbox 1220 3099 1312 3143; x_wconf 89' lang='lat' dir='ltr'>vita</span> <span class='ocrx_word' id='word_1_447' title='bbox 1338 3099 1550 3143; x_wconf 88' lang='lat' dir='ltr'>ultimum</span> <span class='ocrx_word' id='word_1_448' title='bbox 1582 3115 1716 3145; x_wconf 88' lang='lat' dir='ltr'>suum</span> <span class='ocrx_word' id='word_1_449' title='bbox 1748 3101 1886 3147; x_wconf 89' lang='lat' dir='ltr'>finem</span> <span class='ocrx_word' id='word_1_450' title='bbox 1913 3116 2069 3147; x_wconf 87' lang='lat' dir='ltr'>conse·</span> 
     </span>
     <span class='ocr_line' id='line_1_46' title="bbox 118 3175 293 3225; baseline 0 -15"><span class='ocrx_word' id='word_1_451' title='bbox 118 3175 293 3225; x_wconf 83' lang='lat' dir='ltr'>quatur.</span> 
     </span>
    </p>

    <p class='ocr_par' dir='ltr' id='par_1_10' title="bbox 116 3231 2067 3625">
     <span class='ocr_line' id='line_1_47' title="bbox 206 3231 2065 3291; baseline 0.002 -14"><span class='ocrx_word' id='word_1_452' title='bbox 206 3232 467 3278; x_wconf 83' lang='lat' dir='ltr'>Praeterea:</span> <span class='ocrx_word' id='word_1_453' title='bbox 494 3245 634 3275; x_wconf 89' lang='lat' dir='ltr'>omne</span> <span class='ocrx_word' id='word_1_454' title='bbox 665 3232 788 3291; x_wconf 92' lang='lat' dir='ltr'>quod</span> <span class='ocrx_word' id='word_1_455' title='bbox 814 3231 942 3276; x_wconf 89' lang='lat' dir='ltr'>estin</span> <span class='ocrx_word' id='word_1_456' title='bbox 960 3231 1177 3290; x_wconf 89' lang='lat' dir='ltr'>potentia,</span> <span class='ocrx_word' id='word_1_457' title='bbox 1202 3231 1394 3276; x_wconf 89' lang='lat' dir='ltr'>intendit</span> <span class='ocrx_word' id='word_1_458' title='bbox 1419 3233 1541 3281; x_wconf 84' lang='lat' dir='ltr'>exire</span> <span class='ocrx_word' id='word_1_459' title='bbox 1566 3233 1613 3276; x_wconf 89' lang='lat' dir='ltr'>in</span> <span class='ocrx_word' id='word_1_460' title='bbox 1632 3242 1798 3277; x_wconf 88' lang='lat' dir='ltr'>actum.</span> <span class='ocrx_word' id='word_1_461' title='bbox 1829 3233 2065 3286; x_wconf 84' lang='lat' dir='ltr'>Quamdiu</span> 
     </span>
     <span class='ocr_line' id='line_1_48' title="bbox 116 3297 2066 3358; baseline 0.002 -15"><span class='ocrx_word' id='word_1_462' title='bbox 116 3297 251 3357; x_wconf 77' lang='lat' dir='ltr'>igitur</span> <span class='ocrx_word' id='word_1_463' title='bbox 267 3312 361 3343; x_wconf 90' lang='lat' dir='ltr'>non</span> <span class='ocrx_word' id='word_1_464' title='bbox 388 3308 455 3342; x_wconf 87' lang='lat' dir='ltr'>est</span> <span class='ocrx_word' id='word_1_465' title='bbox 479 3312 534 3342; x_wconf 83' lang='lat' dir='ltr'>ex</span> <span class='ocrx_word' id='word_1_466' title='bbox 565 3307 663 3342; x_wconf 89' lang='lat' dir='ltr'>toto</span> <span class='ocrx_word' id='word_1_467' title='bbox 688 3297 860 3358; x_wconf 90' lang='lat' dir='ltr'>facturn</span> <span class='ocrx_word' id='word_1_468' title='bbox 876 3298 924 3342; x_wconf 88' lang='lat' dir='ltr'>in</span> <span class='ocrx_word' id='word_1_469' title='bbox 958 3308 1074 3351; x_wconf 89' lang='lat' dir='ltr'>actu,</span> <span class='ocrx_word' id='word_1_470' title='bbox 1101 3311 1198 3341; x_wconf 90' lang='lat' dir='ltr'>non</span> <span class='ocrx_word' id='word_1_471' title='bbox 1225 3308 1292 3342; x_wconf 91' lang='lat' dir='ltr'>est</span> <span class='ocrx_word' id='word_1_472' title='bbox 1316 3298 1361 3342; x_wconf 90' lang='lat' dir='ltr'>in</span> <span class='ocrx_word' id='word_1_473' title='bbox 1383 3313 1467 3343; x_wconf 90' lang='lat' dir='ltr'>suo</span> <span class='ocrx_word' id='word_1_474' title='bbox 1494 3298 1583 3343; x_wconf 89' lang='lat' dir='ltr'>fine</span> <span class='ocrx_word' id='word_1_475' title='bbox 1606 3299 1782 3343; x_wconf 88' lang='lat' dir='ltr'>ultimo.</span> <span class='ocrx_word' id='word_1_476' title='bbox 1806 3300 2066 3347; x_wconf 90' lang='lat' dir='ltr'>Intellectus</span> 
     </span>
     <span class='ocr_line' id='line_1_49' title="bbox 118 3363 2067 3423; baseline 0.001 -13"><span class='ocrx_word' id='word_1_477' title='bbox 118 3375 271 3410; x_wconf 82' lang='lat' dir='ltr'>autem</span> <span class='ocrx_word' id='word_1_478' title='bbox 295 3374 451 3409; x_wconf 88' lang='lat' dir='ltr'>noster</span> <span class='ocrx_word' id='word_1_479' title='bbox 476 3373 542 3409; x_wconf 77' lang='lat' dir='ltr'>est</span> <span class='ocrx_word' id='word_1_480' title='bbox 571 3364 620 3408; x_wconf 88' lang='lat' dir='ltr'>in</span> <span class='ocrx_word' id='word_1_481' title='bbox 645 3364 847 3423; x_wconf 86' lang='lat' dir='ltr'>potentia</span> <span class='ocrx_word' id='word_1_482' title='bbox 878 3363 933 3408; x_wconf 90' lang='lat' dir='ltr'>ad</span> <span class='ocrx_word' id='word_1_483' title='bbox 960 3378 1122 3409; x_wconf 89' lang='lat' dir='ltr'>omnes</span> <span class='ocrx_word' id='word_1_484' title='bbox 1154 3363 1327 3408; x_wconf 89' lang='lat' dir='ltr'>formas</span> <span class='ocrx_word' id='word_1_485' title='bbox 1351 3379 1503 3409; x_wconf 86' lang='lat' dir='ltr'>rerum</span> <span class='ocrx_word' id='word_1_486' title='bbox 1536 3367 1906 3423; x_wconf 81' lang='lat' dir='ltr'>cognoscendas3</span> <span class='ocrx_word' id='word_1_487' title='bbox 1941 3367 2067 3411; x_wconf 87' lang='lat' dir='ltr'>redu-</span> 
     </span>
     <span class='ocr_line' id='line_1_50' title="bbox 118 3430 2064 3490; baseline 0.001 -13"><span class='ocrx_word' id='word_1_488' title='bbox 118 3431 231 3477; x_wconf 79' lang='lat' dir='ltr'>citur</span> <span class='ocrx_word' id='word_1_489' title='bbox 257 3441 411 3476; x_wconf 84' lang='lat' dir='ltr'>autem</span> <span class='ocrx_word' id='word_1_490' title='bbox 434 3430 480 3476; x_wconf 86' lang='lat' dir='ltr'>in</span> <span class='ocrx_word' id='word_1_491' title='bbox 508 3440 661 3475; x_wconf 88' lang='lat' dir='ltr'>actum</span> <span class='ocrx_word' id='word_1_492' title='bbox 693 3444 799 3476; x_wconf 86' lang='lat' dir='ltr'>cum</span> <span class='ocrx_word' id='word_1_493' title='bbox 831 3430 1030 3490; x_wconf 85' lang='lat' dir='ltr'>aliquam</span> <span class='ocrx_word' id='word_1_494' title='bbox 1057 3444 1213 3475; x_wconf 88' lang='lat' dir='ltr'>earum</span> <span class='ocrx_word' id='word_1_495' title='bbox 1241 3431 1495 3488; x_wconf 87' lang='lat' dir='ltr'>cognoscit.</span> <span class='ocrx_word' id='word_1_496' title='bbox 1518 3432 1640 3489; x_wconf 88' lang='lat' dir='ltr'>Ergo</span> <span class='ocrx_word' id='word_1_497' title='bbox 1667 3445 1762 3475; x_wconf 90' lang='lat' dir='ltr'>non</span> <span class='ocrx_word' id='word_1_498' title='bbox 1787 3433 1870 3477; x_wconf 88' lang='lat' dir='ltr'>erit</span> <span class='ocrx_word' id='word_1_499' title='bbox 1891 3446 1944 3476; x_wconf 83' lang='lat' dir='ltr'>ex</span> <span class='ocrx_word' id='word_1_500' title='bbox 1964 3442 2064 3478; x_wconf 92' lang='lat' dir='ltr'>toto</span> 
     </span>
     <span class='ocr_line' id='line_1_51' title="bbox 117 3496 2065 3556; baseline 0.001 -14"><span class='ocrx_word' id='word_1_501' title='bbox 117 3496 164 3543; x_wconf 89' lang='lat' dir='ltr'>in</span> <span class='ocrx_word' id='word_1_502' title='bbox 189 3505 308 3551; x_wconf 83' lang='lat' dir='ltr'>actu,</span> <span class='ocrx_word' id='word_1_503' title='bbox 333 3511 417 3542; x_wconf 87' lang='lat' dir='ltr'>nec</span> <span class='ocrx_word' id='word_1_504' title='bbox 450 3497 496 3542; x_wconf 86' lang='lat' dir='ltr'>in</span> <span class='ocrx_word' id='word_1_505' title='bbox 527 3496 689 3542; x_wconf 82' lang='lat' dir='ltr'>ultimo</span> <span class='ocrx_word' id='word_1_506' title='bbox 716 3509 803 3542; x_wconf 89' lang='lat' dir='ltr'>suo</span> <span class='ocrx_word' id='word_1_507' title='bbox 825 3496 928 3551; x_wconf 89' lang='lat' dir='ltr'>fine,</span> <span class='ocrx_word' id='word_1_508' title='bbox 955 3497 1043 3542; x_wconf 89' lang='lat' dir='ltr'>nisi</span> <span class='ocrx_word' id='word_1_509' title='bbox 1068 3497 1250 3556; x_wconf 86' lang='lat' dir='ltr'>quando</span> <span class='ocrx_word' id='word_1_510' title='bbox 1283 3498 1457 3551; x_wconf 91' lang='lat' dir='ltr'>omnia,</span> <span class='ocrx_word' id='word_1_511' title='bbox 1493 3498 1655 3542; x_wconf 89' lang='lat' dir='ltr'>saltem</span> <span class='ocrx_word' id='word_1_512' title='bbox 1682 3498 1766 3542; x_wconf 90' lang='lat' dir='ltr'>ista</span> <span class='ocrx_word' id='word_1_513' title='bbox 1798 3499 2065 3554; x_wconf 85' lang='lat' dir='ltr'>materialia,</span> 
     </span>
     <span class='ocr_line' id='line_1_52' title="bbox 118 3562 2062 3625; baseline 0.001 -17"><span class='ocrx_word' id='word_1_514' title='bbox 118 3564 369 3623; x_wconf 80' lang='lat' dir='ltr'>cognoscit.</span> <span class='ocrx_word' id='word_1_515' title='bbox 398 3562 488 3609; x_wconf 87' lang='lat' dir='ltr'>Sed</span> <span class='ocrx_word' id='word_1_516' title='bbox 502 3562 593 3610; x_wconf 89' lang='lat' dir='ltr'>hoc</span> <span class='ocrx_word' id='word_1_517' title='bbox 617 3577 712 3609; x_wconf 88' lang='lat' dir='ltr'>non</span> <span class='ocrx_word' id='word_1_518' title='bbox 727 3570 878 3623; x_wconf 63' lang='lat' dir='ltr'>potest</span> <span class='ocrx_word' id='word_1_519' title='bbox 891 3563 1037 3610; x_wconf 83' lang='lat' dir='ltr'>homo</span> <span class='ocrx_word' id='word_1_520' title='bbox 1055 3565 1230 3623; x_wconf 84' lang='lat' dir='ltr'>assequi</span> <span class='ocrx_word' id='word_1_521' title='bbox 1248 3577 1329 3622; x_wconf 88' lang='lat' dir='ltr'>per</span> <span class='ocrx_word' id='word_1_522' title='bbox 1353 3563 1565 3609; x_wconf 88' lang='lat' dir='ltr'>scientias</span> <span class='ocrx_word' id='word_1_523' title='bbox 1579 3564 1881 3624; x_wconf 81' lang='lat' dir='ltr'>speculativas</span> <span class='ocrx_word' id='word_1_524' title='bbox 1902 3566 2062 3625; x_wconf 88' lang='lat' dir='ltr'>quibus</span> 
     </span>
    </p>
   </div>
   <div class='ocr_carea' id='block_1_6' title="bbox 250 3666 1974 3713">
    <p class='ocr_par' dir='ltr' id='par_1_11' title="bbox 250 3666 1974 3713">
     <span class='ocr_line' id='line_1_53' title="bbox 250 3666 1974 3713; baseline 0.001 -13"><span class='ocrx_word' id='word_1_525' title='bbox 250 3666 288 3701; x_wconf 82' lang='lat' dir='ltr'>S.</span> <span class='ocrx_word' id='word_1_526' title='bbox 313 3667 467 3702; x_wconf 70' lang='lat' dir='ltr'>Tamus</span> <span class='ocrx_word' id='word_1_527' title='bbox 492 3668 626 3701; x_wconf 83' lang='lat' dir='ltr'>Summa</span> <span class='ocrx_word' id='word_1_528' title='bbox 652 3674 759 3702; x_wconf 76' lang='lat' dir='ltr'>contra</span> <span class='ocrx_word' id='word_1_529' title='bbox 786 3667 938 3702; x_wconf 77' lang='lat' dir='ltr'>Gentiles.</span> <span class='ocrx_word' id='word_1_530' title='bbox 1936 3678 1974 3713; x_wconf 87' lang='lat'>²3</span> 
     </span>
    </p>
   </div>
  </div>
 </body>
</html>
