2332 3854
817 286 972 327 LtBER
1009 287 1085 326 111.
1128 288 1248 326 cAP.
1290 286 1362 327 lx·
1967 264 2072 341 297

123 397 229 434 sunt
262 388 309 431 in
335 386 598 441 moralibus,
630 397 734 432 sunt
759 402 925 446 genera
953 390 1307 443 contrariorum3
1334 403 1390 433 ex
1415 401 1506 448 quo
1538 387 1670 432 tertia
1701 389 1816 432 ratio
1856 389 2076 446 procede-

122 455 211 499 bat.
240 454 463 499 Omnium
485 454 606 498 enim
636 455 968 499 contrariorum
995 456 1255 509 moralium,
1281 455 1355 500 vel
1381 466 1622 514 utrumque
1650 465 1718 499 est
1744 454 1932 508 malum,
1960 454 2076 498 sicut

121 520 413 582 prodigalitas
445 531 490 565 et
520 520 809 574 illiberalitas,
836 521 910 565 vel
937 537 1078 566 unum
1104 524 1277 567 bonum
1305 532 1349 567 et
1381 522 1574 566 alterum
1601 520 1790 576 malurn,
1817 521 1932 565 sicut
1958 520 2076 564 libe-

121 587 274 646 ralitas
315 599 359 632 et
393 587 683 631 illiberalitas.
717 588 795 631 Est
835 588 968 646 igitur
1011 589 1186 633 malum
1233 589 1408 634 morale
1451 599 1496 633 et
1535 602 1678 647 genus
1716 598 1760 632 et
1802 586 2078 642 differentia;

121 667 214 700 non
246 654 496 700 secundum
528 655 649 714 quod
682 664 749 699 est
774 654 967 712 privatio
1000 656 1109 699 boni
1141 656 1344 710 rationis,
1378 670 1432 700 ex
1459 670 1550 715 quo
1584 655 1748 699 dicitur
1778 655 1970 708 malum,
1994 654 2073 698 sed

122 734 176 766 ex
207 732 367 766 natura
400 722 590 766 actionis
622 721 694 765 vel
727 722 906 764 habitus
935 722 1128 766 ordinati
1156 723 1210 766 ad
1245 723 1445 782 aliquem
1477 722 1632 777 finem,
1657 722 1734 781 qui
1760 731 1984 780 repugnat
2006 720 2079 765 de-

121 788 216 833 bito
242 788 320 832 fini
351 789 564 842 rationis;
597 789 713 833 sicut
742 788 886 832 homo
915 803 1078 833 caecus
1107 799 1173 833 est
1198 789 1400 833 hominis
1432 788 1731 843 individuum,
1757 801 1851 832 non
1875 789 1920 831 in
1944 801 2082 846 quan-

121 863 219 901 tum
246 865 315 900 est
338 869 517 909 caecus,
543 856 621 901 sed
647 856 693 899 in
720 865 940 914 quantum
967 865 1034 900 est
1065 856 1138 899 hic
1165 856 1338 910 homo3
1367 866 1411 900 et
1440 854 1703 901 irrationale
1730 864 1797 899 est
1829 852 2079 898 differentia

123 921 345 976 animalis,
377 936 470 966 non
511 932 695 981 propter
737 923 1038 981 privationem
1079 923 1282 977 rationis,
1322 923 1399 967 sed
1442 923 1616 982 ratione
1658 921 1760 966 talis
1799 931 1989 965 naturae
2023 920 2079 964 ad

122 1003 259 1048 quam
285 990 484 1048 sequitur
520 992 716 1034 remotio
759 990 959 1034 rationis.
1004 990 1161 1033 Potest
1192 990 1330 1034 etiarn
1363 990 1450 1033 dici
1496 989 1617 1048 quod
1659 987 1929 1033 Aristoteles
1970 987 2079 1031 dicit

121 1054 297 1100 malum
322 1065 365 1100 et
390 1055 563 1100 bonum
590 1070 687 1101 esse
720 1071 900 1115 genera,
926 1071 1020 1100 non
1058 1057 1309 1100 secundum
1351 1056 1582 1114 propriam
1624 1055 1905 1114 opinionem,
1938 1067 2079 1113 quum

53 1130 58 1137 '
121 1124 238 1167 inter
262 1122 407 1181 prima
429 1123 590 1167 decem
616 1137 782 1181 genera
808 1124 877 1183 (in
904 1137 1099 1182 quorum
1126 1123 1328 1182 quolibet
1350 1123 1574 1166 invenitur
1592 1121 1741 1180 aliqua
1764 1119 2080 1176 contrarietas)

122 1202 176 1233 ea
199 1202 293 1233 non
320 1200 633 1243 connumeret,
665 1191 742 1234 sed
775 1191 1028 1234 secundum
1063 1190 1328 1248 opinionem
1360 1189 1668 1248 Pythagorae,
1702 1189 1777 1247 qui
1813 1188 1964 1246 posuit
1997 1187 2080 1231 bo-

120 1269 229 1300 num
265 1266 310 1301 et
340 1256 514 1300 malum
546 1271 643 1301 esse
670 1258 815 1316 prima
841 1271 1022 1316 genera,
1050 1267 1094 1301 et
1123 1257 1270 1316 prima
1302 1257 1541 1316 principia3
1570 1266 1614 1300 et
1638 1257 1684 1299 in
1706 1264 1896 1314 utraque
1919 1267 2079 1298 eorum

121 1323 272 1381 posuit
299 1337 398 1368 esse
430 1323 591 1367 decem
617 1324 763 1382 prima
797 1325 1043 1368 contraria:
1072 1324 1152 1367 sub
1179 1324 1302 1367 bono
1336 1324 1534 1382 quidem,
1561 1322 1755 1376 finitum,
1790 1336 1884 1381 par,
1921 1335 2080 1374 unum,

121 1389 344 1443 dextrum,
371 1390 689 1444 masculinum,
717 1391 968 1449 quiescens,
995 1401 1184 1443 rectum,
1211 1390 1378 1443 lucem,
1411 1389 1696 1448 quadratum,
1733 1398 1777 1432 et
1814 1387 1974 1432 ultimo
2005 1387 2083 1430 bo-

120 1471 257 1511 num;
282 1457 363 1500 sub
391 1456 514 1500 malo
534 1466 701 1511 autem,
728 1457 968 1511 infinitum,
991 1458 1152 1515 impar,
1175 1456 1362 1516 plurale,
1382 1456 1628 1509 sinistrum,
1647 1455 1966 1509 foemininum,
1987 1467 2084 1508 mo·

120 1532 233 1578 tum,
260 1537 464 1577 curvum,
490 1523 717 1581 tenebrae,
751 1523 890 1568 altera
923 1533 1049 1582 parte
1075 1523 1272 1582 longius,
1300 1533 1345 1566 et
1377 1522 1539 1566 ultimo
1577 1521 1765 1566 malum.
1800 1521 1876 1566 Sic
1910 1530 2079 1574 autem,

122 1599 167 1634 et
192 1590 238 1633 in
262 1587 461 1649 pluribus
494 1589 713 1634 librorum
741 1589 1008 1648 logicalium
1033 1589 1163 1645 locis,
1190 1590 1328 1633 utitur
1365 1588 1583 1647 exemplis
1625 1587 1877 1632 secundum
1909 1596 2083 1631 senten-

120 1656 232 1701 tiam
260 1656 453 1700 aliorum
479 1655 878 1716 philosophorum,
911 1657 1038 1715 quasi
1070 1655 1376 1715 probabilibus
1410 1655 1662 1699 secundum
1688 1654 1800 1698 illud
1826 1663 2020 1712 tempus.

210 1723 360 1767 Habet
374 1733 528 1767 tamen
557 1733 600 1767 et
615 1723 706 1767 hoc
734 1723 904 1767 dictum
928 1723 1129 1782 aliquam
1150 1723 1411 1776 veritatem;
1429 1737 1538 1766 nam
1556 1721 1838 1779 impossibile
1855 1731 1936 1775 est,
1959 1720 2082 1779 quod

120 1789 410 1851 probabiliter
440 1790 616 1844 dicitur,
656 1789 907 1834 secundum
940 1800 1091 1834 totum
1131 1803 1229 1833 esse
1262 1789 1442 1832 falsum.
1478 1788 1704 1833 Omnium
1738 1788 1862 1832 enim
1908 1797 2085 1831 contra-

120 1857 293 1902 riorum
310 1871 451 1902 unum
470 1867 538 1902 est
562 1855 813 1917 perfectum
841 1867 885 1901 et
910 1856 1102 1901 alterum
1130 1856 1420 1910 diminutum,
1448 1857 1577 1914 quasi
1603 1856 1906 1914 privationem
1929 1867 2084 1913 quam-

121 1924 229 1968 dam
252 1924 427 1968 habens
458 1924 728 1977 admixtam3
755 1923 873 1967 sicut
891 1922 1059 1978 album,
1087 1933 1131 1967 et
1149 1922 1348 1967 calidum
1375 1931 1478 1966 sunt
1494 1920 1708 1980 perfecta,
1734 1920 1951 1980 frigidum
1971 1934 2082 1964 vero

122 2001 168 2036 et
190 1991 371 2051 nigrum
399 1999 503 2035 sunt
519 1989 801 2050 imperfecta,
820 1990 949 2049 quasi
967 2005 1072 2034 curn
1091 1990 1343 2049 privatione
1362 1989 1628 2049 significata.
1650 1988 1774 2041 Quia
1796 2002 1905 2047 ergo
1930 1988 2080 2031 omnis

121 2053 361 2103 diminutio
387 2067 432 2102 et
462 2057 654 2117 privatio
687 2057 743 2100 ad
775 2057 1000 2101 rationem
1028 2057 1138 2100 mali
1170 2057 1376 2116 pertinet,
1411 2058 1562 2100 omnis
1596 2065 1748 2099 autem
1781 2054 2000 2114 perfectio
2041 2064 2084 2098 et

124 2124 516 2185 complementum
543 2124 596 2168 ad
625 2123 850 2168 rationem
871 2123 995 2178 boni,
1022 2138 1205 2183 semper
1235 2125 1282 2167 in
1316 2123 1552 2167 contrariis
1577 2122 1770 2167 alterum
1797 2122 1878 2166 sub
1905 2122 2082 2166 ratione

121 2192 231 2236 boni
251 2191 428 2236 videtur
452 2191 791 2250 comprehendi,
817 2190 1010 2235 alterum
1038 2190 1093 2234 ad
1115 2191 1348 2235 rationem.
1367 2189 1478 2234 mali
1502 2189 1739 2243 accedere;
1763 2199 1808 2232 et
1832 2188 2081 2233 secundum

122 2259 213 2303 hoc
237 2258 410 2303 bonum
444 2266 488 2302 et
519 2257 694 2302 malum
721 2271 889 2317 genera
923 2258 1256 2302 contrariorum
1285 2258 1493 2302 omniurn
1522 2271 1619 2301 esse
1652 2256 1874 2301 videntur.

210 2325 297 2369 Per
322 2325 413 2369 hoc
441 2325 578 2369 etiam
604 2334 728 2384 patet
753 2324 944 2384 qualiter
971 2325 1147 2368 malum
1179 2334 1403 2383 repugnat
1427 2325 1566 2378 bono,
1596 2339 1649 2368 ex
1675 2337 1766 2383 quo
1793 2332 1951 2382 quarta
1969 2321 2084 2366 ratio

122 2391 409 2452 procedebat.
438 2390 703 2436 Secundum
730 2392 853 2436 enirn
881 2392 1004 2450 quod
1029 2390 1205 2436 formae
1230 2401 1273 2435 et
1288 2391 1381 2445 fini,
1401 2405 1515 2450 quae
1533 2391 1702 2435 habent
1721 2390 1945 2434 rationem
1962 2389 2085 2442 boni,

122 2470 169 2506 et
192 2468 298 2504 sunt
323 2458 488 2518 agendi
513 2473 620 2502 vera
646 2458 878 2518 principia,
906 2468 972 2503 est
1001 2459 1212 2517 adjuncta
1238 2459 1430 2517 privatio
1450 2457 1703 2502 contrariae
1725 2457 1902 2501 formae
1926 2466 1970 2501 et
1984 2456 2085 2500 finis

123 2525 350 2584 contrarii,
377 2525 498 2570 actio
525 2539 640 2585 quae
667 2525 870 2585 sequitur
895 2540 949 2571 ex
974 2523 1054 2569 tali
1079 2524 1228 2569 forma
1256 2534 1300 2569 et
1324 2524 1404 2569 tali
1435 2524 1524 2568 fine
1559 2523 1813 2568 attribuitur
1843 2523 2087 2584 privationi

123 2602 169 2637 et
192 2590 332 2646 malo,
361 2606 440 2651 per
467 2592 679 2636 accidens
706 2592 912 2651 quiderm
940 2606 1047 2636 nam
1061 2593 1269 2650 privatio,
1288 2591 1540 2636 secundum
1559 2591 1680 2650 quod
1697 2590 1974 2649 hujusmodi,
1991 2603 2086 2633 non

123 2668 192 2704 est
203 2658 391 2717 alicujus
403 2658 594 2703 actionis
610 2659 898 2719 principium.
916 2658 1108 2718 Propter
1125 2658 1246 2725 quod
1262 2658 1377 2702 bene
1396 2658 1503 2702 dicit
1522 2658 1772 2717 Dionysius
1791 2657 1889 2714 (IV.
1904 2671 2002 2715 cap.
2014 2657 2086 2701 De

117 2724 260 2776 divin.
286 2724 500 2782 nemim),
528 2725 650 2784 quod
677 2725 852 2769 malum
868 2722 963 2769 non
986 2735 1159 2784 pugnat
1186 2735 1345 2770 contra
1370 2724 1543 2768 bonum
1569 2725 1656 2768 nisi
1681 2724 1845 2768 virtute
1870 2724 1998 2767 boni:
2023 2737 2087 2767 se·
2115 2738 2125 2744 ·

123 2792 324 2837 cundum
351 2806 398 2836 se
423 2805 535 2836 vero
563 2802 630 2836 est
654 2792 883 2850 impotens
911 2802 954 2836 et
979 2791 1226 2846 infirmum,
1250 2791 1379 2851 quasi
1404 2790 1572 2835 nullius
1589 2791 1780 2835 actionis
1797 2790 2085 2849 principium.

123 2856 298 2902 Malum
323 2871 433 2902 vero
453 2871 744 2918 corrumpere
771 2858 934 2901 dicitur
958 2858 1147 2912 bonurn,
1166 2872 1259 2902 non
1287 2857 1437 2902 solum
1455 2857 1633 2916 agendo
1651 2858 1813 2901 virtute
1830 2857 1954 2911 boni,
1971 2856 2087 2901 sicut

125 2924 382 2984 expositum
406 2934 486 2980 est,
512 2925 591 2968 sed
617 2923 870 2968 formaliter
895 2925 1146 2968 secundum
1173 2938 1235 2978 se,
1262 2924 1377 2968 sicut
1400 2924 1561 2968 dicitur
1579 2924 1772 2967 caecitas
1795 2936 2086 2983 corrumpere

124 2991 288 3046 visum,
315 2991 419 3050 quia
447 3000 515 3035 est
544 2990 642 3050 ipsa
674 2991 796 3035 visus
830 2991 1085 3050 corrupti03
1118 3005 1198 3049 per
1231 3004 1365 3049 quem
1399 2991 1590 3036 modum
1624 2991 1788 3034 dicitur
1821 2990 1982 3035 albedo
2014 3005 2087 3050 pa-

126 3058 286 3103 rietem
314 3056 536 3111 colorare,
564 3058 668 3116 quia
694 3058 791 3117 ipsa
824 3067 892 3102 est
917 3058 1100 3118 parietis
1128 3058 1270 3102 color.

215 3124 394 3169 Dicitur
420 3134 573 3168 autem
601 3123 769 3183 aliquid
797 3124 939 3168 altero
966 3125 1111 3182 magis
1139 3135 1182 3168 et
1202 3125 1351 3168 minus
1369 3126 1544 3168 malum
1562 3139 1641 3183 per
1658 3138 1887 3170 recessum
1907 3139 1931 3168 a
1947 3124 2084 3169 bono.

127 3191 202 3236 Sic
231 3191 354 3236 enim
381 3205 496 3251 quae
520 3191 822 3250 privationem
848 3192 1098 3250 important
1123 3191 1416 3236 intenduntur
1443 3201 1485 3235 et
1511 3192 1800 3236 remittuntur
1825 3191 1942 3236 sicut
1966 3192 2087 3235 inae-

125 3257 259 3317 quale
285 3268 330 3302 et
360 3256 600 3311 dissimile;
627 3257 790 3302 dicitur
822 3259 944 3302 enim
977 3257 1259 3317 inaequalius
1293 3258 1414 3316 quod
1450 3269 1516 3302 est
1549 3258 1602 3302 ab
1637 3258 1908 3317 aequalitate
1942 3258 2088 3317 magis

126 3325 310 3378 distans,
337 3334 381 3369 et
402 3323 608 3368 similiter
635 3324 898 3368 dissimilius
925 3325 1073 3382 magis
1101 3340 1125 3367 a
1152 3325 1446 3369 similitudine
1473 3325 1703 3369 recedens.
1723 3325 1856 3368 Unde
1875 3334 1918 3368 et
1940 3325 2087 3383 magis

126 3389 299 3435 malum
327 3389 490 3435 dicitur
512 3389 634 3449 quod
662 3399 731 3435 est
755 3390 901 3451 magis
934 3392 1160 3450 privatum
1182 3392 1321 3444 bono,
1354 3391 1483 3450 quasi
1509 3393 1656 3450 magis
1689 3405 1714 3435 a
1746 3392 1870 3435 bono
1904 3392 2087 3436 distans.

126 3456 412 3502 Privationes
439 3457 563 3502 enim
588 3470 683 3501 non
713 3456 1006 3502 intenduntur
1038 3459 1166 3517 quasi
1199 3458 1399 3517 aliquam
1432 3459 1675 3502 essentiam
1708 3458 1941 3513 habentes,
1972 3458 2090 3503 sicut

129 3523 421 3583 aequalitates
448 3533 492 3568 et
516 3522 709 3577 formae,
736 3533 784 3568 ut
806 3524 960 3583 quinta
978 3525 1092 3569 ratio
1111 3524 1398 3584 procedebat,
1418 3525 1495 3568 sed
1510 3539 1591 3583 per
1609 3535 1905 3583 augmentum
1924 3539 2087 3570 causae

126 3589 359 3654 privantis,
385 3591 501 3635 sicut
529 3594 606 3634 aer
630 3599 757 3634 tanto
783 3591 1067 3639 tenebrosior
1093 3601 1160 3635 est
1186 3600 1355 3650 quanto
1383 3590 1511 3649 plura
1537 3590 1702 3636 fuerint
1727 3592 1990 3652 interposita
2014 3592 2089 3636 ob-

128 3655 300 3702 stacula
324 3656 442 3711 luci3
470 3657 533 3702 sic
558 3657 680 3701 enim
707 3655 890 3717 longius
916 3671 942 3702 a
967 3656 1080 3702 lucis
1107 3658 1453 3717 participatione
1479 3657 1627 3703 distat.
