2332 3854
225 236 331 306 298
928 253 1083 291 LIBER
1122 252 1198 289 111.
1241 252 1362 291 CAP.
1403 251 1479 290 1x.

312 353 491 398 Dicitur
516 354 654 398 etiam
686 354 861 398 malum
888 368 986 398 esse
1012 354 1060 397 in
1092 354 1280 407 mundo,
1312 367 1408 397 non
1440 353 1570 412 quasi
1601 354 1846 399 essentiam
1878 353 2078 412 aliquam
2100 353 2182 403 ha·

221 418 340 471 beat,
366 421 439 464 vel
466 436 536 465 res
563 421 786 480 quaedam
815 422 1010 473 exsistat,
1034 429 1083 463 ut
1101 430 1227 463 sexta
1252 419 1367 463 ratio
1394 420 1682 477 procedebat,
1708 421 1867 464 sed·ea
1890 421 2063 464 ratione
2079 420 2184 479 quia

223 485 385 530 dicitur
411 488 532 546 quod
561 502 631 531 res
655 487 805 545 aliqua
832 486 953 529 mala
982 495 1048 530 est
1073 486 1170 545 ipso
1204 485 1344 540 malo,
1377 486 1492 530 sicut
1524 487 1735 541 caecitas,
1769 497 1813 530 et
1845 486 2072 545 quaelibet
2102 486 2185 545 pri·

222 553 344 596 vatio
373 567 470 597 esse
497 554 672 608 dicitur,
700 554 805 611 quia
832 552 1004 596 animal
1030 553 1248 596 caecitate
1275 562 1342 596 est
1369 567 1573 597 caecum.
1601 553 1691 597 Ens
1714 553 1837 597 enim
1863 552 2101 611 dupliciter
2122 552 2188 596 di·

224 619 352 673 citur,
379 630 427 663 ut
452 620 760 677 Philosophus
787 620 834 661 in
874 619 1033 677 quinto
1059 619 1314 678 Metaphys.
1343 620 1394 676 (t.
1419 635 1456 666 c.
1489 620 1576 676 14.)
1611 621 1768 664 docet:
1802 633 1896 664 uno
1929 619 2088 674 modo,
2118 633 2188 664 se-

224 686 424 729 cundum
450 688 572 745 quod
599 686 823 744 significat
848 685 1090 730 essentiam
1115 686 1195 738 rei,
1219 696 1263 730 et
1279 686 1491 730 dividitur
1506 700 1586 745 per
1603 687 1763 730 decem
1784 686 2178 745 praedicamenta:

224 763 268 796 et
293 754 357 796 sic
383 753 508 796 nulla
535 753 727 811 privatio
754 762 906 810 potest
932 752 1022 796 dici
1060 766 1164 806 ens;
1202 752 1292 797 alio
1329 753 1487 806 modo,
1524 753 1777 797 secundum
1811 753 1934 811 quod
1959 751 2187 811 significat

223 819 462 863 veritatem
490 819 851 876 compositionis,
881 828 925 862 et
955 819 1020 862 sic
1054 818 1229 862 malum
1267 829 1310 864 et
1347 819 1540 878 privatio
1577 820 1739 863 dicitur
1771 833 1851 863 ens
1883 820 1930 864 in
1964 829 2186 879 quantum

224 886 478 944 privatione
501 886 664 929 dicitur
691 885 858 943 aliquid
887 899 984 930 esse
1010 886 1268 945 privatum.-

1023 1103 1278 1160 CAPUT
1319 1105 1388 1158 X.

737 1248 897 1294 QUOD
940 1247 1118 1286 CAUSA
1150 1248 1281 1285 MALI
1323 1247 1423 1284 EST
1465 1247 1675 1286 BONUM.

824 1356 878 1413 (J.
899 1363 1014 1416 part.
1043 1363 1196 1415 quaest.
1222 1356 1378 1400 XLIX.
1405 1363 1487 1401 art.
1515 1356 1588 1413 1.).

314 1474 379 1517 Ex
396 1474 654 1533 praemissis
673 1484 825 1518 autem
844 1473 1059 1518 concludi
1076 1484 1226 1533 potest
1244 1474 1366 1532 quod
1380 1473 1555 1518 malum
1572 1487 1666 1517 non
1680 1482 1890 1518 causatur
1905 1471 2031 1518 nisia
2047 1473 2186 1529 bono.

317 1542 366 1585 Si
400 1542 522 1585 enim
562 1541 753 1601 alicujus
789 1541 901 1585 mali
938 1552 1006 1586 est
1038 1556 1175 1586 causa
1210 1541 1385 1586 malum
1423 1540 1620 1598 (malurn
1658 1551 1827 1594 autern,
1862 1549 1912 1584 ut
1946 1539 2187 1600 probatum

229 1618 298 1652 est
328 1610 389 1666 (c.
416 1609 494 1667 9.)‚
526 1623 619 1653 non
654 1609 748 1667 agit
778 1609 865 1653 nisi
896 1609 1059 1654 virtute
1091 1609 1238 1667 boni),
1271 1618 1452 1668 oportet
1482 1608 1635 1667 ipsum
1666 1607 1840 1652 bonum
1873 1621 1975 1662 esse,
2002 1620 2189 1652 causam

228 1676 491 1733 primariam
517 1675 641 1720 mali.

316 1742 502 1787 Adhuc:
534 1743 654 1801 quod
682 1757 775 1786 non
803 1752 885 1796 est,
911 1741 1079 1787 nullius
1107 1752 1174 1787 est
1201 1756 1350 1786 causa.
1382 1742 1586 1787 Omnem
1620 1741 1756 1801 igitur
1787 1755 1975 1786 causam
2009 1749 2190 1801 oportet

230 1825 326 1855 esse
345 1825 424 1854 ens
443 1809 641 1869 aliquod.
658 1810 834 1853 Malum
854 1820 1006 1854 autem
1023 1825 1118 1854 non
1138 1820 1205 1854 est
1222 1824 1300 1854 ens
1319 1809 1518 1869 aliquod,
1529 1820 1578 1854 ut
1587 1810 1828 1868 probatum
1843 1819 1911 1855 est
1921 1810 1982 1868 (e.
1993 1821 2035 1867 7.
2046 1819 2092 1854 et
2102 1807 2189 1867 9.);
2223 1811 2227 1813 ’

227 1877 402 1921 malum
429 1877 565 1935 igitur
590 1891 683 1921 non
710 1887 859 1936 potest
885 1891 983 1921 esse
1007 1876 1196 1936 alicujus
1215 1891 1364 1921 causa.
1391 1877 1589 1935 Oportet
1604 1876 1756 1935 igitur,
1777 1876 1815 1921 si
1836 1875 1890 1919 ab
1908 1872 2062 1936 aliquo
2084 1890 2190 1920 cau-

227 1953 350 1988 satur
375 1944 564 1998 malum,
592 1944 713 2002 quod
739 1943 851 1987 illud
879 1945 935 1988 sit
955 1944 1143 1988 bonum.

315 2011 455 2055 Item:
484 2010 700 2069 quidquid
728 2020 796 2054 est
822 2011 1002 2069 proprie
1030 2020 1075 2055 et
1111 2025 1192 2070 per
1225 2024 1272 2054 se
1310 2010 1499 2068 alicujus
1533 2024 1670 2053 causa
1705 2009 1848 2054 tendit
1875 2009 1922 2054 in
1955 2006 2189 2067 proprium

229 2076 468 2132 effectum3
496 2077 533 2122 si
558 2077 696 2136 igitur
727 2077 902 2121 malum
937 2087 1055 2122 esset
1079 2092 1160 2136 per
1187 2091 1235 2121 se
1263 2077 1453 2135 alicujus
1481 2091 1632 2130 causa,
1657 2076 1862 2120 tenderet
1884 2075 1932 2120 in
1957 2074 2190 2135 proprium

169 2142 174 2146 ’
226 2143 454 2199 effectum,
483 2143 657 2188 scilicet
683 2143 870 2188 malum.
899 2145 1001 2188 Hoc
1030 2154 1184 2188 autem
1212 2155 1278 2188 est
1304 2143 1496 2198 falsum3
1529 2158 1637 2187 nam
1671 2152 1907 2188 ostensum
1939 2151 2008 2187 est
2032 2143 2093 2200 (c.
2128 2142 2189 2199 3.)

226 2213 346 2270 quod
374 2225 513 2255 omne
540 2225 680 2270 agens
696 2211 889 2255 intendit
902 2211 1091 2255 bonum.
1112 2210 1286 2254 Malum
1313 2210 1450 2268 igitur
1465 2224 1545 2270 per
1567 2224 1615 2254 se
1630 2224 1726 2254 non
1748 2219 1816 2254 est
1831 2207 1968 2254 causa
1985 2207 2192 2267 alicujus,

226 2278 304 2322 sed
332 2278 483 2322 solum
511 2292 589 2337 per
615 2278 842 2322 accidens.
871 2277 1040 2322 Omnis
1067 2287 1220 2322 autem
1245 2291 1381 2322 causa
1408 2291 1489 2335 per
1515 2276 1727 2321 accidens
1753 2276 1983 2321 reducitur
2007 2276 2064 2320 ad
2089 2290 2192 2321 cau-

227 2359 325 2389 sam
351 2359 431 2404 per
463 2359 524 2390 se.
560 2344 724 2389 Solum
758 2354 910 2389 autem
941 2345 1117 2389 bonum
1149 2354 1300 2402 potest
1333 2358 1433 2388 esse
1466 2358 1545 2403 per
1576 2358 1624 2388 se
1658 2357 1815 2388 causa:
1849 2341 2026 2388 malum
2055 2343 2190 2403 igitur

227 2421 464 2456 causatum
493 2421 560 2456 est
586 2426 608 2455 a
636 2411 776 2457 bono.

313 2479 579 2523 Praeterea:
611 2478 761 2522 omnis
789 2492 927 2522 causa
953 2477 1026 2521 vel
1052 2487 1120 2521 est
1144 2478 1348 2531 materia,
1374 2476 1447 2522 vel
1479 2476 1644 2531 forma,
1675 2476 1749 2521 vel
1781 2490 1935 2536 agens,
1966 2475 2040 2523 vel
2071 2472 2188 2521 finis.

226 2544 402 2589 Malum
440 2555 592 2589 autem
624 2559 719 2589 non
751 2555 902 2604 potest
933 2558 1031 2589 esse
1066 2558 1214 2603 neque
1246 2544 1452 2598 materia,
1489 2558 1636 2602 neque
1668 2543 1838 2598 forma}
1867 2553 2102 2588 ostensum
2124 2553 2192 2588 est

226 2612 348 2656 enim
376 2627 510 2671 supra
535 2613 598 2670 (c.
626 2626 665 2669 7.
694 2621 738 2655 et
763 2613 843 2671 9.),
872 2611 994 2670 quod
1019 2622 1113 2655 tam
1132 2625 1210 2655 ens
1229 2621 1347 2664 acm,
1370 2625 1508 2669 quam
1527 2625 1606 2654 ens
1623 2611 1669 2654 in
1695 2610 1899 2668 potentia
1915 2620 1983 2655 est
2000 2609 2190 2655 bonum.

229 2678 448 2723 Similiter
473 2693 568 2722 non
594 2689 743 2737 potest
775 2692 873 2723 esse
901 2692 1055 2736 agens,
1082 2692 1223 2736 quum
1255 2677 1612 2736 unumquodque
1649 2686 1754 2736 agat
1784 2674 2036 2721 secundum
2067 2675 2190 2736 quod

227 2756 294 2790 est
321 2756 422 2790 actu
447 2755 492 2789 et
522 2744 721 2789 formam
747 2745 898 2788 habet.
930 2745 1091 2803 Neque
1125 2746 1263 2788 etiam
1296 2754 1446 2803 potest
1479 2759 1576 2788 esse
1607 2743 1722 2798 finis,
1755 2757 1896 2803 quum
1927 2742 1986 2788 sit
2014 2748 2191 2803 praeter

225 2812 542 2866 intentionem,
569 2822 617 2857 ut
642 2813 885 2871 probatum
912 2823 979 2856 est
1005 2812 1066 2870 (c.
1093 2812 1172 2869 4.).
1201 2811 1377 2856 Malum
1403 2812 1540 2870 igitur
1564 2825 1658 2855 non
1690 2820 1840 2871 potest
1872 2824 1970 2856 esse
2002 2810 2191 2870 alicujus

227 2895 378 2925 causa.
408 2880 455 2924 Si
482 2880 620 2939 igitur
647 2880 817 2939 aliquid
844 2880 901 2924 sit
927 2893 1063 2924 causa
1092 2879 1214 2933 mali,
1242 2889 1423 2938 oportet
1449 2880 1570 2938 quod
1598 2879 1655 2924 sit
1681 2893 1706 2922 a
1730 2878 1854 2923 bono
1881 2887 2131 2935 causatum.

318 2946 477 2999 Quum
505 2957 654 2992 autern
686 2947 859 2991 bonum
887 2956 931 2991 et
953 2946 1127 2990 malum
1153 2947 1242 2990 sint
1267 2948 1490 3004 opposita,
1517 2960 1660 2989 unum
1687 2955 1840 2989 autem
1868 2944 2186 3004 oppositorum

224 3028 318 3058 non
345 3024 494 3072 potest
516 3028 614 3058 esse
644 3028 781 3057 causa
808 3013 990 3057 alterius
1017 3013 1103 3057 nisi
1130 3027 1209 3071 per
1236 3012 1460 3066 accidens,
1494 3013 1610 3057 sicut
1639 3011 1857 3070 frigidum
1882 3010 2111 3067 calefacit,
2143 3020 2193 3057 ut

225 3077 386 3126 dicitur
411 3083 456 3125 in
483 3091 649 3126 octavo
676 3081 858 3139 Physic.
877 3082 928 3138 (t.
959 3096 995 3125 c.
1024 3079 1102 3137 8.)‚
1120 3080 1322 3139 sequitur
1339 3079 1461 3138 quod
1478 3079 1651 3123 bonum
1668 3093 1763 3123 non
1780 3080 1923 3138 possit
1939 3091 2037 3124 esse
2054 3091 2192 3122 causa

228 3150 374 3192 activa
402 3148 514 3192 mali
534 3148 622 3192 nisi
654 3162 734 3206 per
761 3147 986 3192 accidens.

313 3215 414 3258 Hoc
450 3225 600 3259 autem
638 3214 847 3278 accidens
880 3214 926 3257 in
958 3212 1238 3258 naturalibus
1270 3222 1419 3271 potest
1452 3226 1566 3267 esse,
1599 3222 1643 3257 et
1675 3226 1727 3257 ex
1766 3221 1893 3271 parte
1927 3210 2118 3271 agentis,
2148 3220 2194 3255 et

225 3295 278 3324 ex
311 3291 435 3339 parte
464 3280 664 3325 effectus.

313 3347 379 3392 Ex
410 3358 536 3406 parte
569 3348 754 3407 quidem
782 3349 970 3406 agentis,
998 3347 1114 3391 sicut
1141 3362 1281 3406 quum
1318 3361 1457 3404 agens
1484 3346 1651 3405 patitur
1675 3342 1905 3392 defectum
1930 3342 2191 3400 virtutis„ex

226 3429 316 3473 quo
344 3415 545 3473 sequitur
572 3414 693 3474 quod
723 3415 842 3459 actio
870 3415 925 3458 sit
958 3412 1180 3458 defectiva
1215 3423 1259 3457 et
1291 3412 1478 3457 effectus
1511 3412 1752 3467 deficiens;
1784 3420 1853 3467 ut,·
1880 3424 2020 3473 quurn
2051 3410 2192 3457 virtus

227 3482 421 3525 membri
449 3482 691 3539 digerentis
718 3492 784 3526 est
810 3480 984 3534 debilis,
1012 3480 1216 3539 sequitur
1242 3478 1510 3538 imperfecta
1535 3478 1744 3523 decoctio
1771 3488 1817 3523 et
1834 3477 2005 3537 humqr¹
2023 3476 2194 3537 indige·

232 3558 341 3603 stus,
370 3563 485 3607 quae
512 3559 614 3593 sunt
641 3548 866 3607 quaedam
895 3547 1017 3591 mala
1044 3557 1244 3591 naturae.
1274 3546 1456 3591 Accidit
1474 3555 1627 3590 autem
1645 3544 1871 3604 agenti,in
1889 3546 2107 3604 quantum
2125 3553 2192 3590 est

234 3629 390 3675 agens,
416 3615 537 3674 quod
565 3615 794 3660 defectum
820 3615 995 3660 virtutis
1027 3613 1242 3674 patiatur;
1264 3627 1359 3657 non
1381 3612 1503 3657 enim
1523 3613 1616 3671 agit
1631 3611 1883 3658 secundum
1899 3610 2021 3676 quod
2039 3609 2191 3671 deficit

2316 2378 2332 2429 νῖἑθιιῑ
2316 2359 2332 2374 -ἶ“;
2310 2339 2317 2351 U

2309 2623 2310 2630 ⁴
2320 2540 2332 2586 carr-v
2319 2502 2332 2525 *m
2317 2429 2332 2494 aas&
