2332 3854
268 188 373 255 630
938 177 1093 238 LIBER
1132 201 1204 237 Iv.
1248 179 1368 237 cap,
1410 200 1539 238 XLII.

315 319 317 321 ·
353 302 549 346 Rursus:
578 301 769 367 affinitas
797 302 1021 361 quaedam
1047 301 1224 346 videtur
1245 304 1444 346 maxime
1470 302 1692 347 Verbiad
1709 303 2225 357 humanam‘naturam;

266 369 411 412 homo
432 368 554 412 enim
572 364 803 427 propriam
826 368 1026 425 speciem
1043 369 1230 412 sortitur
1245 368 1498 413 secundum
1516 368 1637 428 quod
1654 368 1889 413 rationalis
1906 379 2004 424 est;
2008 368 2224 414 Verbum
2311 408 2326 425 ³„

272 445 425 478 autem
449 435 614 478 rationi
643 433 775 478 affine
804 444 894 488 est3
922 434 1042 477 unde
1069 434 1187 492 apud
1215 434 1420 479 Graecos
1447 436 1579 495 Λόγος
1605 435 1811 480 Verbum
1838 445 1883 480 et
1906 435 2024 492 ratio
2047 434 2224 481 dicitur.
2275 457 2278 459 v
2312 431 2325 462 ²7³

271 501 719 545 Convenientissime
761 500 899 558 igitur
937 499 1142 543 Verbum
1184 488 1395 545 rationali
1440 510 1628 546 naturae
1676 503 1854 546 unitum
1885 512 1986 557 est3
2006 516 2159 561 nam
2181 511 2228 546 et

274 578 459 626 propter
496 566 760 610 affinitatem
793 566 1072 624 praedictam
1105 567 1256 610 divina
1290 567 1520 626 Scriptura
1551 582 1724 620 nomen
1754 569 1967 627 imaginis
1998 571 2043 613 'et
2071 556 2225 615 verbo

271 635 470 678 attribuit
496 644 540 676 et
564 633 767 685 homini3
794 632 903 676 dicit
928 633 1050 676 enim
1078 633 1330 692 Apostolus
1356 634 1562 692 (Coloss.
1585 635 1619 678 Ι.
1647 648 1694 692 15
1702 635 1735 692 )
1762 634 1818 678 de
1844 633 1999 679 Verbo
2021 625 2145 694 quod
2156 641 2228 679 est

269 702 408 758 imago
434 699 657 743 invisibilis
687 700 786 752 Dei,
821 711 866 743 et
889 699 1012 743 idem
1039 699 1094 743 de
1126 700 1315 745 homine
1339 701 1447 745 dicit
1478 701 1533 759 (Ι.
1562 701 1770 748 Corinth.
1801 701 1881 745 ΧΙ.
1908 701 1972 759 7.)
2003 701 2126 782 quod
2155 702 2228 747 vir

273 772 327 810 est
351 767 488 823 imago
515 766 613 808 Dei.
2126 803 2127 806 η

360 831 509 874 Habet
535 831 673 875 etiam
695 830 914 886 Verbum,
940 846 1035 876 non
1057 832 1209 877 solum
1236 834 1292 878 ad
1318 833 1590 878 rationalem
1615 843 1842 889 naturam,
1866 833 1949 880 sed
1973 834 2112 879 etiam
2133 834 2229 879 uni

271 897 504 942 versaliter
531 897 586 940 ad
614 911 803 941 omnem
830 908 1099 954 creaturam,
1132 899 1379 958 quamdam
1412 900 1639 946 affinitatis
1672 901 1922 957 rationem3
1955 914 2096 960 quum
2117 899 2230 945 Ver-

272 965 382 1008 bum
410 964 642 1008 contineat
667 964 866 1008 rationes
893 966 1104 1009 omnium
1131 977 1390 1012 creatorum
1419 981 1444 1011 a
1474 968 1594 1022 Deo,
1620 968 1739 1012 sicut
1770 967 1927 1012 artifex
1950 968 2097 1016 homo
2124 980 2231 1012 con—
2315 1015 2327 1021 ,

272 1031 484 1089 ceptione
505 1031 574 1074 sui
590 1031 847 1076 intellectus
864 1033 1063 1077 rationes
1082 1033 1426 1078 artificiatorum
1445 1034 1806 1094 comprehendit.
1826 1034 1902 1079 Sic
1918 1034 2057 1094 igitur
2068 1047 2229 1080 omnes
2252 1084 2254 1086 ,

274 1107 507 1141 creaturae
533 1097 649 1142 nihil
676 1097 799 1142 aliud
825 1108 929 1143 sunt
961 1114 1100 1158 quam
1132 1100 1265 1145 realis
1287 1101 1513 1160 quaedam
1546 1101 1774 1161 expressio
1802 1111 1847 1146 et
1876 1102 2230 1161 repraesentatio

272 1178 433 1208 eorum
461 1178 576 1223 quae
602 1165 649 1208 in
677 1165 979 1224 conceptione
1005 1166 1143 1210 divini
1170 1166 1310 1211 Verbi
1337 1168 1811 1226 comprehenduntur,
1829 1178 2015 1228 propter
2037 1167 2161 1228 quod
2185 1176 2231 1212 et

274 1231 430 1274 omnia
456 1245 536 1289 per
562 1231 912 1276 Verbumfacta
939 1246 1037 1277 esse
1060 1233 1282 1278 dicuntur.
1311 1233 1653 1279 Convenienter
1673 1235 1811 1294 igitur
1824 1234 2031 1279 ⁴Verbum
2057 1242 2230 1279 creatu-

272 1311 364 1351 rae,
390 1297 565 1343 scilicet
589 1298 820 1344 humanae
849 1309 1051 1356 naturae,
1077 1300 1255 1345 unitum
1284 1311 1365 1346 est.
2080 1319 2083 1321 ’

1001 1520 1254 1577 CAPUT
1295 1522 1501 1577 XLIII.
1559 1498 1576 1515 “

593 1670 752 1716 QUOD
795 1670 1028 1711 HUMANA
1067 1672 1290 1712 NATURA
1329 1673 1614 1711 ASSUMPTA
1652 1674 1688 1711 A
1727 1670 1904 1713 VERBO
2026 1718 2030 1720 ‚

277 1752 394 1793 NON
419 1751 817 1791 PRAEEXSTITIT
851 1752 1240 1805 ASSUMPT10N1‚
1265 1756 1365 1792 SED
1394 1755 1524 1793 FUIT
1558 1754 1845 1794 ASSUMPTA
1867 1755 1903 1794 A
1926 1753 2105 1803 VERBO
2137 1716 2232 1803 DEl
2272 1746 2276 1748 ’
2312 1755 2319 1791 3

923 1835 980 1875 IN
1019 1835 1138 1874 IPSA
1178 1836 1590 1876 CONCEPTIONE.

366 1957 526 2008 Quum
553 1966 706 2001 autem
732 1957 936 2003 Verbum
961 1959 1215 2004 humanam
1248 1971 1460 2005 naturam
1486 1961 1730 2021 assumpsit
1763 1961 1811 2006 in
1836 1961 2062 2008 unitatem
2080 1973 2236 2021 perso,-
2301 1971 2304 1972 ’

273 2038 374 2077 nae,
401 2033 450 2067 ut
476 2038 529 2067 ex
553 2023 683 2068 dictis
711 2024 771 2082 (c
797 2025 891 2082 41.)
916 2027 1010 2102 Jam
1027 2037 1163 2086 patet,
1191 2028 1393 2087 oportuit
1408 2028 1661 2073 humanam
1679 2038 1888 2075 naturam
1905 2040 1999 2107 non
2015 2026 2236 2111 praeexsi-

274 2101 392 2135 stere
420 2100 665 2149 antequam
692 2091 847 2136 Verbo
873 2093 1688 2142 uniretur..
2085 2118 2088 2119 ’
2128 2118 2130 2120 v
2294 2133 2297 2135 .

365 2158 414 2202 Si
441 2158 564 2202 enim
590 2159 947 2216 praeexsisteret,
981 2175 1122 2219 quum
1148 2172 1311 2206 natura
1336 2162 1660 2221 praeexsistere
1691 2176 1786 2207 non
1817 2136 1986 2223 possit
1988 2159 2078 2209 nisi
2099 2162 2151 2208 in
2169 2161 2232 2208 in·

274 2226 474 2279 dividuo,
515 2227 792 2303 oportuisset
818 2242 917 2272 esse
951 2229 1136 2287 aliquod
1162 2229 1448 2274 individuum
1480 2229 1599 2274 illius
1630 2229 1861 2275 humanae
1892 2235 2091 2275 naturae
2102 2237 2234 2288 prae-
2275 2235 2309 2292 ‘J

274 2292 506 2337 existentis
531 2302 634 2337 ante
660 2294 893 2350 unionem.
920 2295 1211 2343 Individuum
1234 2306 1387 2340 autem
1412 2296 1644 2340 humanae
1669 2305 1859 2340 naturae
1884 2305 1953 2341 est
1976 2294 2236 2355 hypostasis
2287 2341 2290 2347 ,,

276 2369 321 2403 et
347 2372 555 2417 persona.
578 2359 672 2402 Erit
698 2359 835 2417 igitur
866 2360 1017 2406 dicere
1050 2362 1172 2420 quod
1210 2362 1414 2406 humana
1445 2371 1606 2406 natura
1642 2361 1914 2407 assumenda
1946 2375 1973 2406 a
2002 2360 2157 2407 verbo
2186 2360 2235 2410 in

276 2426 428 2484 aliqua
450 2425 688 2484 hypostasi
713 2425 787 2470 vel
818 2441 1013 2485 persona
1046 2422 1410 2487 praeexstitisset.
1440 2429 1489 2472 Si
1526 2429 1660 2487 igitur
1693 2438 1854 2473 natura
1884 2428 1965 2474 illa
2004 2435 2236 2486 assumpta
2280 2429 2301 2482 “j

273 2492 446 2545 fuisset,
483 2502 698 2536 manente
730 2493 870 2550 priori
895 2494 1145 2553 hypostasi,
1171 2494 1245 2540 vel
1276 2509 1486 2554 persona,
1512 2496 1836 2540 remansissent
1851 2505 1959 2556 tunc
1985 2493 2238 2557 postumio·

275 2572 383 2602 nem
411 2559 526 2602 duae
558 2558 843 2617 hypostases,
876 2560 949 2604 vel
985 2575 1223 2620 personae,
1250 2576 1340 2606 una
1365 2562 1506 2606 Verbi
1532 2571 1576 2606 et
1608 2561 1696 2606 alia
1728 2561 2116 2617 hominis3etsie
2139 2573 2236 2607 non
2277 2557 2295 2618 J

279 2634 396 2669 esset
427 2624 547 2669 facta
579 2625 688 2669 unio
721 2626 766 2670 in
793 2628 1030 2686 hypostasi
1055 2629 1128 2673 vel
1154 2643 1371 2688 persona;
1399 2629 1522 2688 quod
1546 2638 1613 2673 est
1639 2639 1796 2673 contra
1823 2630 2095 2673 sententiam
2114 2626 2235 2672 fidei.

282 2693 330 2736 Si
346 2706 456 2736 vero
474 2692 732 2750 hypostasis
756 2694 830 2737 vel
855 2709 1050 2753 persona
1068 2695 1145 2739 illa
1171 2710 1265 2739 non
1292 2698 1355 2740 rei
1373 2705 1579 2740 maneret
1603 2696 1650 2739 in
1677 2709 1730 2739 ea
1755 2706 1915 2740 natura
1940 2696 1986 2739 in
2003 2708 2092 2755 qua
2117 2706 2239 2739 assu·

280 2759 446 2803 menda
473 2772 498 2802 a
523 2758 677 2803 Verbo
699 2762 1063 2818 praeexstitisset,
1090 2762 1180 2807 hoc
1208 2763 1303 2806 sine
1331 2762 1620 2822 corruptione
1648 2762 1854 2807 accidere
1878 2776 1972 2810 non
1993 2760 2237 2821 potuIsset;
2275 2761 2281 2774 ⁵

277 2825 454 2870 nullum
482 2826 604 2869 enim
622 2819 849 2886 singulare
877 2828 1041 2873 desinit
1068 2843 1165 2873 esse
1191 2830 1282 2874 hoc
1309 2830 1431 2907 quod
1458 2839 1539 2884 est,
1564 2830 1651 2874 nisi
1670 2843 1752 2906 per
1774 2829 2130 2906 corruptionem.
2157 2826 2234 2872 sic
2274 2861 2286 2889 4

277 2893 414 2952 igitur
441 2893 716 2952 oportuisset
740 2894 870 2939 illum
896 2895 1137 2940 hominem
1164 2897 1396 2956 corrumpi
1421 2897 1498 2956 qui
1524 2897 1683 2940 unioni
1704 2896 2068 2958 praeexstitisset,
2093 2904 2138 2940 et
2158 2907 2238 2954 per

280 2973 565 3018 consequens
612 2961 865 3006 humanam
897 2972 1107 3006 naturam
1148 2963 1195 3007 in
1228 2977 1283 3008 eo
1321 2963 1635 3008 exsistentem:
1679 2962 1958 3023 impossibile
1991 2963 2126 3022 igitur
2155 2958 2317 3022 suit}

278 3027 401 3085 quod
433 3026 639 3072 Verbum
672 3038 923 3073 assumeret
953 3029 999 3073 in
1024 3030 1243 3074 unitatem
1269 3044 1491 3090 personae
1519 3029 1717 3089 aliquem
1742 3029 1984 3075 hominem
2008 3026 2238 3090 praeexsi-
2268 3037 2286 3090 ,g

282 3103 490 3139 stentem.

1959 3162 1970 3174 ο
2033 3164 2044 3176 ι
2114 3162 2125 3174 ο
2191 3160 2204 3175 ο
2251 3151 2288 3184 '⁵3'
2319 3150 2321 3152 ¹

282 3241 443 3272 eorum
469 3244 585 3287 quae
610 3229 833 3274 naturalia
857 3241 961 3275 sunt
986 3230 1165 3275 homini
1192 3230 1233 3275 ei
1259 3231 1448 3276 deesset.
1476 3230 1554 3275 Est
1580 3240 1734 3275 autem
1758 3229 1967 3276 naturale
1988 3227 2169 3276 homiffi
2186 3236 2245 3282 ¹13,

280 3305 491 3339 nascatur
514 3296 746 3341 nativitate
771 3297 988 3341 humana.
1018 3297 1120 3342 Hoc
1150 3307 1301 3342 autem
1328 3297 1533 3342 Verbum
1559 3297 1647 3342 Dei
1674 3310 1769 3342 non
1794 3286 2006 3352 haberet,-
2004 3296 2066 3342 si
2078 3286 2300 3359 host

280 3374 387 3404 nem
411 3363 811 3419 praeexsistentem
845 3364 1184 3441 assumpsisset3
1216 3378 1326 3409 nam
1357 3363 1433 3409 ille
1466 3364 1610 3409 homo
1642 3364 1690 3408 in
1722 3377 1803 3408 sua
1833 3363 2071 3414 nativitate
2099 3360 2284 3423 ριιιιῃξῗξ

282 3428 424 3472 horno
458 3430 728 3485 exstitisset3
756 3431 876 3476 unde
909 3433 1004 3490 ejus
1035 3428 1246 3476 nativitas
1276 3430 1430 3476 Verbo
1461 3444 1555 3475 non
1582 3439 1736 3510 posset
1767 3428 1979 3487 attribui.
1987 3443 2077 3476 nec
2093 3425 2234 3517 Be&

281 3493 425 3553 Virgo
451 3505 597 3541 mater
620 3496 761 3541 Verbi
782 3497 872 3542 dici
892 3507 1059 3558 posset.
1081 3497 1214 3543 Fides
1241 3507 1393 3542 autem
1414 3510 1495 3557 per
1516 3498 1675 3543 omnia
1700 3496 1805 3543 sine
1821 3503 2033 3558 peccato,

281 3574 387 3606 eum
413 3561 580 3608 nobis
569 3577 615 3608 ιιι
637 3562 916 3610 naturalibus
944 3563 1198 3619 confitetur,
1231 3562 1386 3610 dicens
1418 3562 1587 3609 Filium
1610 3562 1715 3620 Dei,
1757 3562 2030 3617 secundum
2026 3556 2332 3634 Λῇὸθίᾱ·
