2294 3854
854 194 1008 235 mnan
1047 197 1118 236 ιν.
1160 198 1280 236 CAP.
1323 197 1510 236 Lxxut.
2032 186 2135 255 679

184 283 299 359 biae,
323 297 451 356 cujus
477 296 680 342 minister
712 296 896 350 exsistit,
923 308 968 341 et
994 299 1119 355 cujus
1141 312 1384 356 personam
1407 299 1536 357 gerit.
1562 298 1805 357 impeditur
1835 307 1986 343 autern
2008 299 2141 358 hujus

97 368 117 402 ἶ
188 362 462 429 sacramenti
493 362 678 408 effectus
709 375 790 425 per
813 362 1048 412 fictionem
1080 364 1377 423 suscipientis,
1415 364 1531 408 sicut
1558 364 1780 421 contingit
1806 374 1849 408 et
1874 365 1919 408 in
1947 366 2045 409 aliis
2077 379 2143 410 sa·

189 429 446 475 eramentis.

892 603 1147 659 CAPUT
1189 604 1446 659 LXXIV.

779 737 852 776 DE
893 737 1259 779 SACRAMENTO
1300 738 1540 779 ORDlNlS.

922 839 1019 897 (IV.
1047 839 1158 886 Sent.
1185 840 1276 889 dist.
1302 842 1414 898 24.).

275 951 572 998 Manifestum
599 961 667 996 est
707 946 858 996 autem
892 965 946 997 ex
977 951 1217 1010 praedictis
1249 952 1371 1011 quod
1412 952 1459 995 in
1492 952 1703 996 omnibus
1735 951 2045 1005 sacramentis,
2085 952 2141 997 de

185 1015 348 1136 ambus
371 1018 465 1080 jam
497 1018 667 1063 dictum
701 1027 782 1072 est,
813 1018 1056 1077 spiritualis
1099 1017 1328 1062 confertur
1371 1020 1514 1077 gratia
1547 1019 1626 1062 sub
1669 1029 1956 1063 sacramento
1997 1018 2143 1062 visibi-

221 1096 300 1131 um
325 1099 492 1133 rerum.
521 1085 689 1131 Omnis
715 1095 869 1130 autem
903 1085 1023 1130 actio
1050 1085 1184 1130 debet
1220 1099 1318 1130 esse
1361 1087 1704 1145 proportionata
1747 1086 1911 1145 agenti.
1946 1085 2143 1144 Oportet

178 1153 321 1217 ‘igitur
351 1152 474 1213 quod
498 1152 836 1211 praedictorum
869 1152 1146 1211 dispensatio
1173 1162 1566 1196 sacramentorum
1599 1152 1678 1196 fiat
1706 1163 1787 1211 'per
1810 1153 2020 1196 homines
2043 1153 2143 1196 visi-

178 1212 298 1265 'biles
332 1215 614 1281 spiritualem
647 1219 862 1262 virtutem
887 1218 1126 1264 habentes:
1161 1232 1255 1262 non
1289 1218 1410 1262 enim
1446 1218 1617 1278 angelis
1651 1220 1869 1278 competit
1890 1232 2143 1263 sacramen-

179 1282 346 1332 torum
367 1278 660 1347 dispensatio,
692 1285 771 1329 sed
802 1284 1065 1329 hominibus
1091 1284 1254 1330 visibili
1279 1299 1414 1329 carne
1446 1285 1637 1329 indutis:
1665 1286 1784 1330 unde
1817 1295 1862 1330 et
1887 1284 2140 1343 Apostolus

182 1346 295 1419 ⁴(licit
323 1350 485 1413 (Hebr.
509 1350 567 1394 V.
605 1350 690 1408 1.):
725 1351 875 1396 Omnis
893 1352 1087 1412 pontifex
1111 1367 1161 1396 ex
1177 1352 1414 1397 hominibus
1428 1359 1671 1413 assumptus,
1689 1361 1769 1415 pro
1787 1353 2022 1397 hominibus
2044 1367 2141 1398 con-

154 1443 157 1445 ·
182 1418 370 1483 stituitur
398 1419 445 1463 in
469 1417 532 1462 bis
561 1432 667 1477 quae
697 1424 796 1462 sunt
824 1417 879 1463 ad
910 1418 1065 1462 Deum.

207 1498 211 1499 ⁷
272 1484 419 1543 Huius
449 1493 603 1537 autern
633 1484 750 1528 ratio
783 1483 964 1529 aliunde
997 1485 1116 1529 sumi
1147 1496 1309 1544 potest.
1338 1485 1742 1530 sacramentorum
1769 1485 1891 1530 enim
1917 1485 2137 1530 institutio

182 1552 382 1597 etvirtus
398 1559 424 1595 a
441 1548 627 1595 Christo
645 1548 820 1594 initium
839 1550 1000 1595 habet:
1020 1551 1074 1595 de
1095 1552 1196 1610 ipso
1224 1552 1345 1596 enim
1373 1552 1482 1596 dicit
1506 1551 1756 1610 Apostolus
1784 1551 1969 1611 (Ephes.
1992 1550 2048 1595 V.
2068 1562 2138 1608 25.

182 1627 229 1679 et
254 1617 363 1676 26.),
401 1618 526 1679 quod
559 1616 748 1662 Christus
787 1617 928 1662 dilexit
968 1618 1211 1671 Ecclesiam,
1246 1626 1283 1663 et
1311 1621 1485 1678 seipsum
1521 1618 1693 1662 tradidit
1726 1626 1805 1676 pro
1842 1633 1904 1672 ea,
1943 1624 1990 1662 ut
2020 1618 2139 1662 illam

180 1676 472 1742 santificas-ct,
499 1682 704 1728 mundans
727 1698 819 1728 eam
851 1685 1024 1728 lavacro
1049 1698 1182 1744 aquae
1207 1687 1251 1729 in
1276 1687 1403 1730 verbo
1429 1687 1553 1730 vitae.
1586 1683 1877 1728 Manifestum
1910 1694 1977 1729 est
1999 1683 2136 1728 etiam

182 1750 306 1813 quod
333 1748 542 1795 Christus
574 1761 914 1794 sacramentum
940 1750 1010 1794 sui
1030 1752 1234 1810 corporis
1268 1761 1312 1796 et
1337 1751 1569 1810 sanguinis
1591 1751 1637 1794 in
1665 1764 1808 1795 coena
1836 1751 1971 1804 dedit,
1994 1760 2038 1794 et
2058 1749 2140 1794 fre-

182 1815 493 1877 quentandum
513 1815 718 1870 instituit,
745 1830 861 1876 quae
883 1827 986 1861 sunt
1012 1817 1277 1877 principalia
1302 1827 1602 1862 sacramenta.
1628 1816 1750 1868 Quia
1772 1817 1908 1875 igitur
1931 1816 2138 1861 Christus

185 1881 474 1943 corporalem
499 1884 568 1927 sui
593 1883 899 1941 praesentiam
925 1894 1021 1927 erat
1047 1882 1280 1928 Ecclesiae
1306 1883 1629 1936 subtracturus,
1651 1883 1959 1927 necessarium
1986 1881 2067 1926 fuit
2090 1892 2137 1926 ut

185 1948 300 1997 alios
330 1949 585 1994 institueret
608 1948 693 1993 sibi
718 1949 966 2002 ministros,
993 1950 1070 2008 qui
1096 1960 1381 1994 sacramenta
1407 1949 1613 1993 fidelibus
1641 1949 1965 2006 dispensarent,
1983 1962 2138 1992 secun-

181 2014 289 2060 dum
315 2013 427 2059 illud
453 2014 668 2074 Apostoli
692 2014 744 2072 (Ι.
775 2015 883 2059 Cor.
909 2014 992 2059 IV.
1022 2015 1103 2072 1.):
1127 2016 1195 2061 Sic
1215 2031 1289 2060 nos
1305 2017 1504 2060 existimet
1520 2016 1640 2059 homo
1659 2021 1705 2060 ut
1726 2017 1936 2060 ministros
1965 2015 2134 2068 Christi,

181 2086 220 2127 et
248 2081 545 2143 dispensatores
569 2082 860 2139 mysteriorum
886 2081 983 2125 Dei.
1008 2081 1142 2126 Unde
1168 2081 1399 2140 discipulis
1426 2079 1820 2126 ¹consecrationem
1843 2083 1911 2125 sui
1934 2083 2138 2140 corporis

181 2157 227 2197 et
255 2147 489 2207 sanguinis
514 2147 762 2200 commisit,
788 2147 943 2192 dicens
976 2147 1109 2205 (Luc.
1136 2148 1280 2191 XXII.
1314 2146 1426 2207 19.):
1453 2148 1548 2192 Hoc
1567 2149 1699 2206 facite
1724 2149 1770 2192 in
1799 2162 1934 2192 meam
1968 2162 2139 2192 comme-

179 2216 470 2268 morationem,
503 2214 675 2258 eisdem
705 2213 858 2257 tribuit
898 2223 1167 2272 potestatem
1200 2225 1388 2272 peccata
1429 2214 1700 2275 remittendi,
1733 2214 1984 2258 secundum
2024 2212 2135 2256 illud

151 2297 153 2300 ⁴
179 2280 371 2344 (Joann.
389 2279 491 2325 XX.
515 2280 634 2337 23.):
655 2281 849 2337 Quorum
865 2282 1105 2325 remiseritis
1113 2286 1302 2339 peccata,
1320 2281 1591 2325 remittuntur
1607 2282 1687 2338 ei55
1704 2280 1876 2324 eisdem
1903 2280 2039 2323 etiam
2062 2280 2137 2323 do—

144 2372 147 2373 r
180 2347 314 2392 cendi
329 2357 374 2392 et
388 2347 646 2407 baptizandi
669 2346 860 2404 injunxit
886 2345 1104 2400 officium,
1127 2347 1280 2391 dicens
1307 2346 1491 2404 (Matth.
1516 2345 1725 2390 XXVIII.
1746 2346 1856 2405 19.):
1880 2347 2049 2401 Euntes,
2067 2346 2137 2390 do-

182 2420 262 2460 cete
286 2410 424 2459 omnes
444 2420 594 2472 gentes,
623 2414 876 2473 baptizantes
892 2427 968 2457 eos.
988 2412 1194 2457 Minister
1211 2423 1363 2457 autem
1382 2423 1672 2470 comparatur
1689 2412 1743 2455 ad
1763 2413 1999 2456 dominum
2022 2412 2138 2456 sicut

178 2481 532 2529 instrumentum
564 2479 619 2523 ad
650 2478 899 2538 principale
927 2493 1080 2537 agens.
1124 2479 1252 2523 Sicut
1284 2480 1407 2524 enim
1448 2479 1798 2525 instrumentum
1840 2490 2049 2522 movetur
2081 2479 2133 2522 ab

182 2557 344 2608 agente
376 2547 432 2591 ad
464 2546 634 2605 aliquid
667 2544 955 2600 effciendum,
981 2546 1044 2589 sic
1072 2546 1277 2590 minister
1303 2555 1515 2590 movetur
1540 2547 1731 2603 imperio
1773 2545 1948 2589 domini
1980 2545 2035 2588 ad
2063 2545 2138 2588 ali·

181 2612 288 2676 quid
306 2612 659 2672 exsequendum.
677 2612 872 2671 Oportet
888 2621 1041 2656 autem
1059 2611 1408 2656 instrumentum
1431 2625 1528 2655 esse
1547 2611 1939 2670 proportionatum
1963 2612 2134 2669 agenti:

183 2679 303 2724 unde
329 2689 375 2724 et
399 2679 631 2724 ministros
663 2677 836 2723 Christi
862 2688 1043 2737 oportet
1064 2691 1162 2722 esse
1191 2679 1232 2722 ei
1259 2677 1531 2722 conformes.
1561 2677 1767 2722 Christus
1793 2688 1943 2721 autem
1972 2686 2019 2722 ut
2041 2678 2134 2723 Do-

180 2745 330 2791 minus
357 2745 623 2790 auctoritate
655 2754 699 2790 et
729 2745 891 2789 virtute
925 2745 1106 2803 propria
1132 2754 1337 2788 nostram
1364 2744 1559 2788 salutem
1586 2754 1796 2802 operatus
1819 2754 1900 2796 est,
1927 2744 1973 2787 in
2000 2757 2137 2803 quan-

179 2821 278 2857 tum
301 2811 386 2856 fuit
408 2812 535 2856 Deus
561 2822 606 2856 et
629 2811 800 2865 homo;
835 2821 883 2855 ut
908 2811 1159 2855 secundum
1185 2811 1228 2854 id
1263 2811 1384 2869 quod
1417 2810 1560 2855 homo
1589 2821 1668 2864 est,
1693 2811 1747 2854 ad
1774 2811 2134 2869 redemptionem

178 2888 383 2924 nostram
414 2887 655 2937 pateretur,
681 2878 932 2922 secundum
966 2887 1118 2920 autem
1146 2877 1267 2935 quod
1300 2877 1440 2931 Deus,
1462 2877 1612 2935 passio
1641 2878 1735 2935 ejus
1761 2877 1892 2921 nobis
1918 2877 2045 2922 fieret
2066 2891 2137 2921 sa-

179 2943 351 2988 lutaris.
386 2943 583 3003 Oportet
609 2943 744 3002 igitur
769 2943 1002 2987 ministros
1029 2942 1201 2987 Christi
1226 2942 1438 2987 homines
1472 2957 1585 2996 esse,
1619 2953 1663 2986 et
1689 2943 1856 3002 aliquid
1889 2943 2134 2988 divinitatis

178 3011 276 3069 ejus
301 3010 568 3070 participare
594 3009 842 3054 secundum
873 3008 1072 3067 aliquam
1099 3008 1379 3067 spiritualem
1420 3018 1720 3068 potestatem:
1750 3023 1858 3053 nam
1891 3019 1935 3054 et
1975 3011 2133 3054 instru-

179 3086 384 3122 mentum
411 3075 580 3134 aliquid
606 3075 844 3134 participat
870 3075 925 3118 de
956 3076 1118 3118 virtute
1146 3074 1405 3132 principalis
1437 3075 1627 3134 agentis.
1662 3076 1732 3119 De
1757 3075 1843 3120 hac
1871 3086 2023 3120 autem
2056 3089 2136 3135 po·

178 3151 340 3187 testate
365 3141 475 3186 dicit
506 3140 756 3200 Apostolus
784 3141 861 3197 (II.
890 3140 999 3185 Cor.
1033 3140 1192 3196 X111.),
1225 3140 1346 3198 quod
1378 3149 1651 3204 potestatem
1677 3141 1799 3186 dedit
1830 3142 1872 3186 ei
1903 3142 2133 3188 Dominus

184 3209 231 3252 in
259 3207 640 3260 aedificationem,
667 3218 710 3250 et
736 3221 829 3250 non
856 3207 900 3250 in
929 3206 1295 3250 destructionem.
1605 3212 1608 3214 ’

267 3273 375 3318 Non
407 3284 474 3317 est
500 3282 653 3316 autem
679 3273 938 3325 dicendum,
965 3273 1086 3330 quod
1114 3283 1313 3330 potestas
1339 3273 1600 3331 hujusmodi
1628 3273 1691 3318 sic
1728 3274 1831 3318 data
1873 3274 1930 3318 sit
1962 3274 2134 3319 Christi

181 3339 413 3399 discipulis
454 3340 577 3399 quod
604 3353 682 3397 per
708 3352 788 3382 eos
821 3339 876 3382 ad
902 3338 1015 3382 alios
1049 3338 1292 3382 derivanda
1317 3353 1410 3383 non
1438 3350 1575 3384 esset:
1605 3341 1708 3384 data
1735 3349 1801 3384 est
1833 3340 1954 3385 enim
1988 3341 2052 3386 eis
2079 3341 2133 3385 ad

180 3405 412 3450 Ecclesiae
439 3404 803 3449 aedificationem
829 3405 1081 3448 secundum
1115 3404 1327 3462 Apostoli
1353 3405 1539 3449 dictum.
1569 3405 1767 3449 Tamdiu
1790 3406 1926 3465 igitur
1952 3417 2134 3466 oportet

179 3472 300 3516 hanc
327 3480 600 3533 potestatem
627 3471 894 3530 perpetuari,
920 3470 1135 3529 quamdiu
1162 3485 1349 3516 necesse
1372 3482 1439 3515 est
1465 3471 1692 3516 aedificari
1725 3472 1994 3532 Ecclesiam.
2031 3473 2132 3517 Hoc

182 3548 335 3583 autem
367 3551 555 3582 necesse
581 3547 648 3582 est
669 3547 771 3596 post
793 3546 989 3581 mortem
1012 3536 1339 3595 discipulorum
1364 3537 1536 3583 Christi
1554 3551 1697 3597 usque
1716 3539 1771 3582 ad
1790 3538 1961 3583 saeculi
1979 3537 2132 3584 finem.
