2332 3854
228 183 336 238 234
888 183 1042 222 LIBER
1083 183 1138 220 11.
1181 181 1301 221 cAP.
1343 182 1529 220 Lxxvn

315 283 505 329 Adhuc:
533 285 571 329 si
595 283 850 328 intellectus
880 298 1018 342 agens
1047 293 1113 327 est
1134 283 1359 342 quaedam
1382 283 1629 328 substantia
1651 294 1870 342 separata,
1893 283 2185 330 manifestum

227 360 296 395 est
322 351 443 409 quod
471 361 538 395 est
562 366 697 409 supra
728 361 937 394 naturam
969 351 1185 394 hominis.
1220 350 1442 408 Operatio
1476 360 1628 395 autem
1661 365 1800 410 quam
1831 352 1976 395 homo
2009 361 2188 399 exercet

227 417 324 462 sola
348 417 512 461 virtute
541 417 729 475 alicujus
756 416 1107 475 supernaturalis
1135 417 1426 470 substantiae,
1450 426 1517 461 est
1533 419 1737 476 operatio
1755 417 2122 476 supernaturalis,
2136 428 2188 463 ut

229 484 450 527 miracula
476 484 624 528 facere
659 493 702 527 et
734 484 1020 541 prophetare,
1057 493 1102 526 et
1134 482 1223 526 alia
1255 483 1521 542 hujusmodi
1552 499 1668 542 quae
1702 484 1855 527 divino
1888 498 2077 528 munere
2107 484 2189 529 ho-

228 551 376 595 mines
404 561 662 608 operantur.
688 550 847 601 Quum
874 550 1009 607 igitur
1034 550 1178 593 homo
1205 565 1299 594 non
1326 551 1471 609 possit
1495 550 1748 609 intelligere
1773 551 1862 594 nisi
1881 551 2045 595 virtute
2062 550 2189 596 intel-

227 617 372 661 lectus
400 618 586 675 agentis,
614 617 654 660 si
678 615 935 660 intellectus
963 631 1102 675 agens
1129 628 1197 661 est
1222 618 1447 675 quaedam
1469 618 1718 661 substantia
1745 621 1966 676 separata,
1988 617 2190 677 sequitur

229 685 351 743 quod
378 684 631 741 intelligere
658 697 752 726 non
786 683 844 726 sit
870 683 1074 742 operatio
1107 683 1290 743 propria
1316 694 1360 727 et
1390 683 1607 728 naturalis
1633 684 1837 738 homini3
1871 693 1916 728 et
1946 684 2010 727 sic
2040 684 2188 729 homo

228 766 322 796 non
349 752 514 810 poterit
541 749 720 794 diffiniri
746 764 826 809 per
851 750 942 794 hoc
969 750 1091 809 quod
1118 760 1186 794 est
1206 749 1509 795 intellectivus
1537 760 1613 794 aut
1643 750 1891 795 rationalis.

319 819 581 862 Praeterea:
613 817 725 860 nihil
761 827 973 876 operatur
1005 817 1092 861 nisi
1123 832 1203 875 per
1235 818 1436 876 aliquam
1467 818 1680 862 virtutem
1712 831 1828 876 quae
1859 816 2112 862 formaliter
2141 817 2188 861 in

228 887 328 945 ipso
357 895 446 938 est3
474 884 593 927 unde
620 883 891 928 Aristoteles
917 885 963 927 in
990 884 1192 928 secundo
1219 885 1290 928 De
1318 885 1471 928 anima
1497 885 1549 941 (t.
1577 898 1614 928 c.
1638 896 1707 938 24.
1727 897 1797 942 25.
1819 894 1863 928 et
1881 882 1972 942 26.)
1992 884 2189 929 ostendit

230 953 351 1011 quod
379 966 470 1010 quo
496 951 692 995 vivimus
719 962 763 995 et
789 954 1008 995 sentimus
1035 961 1103 995 est
1128 950 1278 995 forma
1305 961 1349 995 et
1375 961 1515 995 actus.
1544 951 1635 995 Sed
1657 961 1846 1009 utraque
1864 951 1999 1005 actio,
2016 950 2189 995 scilicet

228 1019 482 1063 intellectus
509 1017 736 1076 possibilis
760 1027 804 1061 et
828 1018 1084 1062 intellectus
1113 1020 1300 1076 agentis,
1328 1019 1542 1062 convenit
1556 1018 1759 1072 homini3
1782 1018 1926 1062 homo
1949 1018 2072 1062 enim
2094 1031 2190 1076 spe-

230 1087 321 1129 cies
350 1085 566 1129 abstrahit
594 1100 618 1128 a
640 1085 1046 1142 phantasmatibus,
1071 1095 1114 1129 et
1130 1085 1290 1143 recipit
1306 1085 1470 1128 mentis
1487 1084 1790 1142 intelligibilia
1806 1094 1933 1139 actu余
1954 1097 2048 1128 non
2066 1083 2188 1128 enim

229 1153 357 1196 aliter
383 1153 427 1195 in
454 1152 664 1195 notitiam
691 1152 857 1195 harum
883 1152 1119 1196 actionum
1145 1151 1444 1206 venissemus,
1461 1151 1547 1195 nisi
1565 1165 1641 1195 eas
1657 1152 1703 1194 in
1721 1151 1854 1195 nobis
1870 1151 2188 1210 experiremur.

231 1220 428 1279 Oportet
452 1219 588 1278 igitur
615 1219 736 1277 quod
763 1219 984 1277 principia
1011 1218 1172 1277 quibus
1202 1219 1502 1262 attribuuntur
1526 1218 1614 1262 hae
1641 1218 1860 1272 actiones,
1878 1217 2050 1262 scilicet
2064 1217 2192 1262 intel-

226 1287 371 1330 lectus
394 1285 622 1345 possibilis
645 1295 688 1330 et
705 1300 860 1344 agens,
878 1286 965 1329 sint
982 1286 1168 1329 virtutes
1186 1285 1412 1344 quaedam
1430 1285 1476 1328 in
1493 1285 1626 1328 nobis
1641 1283 1896 1329 formaliter
1912 1285 2190 1329 exsistentes.

229 1354 276 1397 Si
304 1363 457 1397 autem
484 1353 659 1397 dicatur
685 1353 807 1411 quod
834 1353 921 1396 hae
956 1353 1160 1396 actiones
1193 1351 1493 1396 attribuuntur
1524 1346 1703 1395 homini
1733 1352 1781 1395 in
1813 1361 2031 1410 quantum
2063 1365 2192 1411 prae-

228 1421 335 1464 dicti
374 1419 631 1464 intellectus
675 1420 997 1464 continuantur
1029 1419 1175 1473 nobis,
1208 1429 1258 1463 ut
1289 1420 1517 1462 Averroes
1550 1418 1672 1472 dicit,
1705 1419 1798 1477 jam
1835 1432 1970 1476 supra
2002 1419 2064 1475 (c.
2101 1417 2191 1478 59.)

227 1497 462 1531 ostensum
480 1497 560 1541 est,
587 1486 709 1546 quod
729 1486 1011 1531 continuatio
1029 1485 1286 1530 intellectus
1313 1485 1540 1545 possibilis
1562 1486 1819 1539 nobiscum,
1837 1485 1874 1529 si
1891 1485 1948 1530 sit
1964 1484 2192 1544 quaedam

227 1555 476 1598 substantia
502 1564 722 1614 separata,
751 1553 933 1612 qualern
960 1554 1056 1612 ipse
1083 1552 1308 1612 intelligit,
1325 1567 1420 1597 non
1445 1551 1612 1596 sufficit
1630 1553 1686 1596 ad
1704 1552 1794 1596 hoc
1811 1552 1934 1611 quod
1951 1552 2193 1612 peripsum

227 1621 550 1680 intelligamus.
586 1621 807 1665 Similiter
840 1621 979 1665 etiam
1011 1630 1134 1679 patet
1165 1620 1222 1664 de
1253 1619 1486 1664 intellectu
1519 1628 1696 1677 agente.
1731 1619 2039 1677 Comparatur
2069 1618 2192 1663 enirn

229 1688 483 1733 intellectus
511 1703 650 1746 agens
678 1688 732 1731 ad
759 1690 934 1747 species
960 1686 1268 1746 intelligibiles
1291 1697 1496 1745 receptas
1518 1687 1563 1730 in
1586 1685 1820 1730 intellectu
1837 1685 2055 1744 possibili,
2077 1685 2194 1730 sicut

231 1770 301 1799 ars
331 1755 387 1799 ad
413 1755 586 1799 formas
614 1754 869 1799 artificiales
897 1768 1012 1813 quae
1038 1768 1118 1813 per
1150 1763 1291 1798 artem
1326 1762 1556 1813 ponuntur
1587 1754 1632 1796 in
1665 1752 1871 1806 materia,
1903 1762 1953 1797 ut
1984 1761 2107 1811 patet
2138 1764 2193 1795 ex
2224 1792 2229 1794 ,

231 1822 442 1881 exemplo
469 1821 728 1866 Aristotelis
755 1822 801 1864 in
827 1821 961 1865 tertio
987 1821 1059 1864 De
1087 1821 1240 1864 anima
1266 1822 1317 1879 (t.
1347 1836 1384 1864 c.
1417 1821 1519 1878 17.).
1546 1821 1741 1864 Formae
1774 1830 1927 1864 autem
1960 1819 2067 1864 artis
2098 1831 2191 1862 non

233 1898 572 1948 consequuntur
599 1889 829 1932 actionem
857 1890 978 1941 artis,
1005 1888 1083 1931 sed
1110 1887 1260 1931 solum
1289 1887 1635 1931 similitudinem
1661 1886 1931 1939 formalem余
1962 1886 2083 1930 unde
2106 1898 2192 1929 nec

231 1958 488 2015 subjectum
510 1957 674 2000 harum
702 1955 955 2000 formarum
982 1965 1132 2014 potest
1156 1969 1236 2014 per
1262 1955 1524 2013 hujusmodi
1549 1954 1721 1999 formas
1748 1955 1979 1998 actionem
2011 1952 2194 1999 artificis

230 2023 393 2068 facere.
421 2023 543 2082 Ergo
570 2037 654 2067 nec
682 2023 843 2077 homo,
870 2037 950 2081 per
975 2023 1066 2066 hoc
1095 2022 1216 2081 quod
1243 2031 1349 2066 sunt
1374 2023 1420 2065 in
1446 2024 1546 2079 ipso
1569 2021 1743 2079 species
1765 2020 2074 2079 intelligibiles
2090 2029 2193 2064 actu

229 2091 374 2135 factae
403 2090 456 2134 ab
484 2089 718 2135 intellectu
746 2100 922 2148 agente,
949 2099 1098 2148 potest
1122 2088 1272 2133 facere
1300 2089 1615 2146 operationem
1641 2087 1898 2132 intellectus
1925 2087 2114 2146 agentis.

320 2158 507 2201 Adhuc:
537 2157 897 2216 unumquodque
925 2157 1047 2215 quod
1074 2170 1168 2199 non
1201 2166 1351 2214 potest
1383 2156 1503 2199 exire
1535 2156 1582 2198 in
1615 2156 1846 2213 propriam
1878 2154 2193 2214 operationem

226 2225 313 2270 nisi
338 2239 417 2284 per
443 2225 532 2268 hoc
561 2225 683 2283 quod
710 2233 922 2268 movetur
950 2224 1003 2266 ab
1023 2223 1234 2267 exteriori
1253 2223 1491 2282 principio,
1510 2223 1656 2280 magis
1674 2222 1821 2280 agitur
1837 2221 1893 2265 ad
1910 2220 2194 2280 operandum

228 2307 367 2351 quam
394 2292 517 2351 quod
544 2294 692 2351 ipsum
711 2302 838 2350 agat余
856 2291 1137 2335 irrationalia
1157 2290 1279 2335 enim
1298 2290 1444 2348 magis
1464 2299 1659 2348 aguntur
1677 2290 1731 2333 ad
1751 2288 2039 2347 operandum
2055 2301 2195 2347 quam

228 2360 377 2419 seipsa
404 2369 554 2418 agant,
581 2360 686 2418 quia
713 2356 870 2403 omnis
887 2358 1091 2416 operatio
1116 2371 1277 2401 eorum
1296 2357 1521 2415 dependet
1539 2371 1564 2400 a
1581 2356 1804 2415 principio
1824 2356 2079 2400 extrinseco
2099 2369 2197 2399 rno-

227 2437 386 2481 vente余
413 2440 571 2471 sensus
598 2436 752 2470 autern
778 2436 930 2469 motus
958 2439 983 2468 a
1010 2425 1210 2469 sensibili
1237 2424 1446 2468 exteriori
1477 2424 1699 2482 imprimit
1729 2424 1774 2466 in
1807 2422 2121 2482 phantasiam3
2149 2432 2192 2466 et

229 2494 293 2538 sic
321 2509 400 2552 per
427 2494 635 2537 ordinem
663 2493 869 2550 procedit
893 2493 940 2535 in
968 2491 1180 2535 omnibus
1215 2491 1428 2550 potentiis
1461 2505 1603 2549 usque
1638 2491 1692 2534 ad
1727 2491 1937 2534 motivas.
1972 2489 2194 2548 Operatio

230 2572 384 2606 autem
411 2561 594 2620 propria
615 2561 818 2604 hominis
846 2570 914 2603 est
939 2558 1208 2617 intelligere,
1237 2560 1364 2616 cujus
1391 2558 1588 2617 primum
1616 2557 1890 2616 principium
1921 2566 1990 2602 est
2024 2556 2196 2601 intelle-

231 2639 327 2673 ctus
355 2642 508 2687 agens,
536 2628 613 2686 qui
638 2627 746 2671 facit
772 2627 945 2685 species
972 2625 1280 2683 intelligibiles
1307 2640 1332 2668 a
1365 2625 1525 2684 quibus
1557 2625 1723 2683 patitur
1755 2623 2100 2682 quodammodo
2131 2623 2197 2667 in-

229 2696 436 2740 tellectus
459 2694 700 2754 possibilis,
723 2697 798 2753 qui
825 2693 970 2738 factus
998 2693 1044 2736 in
1078 2702 1180 2736 actu
1207 2702 1366 2736 movet
1390 2691 1689 2735 voluntatem.
1714 2691 1764 2734 Si
1780 2691 1917 2748 igitur
1937 2689 2194 2736 intellectus

231 2778 370 2822 agens
399 2773 468 2806 est
490 2762 717 2821 quaedam
735 2761 984 2805 substantia
1004 2770 1128 2803 extra
1146 2759 1399 2812 hominem,
1417 2768 1513 2802 tota
1531 2758 1736 2817 operatio
1753 2757 1956 2801 hominis
1972 2756 2197 2817 dependet

231 2846 255 2874 a
288 2830 510 2889 principio
545 2830 812 2873 extrinseco.
846 2828 953 2872 Non
987 2827 1123 2885 igitur
1156 2827 1240 2870 erit
1270 2826 1416 2869 homo
1450 2840 1589 2884 agens
1622 2825 1836 2883 seipsum,
1869 2824 1948 2868 sed
1981 2834 2108 2868 actus
2140 2823 2193 2867 ab

232 2898 346 2951 alio余
375 2907 419 2941 et
445 2897 508 2941 sic
535 2910 628 2939 non
653 2895 736 2939 erit
764 2896 975 2939 dominus
1004 2908 1188 2937 suarum
1216 2894 1550 2951 operationum,
1573 2906 1657 2936 nec
1684 2901 1884 2936 meretur
1909 2890 2092 2935 laudem
2119 2900 2196 2936 aut

229 2965 529 3023 vituperium3
553 2974 597 3007 et
622 2962 784 3021 peribit
805 2971 902 3005 tota
928 2961 1118 3005 scientia
1140 2959 1334 3004 moralis
1355 2970 1398 3003 et
1430 2959 1716 3004 conversatio
1743 2957 1954 3017 politica3
1979 2957 2104 3018 quod
2128 2967 2196 3002 est

229 3032 570 3086 inconveniens.
598 3030 705 3075 Non
732 3039 799 3074 est
823 3029 960 3087 igitur
987 3027 1244 3072 intellectus
1263 3041 1402 3086 agens
1426 3027 1676 3071 substantia
1694 3035 1902 3085 separata
1918 3025 1973 3070 ab
1990 3025 2193 3070 homine.

919 3182 1175 3239 CAPUT
1211 3181 1494 3237 LXXVII.

233 3315 391 3361 QUOD
420 3315 535 3355 NON
557 3314 656 3352 EST
680 3312 1021 3351 IMPOSSIBILE
1042 3311 1439 3350 INTELLECTUM
1465 3310 1804 3362 POSSIBILEM,
1821 3310 1891 3349 ET
1914 3308 2196 3360 AGENTBM,

627 3390 682 3428 IN
715 3388 827 3428 UNA
861 3385 1202 3425 SUBSTANTIA
1227 3385 1436 3424 ANIMAE
1471 3385 1800 3424 CONVENIRE.

323 3499 559 3544 Videbitur
586 3510 737 3544 autem
765 3498 919 3543 forsan
948 3497 1081 3542 alicui
1115 3497 1206 3540 hoc
1241 3511 1340 3541 esse
1373 3496 1666 3555 impossibile,
1699 3495 1822 3555 quod
1853 3508 1943 3539 una
1964 3503 2010 3539 et
2034 3493 2196 3539 eadem

233 3564 494 3620 substantia,
523 3566 696 3611 scilicet
712 3576 895 3610 nostrae
915 3565 1109 3618 animae,
1134 3564 1190 3608 sit
1207 3564 1252 3607 in
1272 3563 1474 3622 potentia
1493 3563 1548 3607 ad
1568 3563 1724 3607 omnia
1741 3560 2054 3620 intelligibilia,
2071 3561 2193 3620 quod
