2332 3854
0 1260 7 1274 -
0 1195 9 1231 „2
0 1110 20 1161 '‘⁴²-

0 912 17 1070 —pcflgqtfw-wx
9 876 16 885 η
10 868 14 872 1
7 842 13 853 ¹,
14 763 18 767 Δ

782 229 937 269 unck
975 229 1049 268 1v.
1090 229 1209 269 CAP.
1251 228 1416 270 xxxv.
1976 213 2081 280 617

131 332 305 381 duabus
335 331 506 378 naturis
538 329 793 384 subsistere,
826 340 1008 390 propter
1033 330 1156 390 quod
1188 330 1235 376 in
1268 327 1639 376 chalcedonensi
1670 326 1849 386 synodo
1883 337 1950 372 est
1982 340 2087 372 con·

131 397 385 448 demnatus.

222 465 370 522 Hujus
396 473 549 514 autem
576 463 814 523 positionis
839 463 1010 509 falsitas
1037 479 1092 510 ex
1118 463 1272 508 multis
1298 472 1496 522 apparet.

221 530 473 577 Ostensum
501 531 622 575 enim
650 540 719 575 est
749 544 897 588 supra,
925 530 1046 588 quod
1073 531 1118 574 in
1147 531 1333 575 Christo
1355 529 1460 586 Jesu
1486 539 1532 572 et
1558 541 1723 586 corpus
1740 525 1838 579 fuit,
1866 535 1911 570 et
1934 525 2088 570 anima

129 597 380 650 rationalis,
411 609 456 643 et
471 597 694 645 divinitas.
722 596 777 640 Et
803 596 1092 641 manifestum
1127 606 1194 641 est
1231 596 1353 655 quod
1391 610 1558 656 corpus
1592 593 1776 647 Christi,
1811 593 1950 637 etiam
1982 601 2088 650 post

130 663 365 717 unionem,
398 677 492 710 non
532 662 617 707 fuit
646 663 742 722 ipsa
779 662 919 707 Verbi
952 663 1182 717 divinitas3
1219 677 1327 707 nam
1370 676 1536 721 corpus
1573 660 1760 714 Christi,
1802 659 1938 709 etiam
1983 667 2088 717 post

131 730 368 784 unionem,
393 729 603 789 passibile
629 728 725 782 fuit,
753 739 797 773 et
823 730 1055 788 corporeis
1089 729 1234 775 oculis
1266 729 1441 774 visibile
1467 738 1512 773 et
1542 727 1831 772 lineamentis
1857 725 2087 771 membro·

128 810 232 845 rum
256 796 542 850 distinctum3
568 809 685 854 quae
712 797 868 840 omnia
886 795 1034 840 aliena
1051 804 1154 839 sunt
1171 810 1197 839 a
1215 795 1447 840 divinitate
1465 795 1618 848 Verbi,
1636 804 1685 838 ut
1706 808 1760 841 ex
1777 790 2084 852 superioribus

130 861 252 919 (Lib.
277 861 312 906 1.
331 876 370 906 c.
387 863 478 919 20.)
502 871 638 920 patet.
666 861 884 906 Similiter
910 862 1049 906 etiam
1078 862 1231 905 anima
1268 862 1442 907 Christi
1475 871 1578 920 post
1602 861 1823 904 unionem
1856 858 1977 902 aliud
1999 856 2085 902 fuit

129 941 156 978 a
185 927 420 978 divinitate
452 929 605 981 Verbi,
632 928 735 987 quia
754 928 906 972 anima
936 927 1121 982 Christi,
1145 929 1282 972 etiam
1305 938 1408 986 post
1433 928 1667 980 unionem,
1693 925 1981 984 passionibus
2005 924 2084 974 tri-

53 1012 59 1019 ·
127 994 276 1044 stiriae
301 1005 348 1043 et
371 995 544 1040 doloris
568 1006 614 1040 et
638 996 732 1039 irae
759 994 920 1039 affecta
945 994 1050 1049 fuit;
1077 1010 1192 1054 quae
1209 997 1347 1039 etiam
1379 994 1601 1039 divinitati
1619 993 1759 1037 Verbi
1784 991 1913 1036 nullo
1936 990 2079 1035 modo

129 1061 376 1111 convenire
401 1072 606 1121 possunt,
634 1071 682 1105 ut
707 1076 760 1106 ex
791 1061 1051 1120 praemissis
1084 1071 1220 1119 patet.
1246 1061 1415 1105 Anima
1450 1070 1604 1104 autern
1629 1060 1831 1103 humana
1854 1066 1898 1101 et
1917 1071 2082 1115 corpus

128 1128 409 1177 constituunt
440 1128 693 1173 humanam
725 1138 949 1172 naturam.
983 1127 1058 1172 Sic
1097 1128 1247 1186 igitur,
1283 1128 1422 1172 etiam
1464 1136 1569 1185 post
1607 1126 1842 1178 unionem,
1879 1124 2084 1168 humana

125 1204 288 1243 natura
311 1194 359 1239 in
386 1194 570 1243 Christo
596 1194 680 1239 fuit
705 1194 827 1238 aliud
853 1208 878 1238 a
900 1194 1132 1238 divinitate
1158 1193 1311 1246 Verbi,
1345 1207 1460 1252 quae
1493 1202 1561 1238 est
1590 1202 1752 1236 natura
1777 1191 1944 1238 divina.
1962 1190 2081 1234 Sunt

122 1259 262 1319 igitur
286 1260 563 1314 inAChristQ
589 1261 726 1305 etiam
750 1271 854 1320 post
885 1261 1120 1314 unionem,
1152 1261 1267 1305 duae
1299 1271 1501 1304 naturae.

215 1327 357 1376 Item:
383 1337 544 1372 natura
576 1338 644 1372 est
655 1328 907 1372 secundum
926 1342 1065 1386 quam
1092 1341 1161 1371 res
1189 1327 1339 1386 aliqua
1365 1327 1529 1370 dicitur
1555 1340 1625 1371 res
1651 1325 1883 1370 naturalis.
1906 1324 2083 1375 Dicitur

126 1402 280 1443 sutem
302 1407 374 1440 res
399 1393 616 1444 naturalis
643 1408 697 1438 ex
722 1395 812 1439 hoc
839 1395 962 1453 quod
984 1394 1122 1438 habet
1146 1393 1357 1448 formam,
1385 1394 1501 1437 sicut
1523 1403 1566 1437 et
1592 1407 1662 1437 res
1685 1391 1955 1445 artificialis;
1987 1404 2082 1436 non

125 1459 250 1508 enim
276 1459 440 1505 dicitur
465 1460 630 1505 domus
663 1471 908 1519 antequam
933 1460 1100 1504 habeat
1125 1459 1323 1504 formam
1351 1459 1472 1517 artis,
1500 1469 1544 1503 et
1569 1458 1777 1503 similiter
1798 1472 1892 1503 non
1917 1457 2082 1509 dicitur

128 1541 270 1586 equus
295 1538 541 1587 autequam
561 1528 728 1574 habeat
752 1525 951 1572 formam
982 1538 1170 1572 naturae
1197 1541 1319 1571 suae.
1346 1526 1514 1571 Forma
1539 1526 1675 1584 igitur
1691 1526 1757 1571 rei
1782 1524 1999 1570 naturalis
2016 1534 2083 1569 est

129 1594 225 1652 ejus
254 1603 431 1642 natura.
466 1594 664 1653 Oportet
689 1608 798 1653 ergo
826 1594 976 1638 dicere
1010 1593 1132 1652 quod
1166 1594 1214 1638 in
1256 1593 1443 1638 Christo
1470 1593 1559 1637 sint
1590 1593 1706 1637 duae
1731 1589 1909 1637 formae
1941 1591 2079 1636 etiam

127 1668 232 1719 post
264 1659 498 1707 unionem,
531 1661 656 1706 Dicit
682 1661 814 1707 ,enirn
846 1659 1097 1719 Apostolus
1129 1659 1348 1718 (Philipp.
1389 1659 1469 1716 11.)
1502 1659 1557 1703 de
1593 1658 1780 1704 Christo
1801 1658 1908 1716 Jesu
1941 1658 2079 1716 quod,

122 1737 251 1786 quum
275 1726 479 1785 informa
503 1727 588 1773 Dei
608 1733 714 1781 esset,
731 1727 924 1785 formam
945 1728 1056 1771 servi
1080 1728 1248 1785 accepit.
1272 1726 1379 1770 Non
1406 1735 1559 1769 autem
1586 1735 1736 1783 potest
1767 1725 1855 1768 dici
1878 1725 2000 1783 quod
2025 1724 2082 1769 sit

127 1792 288 1842 eadm
313 1791 463 1842 forma
487 1793 576 1838 Dei
602 1803 647 1843 et
670 1792 819 1837 forma
841 1792 981 1846 servi3
1006 1791 1121 1836 nihil
1144 1793 1267 1836 enim
1294 1793 1458 1850 accipit
1483 1792 1606 1850 quod
1630 1793 1724 1849 jam
1750 1791 1912 1844 habet,
1938 1800 1983 1835 et
1999 1791 2079 1844 sic,

122 1858 162 1904 si
184 1859 347 1907 eadem
379 1869 448 1904 est
476 1858 624 1905 forma
654 1859 745 1910 Dei
780 1869 825 1904 et
864 1853 1013 1903 forma
1039 1859 1172 1913 servi,
1199 1873 1341 1917 quum
1362 1859 1455 1916 jam
1486 1857 1687 1901 formam
1713 1858 1802 1901 Dei
1833 1857 2080 1911 habuisset,

120 1939 215 1969 non
243 1927 491 1986 accepisset
521 1924 721 1971 formam
744 1926 878 1974 servi.
904 1925 1066 1984 Neque
1090 1926 1255 1970 iterum
1284 1934 1435 1984 potest
1460 1925 1549 1969 dici
1578 1924 1703 1984 quod
1736 1923 1887 1968 forma
1911 1924 2001 1968 Dei
2029 1923 2079 1967 in

123 1991 310 2039 Christo
332 2006 413 2051 per
433 1993 653 2037 unionem
678 1993 737 2037 sit
763 2002 989 2051 corrupta,
1011 1994 1117 2051 quia
1138 1992 1202 2036 sic
1230 1991 1440 2036 Christus
1461 2001 1565 2050 post
1589 1992 1809 2035 unionem
1834 2004 1930 2035 non
1962 1999 2080 2035 esset

122 2058 263 2103 Deus.
296 2059 459 2118 Neque
490 2059 654 2118 iterum
686 2068 834 2118 potest
866 2058 956 2102 dici
987 2058 1110 2118 quod
1141 2057 1291 2102 forma
1327 2058 1445 2103 servi
1481 2058 1539 2102 sit
1570 2067 1782 2116 corrupta
1821 2057 1868 2101 in
1893 2056 2079 2111 unione,

123 2124 231 2184 quia
254 2124 320 2171 sic
334 2139 431 2172 non
457 2125 707 2183 accepisset
723 2124 921 2171 formam
948 2126 1080 2171 servi.
1100 2125 1191 2170 Sed
1217 2139 1301 2169 nec
1327 2125 1418 2169 dici
1444 2133 1608 2184 potest,
1634 2123 1756 2183 quod
1777 2122 1928 2168 forma
1961 2126 2078 2169 servi

127 2191 442 2250 sitpermixta
473 2191 651 2240 formae
680 2192 784 2246 Dei,
820 2193 926 2250 quia
951 2206 1069 2250 quae
1103 2193 1434 2251 permiscentur
1459 2205 1552 2235 non
1570 2200 1758 2235 manent
1774 2191 1963 2249 integra,
1999 2190 2077 2238 sed

122 2258 288 2316 partim
304 2268 546 2318 utrumque
563 2258 886 2317 corrumpitur3
903 2258 1022 2302 unde
1039 2272 1134 2302 non
1150 2258 1320 2302 diceret
1332 2258 1454 2316 quod
1468 2257 1718 2316 accepisset
1734 2256 1931 2301 formam
1944 2257 2075 2312 servi,

122 2323 391 2383 sodaliquid
408 2326 517 2383 ejus.
544 2324 602 2370 Et
625 2325 689 2369 sic
707 2335 888 2384 oportet
902 2325 1005 2379 dici,
1031 2325 1284 2370 secundum
1309 2326 1445 2370 verba
1473 2324 1700 2384 Apostoli,
1732 2325 1855 2384 qnod
1877 2327 1923 2370 in
1948 2325 2077 2374 Chri-

126 2399 212 2445 sto,
235 2390 373 2437 etiam
398 2401 504 2451 post
526 2391 760 2445 unionem,
786 2391 968 2436 fuerunt
992 2391 1108 2436 duae
1139 2391 1328 2446 formae,
1361 2405 1471 2451 ergo
1498 2392 1614 2436 duae
1645 2402 1847 2436 naturae.

214 2457 450 2517 Amplius:
477 2472 649 2504 nomen
670 2468 858 2504 naturae
884 2460 1033 2519 primo
1059 2460 1327 2519 impositum
1361 2470 1429 2505 est
1455 2460 1510 2504 ad
1548 2459 1898 2519 significandum
1929 2461 2073 2519 ipsam

126 2525 472 2583 generationem
497 2526 796 2581 nascentium,
815 2535 859 2569 et
890 2526 1051 2570 exinde
1076 2526 1344 2571 translatum
1367 2537 1434 2571 est
1461 2527 1515 2570 ad
1543 2526 1891 2585 significandum
1913 2526 2077 2584 princi-

123 2590 250 2649 pium
282 2591 586 2649 generationis
617 2591 895 2649 hujusmodi,
929 2602 974 2636 et
999 2592 1102 2637 inde
1140 2592 1196 2637 ad
1232 2592 1582 2651 significandum
1619 2593 1890 2651 principium
1923 2602 2076 2641 motus

123 2656 418 2701 intrinsecum
445 2657 631 2711 mobili;
658 2667 717 2711 et,
753 2659 859 2716 quia
890 2658 1153 2717 hujusmodi
1189 2659 1460 2718 principium
1488 2669 1556 2704 est
1587 2659 1777 2703 materia
1808 2658 1882 2702 vel
1910 2657 2074 2713 forma,

122 2721 307 2768 ulterius
338 2733 498 2768 natura
534 2724 695 2769 dicitur
727 2723 891 2778 forma,
923 2723 998 2768 vel
1023 2725 1213 2776 materia
1239 2725 1306 2769 rei
1335 2725 1551 2769 naturalis
1577 2725 1783 2769 habentis
1808 2725 1855 2768 in
1881 2739 1930 2769 se
1960 2725 2075 2784 prin-

126 2788 295 2848 cipium
314 2800 492 2844 motus;
520 2800 579 2844 et,
605 2790 710 2848 quia
726 2789 875 2834 forma
901 2803 946 2835 et
970 2791 1159 2835 materia
1183 2791 1461 2835 constituunt
1485 2791 1730 2835 essentiam
1758 2791 1822 2834 rei
1842 2791 2074 2845 naturalis,

121 2865 358 2900 extensum
391 2867 459 2901 est
483 2870 655 2900 nomen
691 2866 879 2901 naturae
914 2857 971 2901 ad
997 2857 1345 2915 significandum
1373 2858 1617 2903 essentiam
1651 2858 1977 2916 cujuscumque
2008 2859 2074 2903 rei

36 2943 50 2967 .’·
118 2921 165 2967 in
182 2933 343 2968 natura
369 2924 636 2978 exsistentis,
658 2935 705 2968 ut
722 2924 785 2969 sic
803 2934 964 2968 natura
990 2923 1179 2981 alicujus
1195 2924 1261 2968 rei
1286 2924 1460 2968 dicatur
1486 2924 1679 2968 essentia
1696 2938 1833 2983 quam
1849 2924 2075 2982 significat

42 2995 54 3042 ἵ
125 2987 353 3045 diffiniam
373 3000 418 3035 et
442 2990 532 3037 hoc
559 2990 700 3035 modo
726 2990 801 3034 hic
828 2990 884 3034 de
915 3000 1074 3034 natura
1102 3001 1169 3034 est
1200 2992 1429 3049 quaestio;
1461 2990 1526 3034 sic
1554 2990 1676 3034 enim
1703 2991 1896 3035 dicimus
1916 2991 2075 3036 huma-

124 3068 232 3100 nam
258 3066 467 3101 naturam
494 3070 592 3101 esse
618 3057 663 3100 in
697 3056 883 3101 Christo
911 3066 954 3100 et
985 3057 1199 3100 divinam.
1224 3057 1272 3100 Si
1303 3057 1453 3114 igitur,
1480 3067 1529 3100 ut
1549 3057 1779 3115 Eutyches
1805 3058 1969 3115 posuit,
1995 3057 2075 3106 hu-

120 3133 444 3172 mananatura
465 3134 510 3167 et
540 3124 693 3167 divina
717 3122 898 3167 fuerunt
922 3123 1037 3167 duae
1057 3134 1159 3167 ante
1185 3124 1416 3177 unionem,
1443 3124 1520 3167 sed
1547 3139 1602 3168 ex
1619 3126 1682 3168 eis
1700 3123 1745 3167 in
1773 3124 1941 3168 unione
1968 3138 2074 3169 con-

37 3188 49 3226 1'3
117 3187 230 3241 flata
256 3199 330 3241 est
361 3203 452 3235 una
482 3199 657 3243 natura,
689 3200 870 3248 oportet
900 3190 990 3234 hoc
1025 3203 1122 3234 esse
1160 3189 1314 3248 aliquo
1352 3204 1511 3234 eorum
1548 3190 1792 3234 modorum
1820 3191 2072 3234 secundum

119 3268 237 3314 quos
262 3269 318 3301 ex
339 3255 494 3301 multis
518 3266 676 3300 natum
695 3266 764 3301 est
789 3270 931 3300 unum
948 3255 1057 3300 fieri.
1085 3255 1155 3300 Fit
1172 3267 1322 3300 autem
1342 3270 1484 3300 unum
1502 3270 1556 3300 ex
1574 3256 1751 3301 multis:
1775 3270 1868 3300 uno
1887 3257 2070 3316 quidem

117 3321 275 3375 modo,
300 3322 551 3367 secundum
576 3322 784 3367 ordinem
809 3332 1002 3376 tantum,
1029 3324 1144 3366 sicut
1170 3337 1224 3366 ex
1250 3322 1405 3368 multis
1431 3323 1641 3367 domibus
1668 3322 1717 3366 fit
1742 3322 1915 3376 civitas,
1947 3333 1991 3368 et
2014 3336 2070 3368 ex

34 3392 43 3445 ζ
117 3386 273 3433 multis
305 3387 521 3434 militibus
547 3387 597 3435 fit
622 3388 867 3442 exercitus3
895 3388 984 3433 alio
1026 3389 1183 3442 modo,
1215 3390 1373 3433 ordine
1415 3398 1460 3433 et
1485 3388 1836 3448 compositione,
1868 3389 1984 3433 sicut
2014 3402 2070 3435 ex

35 3470 53 3511 3
118 3453 319 3512 partibus
344 3453 508 3501 domus
552 3455 821 3512 conjunctis,
847 3465 893 3501 et
923 3469 1002 3514 per
1035 3464 1314 3513 contactum,
1340 3465 1386 3500 et
1410 3470 1490 3514 per
1530 3455 1874 3515 colligationem
1903 3456 2068 3502 domus

115 3517 179 3571 fit.
207 3519 299 3567 Sed
330 3519 379 3563 hi
410 3520 502 3570 duo
544 3520 671 3565 modi
711 3534 805 3565 non
844 3531 1114 3580 competunt
1146 3522 1202 3566 ad
1229 3522 1602 3567 constitutionem
1635 3523 1767 3567 unius
1794 3533 1981 3569 naturae
2013 3538 2067 3569 ex

117 3583 330 3644 pluribus.
356 3585 424 3630 Ea
454 3586 589 3645 igitur
614 3599 811 3645 quorum
837 3585 985 3633 forma
1018 3599 1084 3633 est
1106 3588 1220 3633 ordo
1246 3588 1319 3634 vel
1346 3589 1619 3648 compositio
1641 3603 1736 3634 non
1772 3599 1876 3636 sunt
1901 3603 1971 3635 res
1993 3604 2068 3635 na-
