2332 3854
287 216 353 270 32
963 212 1117 251 LrnER
1158 213 1192 250 1.
1235 211 1354 250 cAP.
1398 211 1549 249 xxm.

276 326 428 360 autem
469 315 709 374 praecipue
745 313 922 358 videtur
956 312 1320 371 simplicissimae
1361 311 1638 357 substantiae
1674 312 1935 365 convenire,
1977 308 2123 369 qualis
2167 317 2236 354 est

275 382 523 427 substantia
549 381 713 425 divina.
739 380 934 424 Divinae
959 379 1095 438 igitur
1120 378 1396 423 substantiae
1423 380 1613 422 omnino
1642 378 1852 422 accidens
1878 390 1972 420 non
1998 376 2130 420 inest.

366 448 419 492 In
451 449 570 491 hanc
604 458 758 491 autem
789 445 1061 490 sententiam
1094 445 1233 489 etiam
1266 443 1483 488 catholici
1512 445 1741 490 Doctores
1774 443 2063 488 conveniunt.
2101 441 2236 486 Unde

285 514 564 572 Augustinus
591 514 638 557 in
663 514 778 557 libro
800 513 871 557 De
909 511 1131 555 Trinitate
1171 510 1268 569 (lib.
1296 510 1351 555 V.
1392 524 1430 554 c.
1466 509 1532 567 4.)
1558 511 1679 566 dicit,
1706 510 1828 570 quod
1853 511 1900 553 in
1925 509 2028 553 Deo
2055 507 2234 552 nullum

282 590 349 624 est
373 581 598 624 accidens.

362 646 429 690 Ex
456 647 540 690 hac
568 656 720 690 autem
746 645 932 689 veritate
966 653 1163 698 ostensa,
1189 657 1316 687 error
1347 643 1653 702 quorumdam
1684 644 1732 688 in
1763 643 1866 702 lege
1899 643 2236 687 Saracenorum

275 711 560 771 loquentium
597 712 869 764 confutatur,
905 710 982 768 qui
1017 719 1195 769 ponunt
1224 710 1446 768 quasdam
1481 711 1756 755 intentiones
1795 710 1974 755 divinae
2012 708 2236 755 essentiae

276 779 602 838 superadditas.

1005 923 1259 980 CAPUT
1300 925 1533 1009 xxm,

390 1062 586 1108 QUOD
634 1060 796 1098 ESSE
846 1060 1160 1099 DIVINUM
1204 1060 1349 1098 NON
1398 1059 1683 1097 POTEST
1730 1059 2125 1099 DESIGNAR1

508 1144 511 1145 ’
561 1135 659 1172 PER
691 1134 1048 1172 ADDITIONEM
1079 1133 1479 1173 DIFFERENTIAE
1513 1132 1957 1171 SUBSTANTIALIS.

367 1236 561 1282 Ostendi
584 1236 722 1280 etiam
748 1250 802 1280 ex
827 1235 1068 1294 praedictis
1094 1244 1258 1294 potest,
1284 1234 1407 1294 quod
1433 1248 1567 1293 supra
1592 1235 1742 1293 ipsum
1774 1234 1979 1278 divinum
2011 1247 2110 1279 esse
2141 1248 2238 1280 non

276 1314 425 1364 potest
456 1302 624 1362 aliquid
651 1302 904 1361 superaddi,
937 1301 1059 1360 quod
1086 1301 1292 1360 designet
1316 1301 1466 1360 ipsum
1497 1300 1813 1359 designatione
1845 1300 2091 1357 essentiali,
2121 1301 2240 1347 sicut

277 1371 537 1429 designatur
564 1383 706 1427 genus
732 1382 812 1428 per
837 1368 1126 1413 differentias.

371 1450 406 1480 1.
432 1435 721 1495 Impossibile
752 1436 876 1480 enim
903 1446 971 1480 est
997 1435 1165 1494 aliquid
1192 1449 1290 1480 esse
1316 1435 1363 1479 in
1390 1444 1509 1489 actu,
1540 1434 1629 1479 nisi
1664 1434 1877 1479 omnibus
1896 1434 2240 1490 exsistentibus,

277 1505 436 1564 quibus
463 1517 563 1548 esse
594 1502 887 1547 substantiale
920 1503 1195 1561 designatur.
1228 1502 1334 1547 Non
1367 1502 1490 1546 enim
1522 1511 1673 1561 potest
1704 1515 1803 1546 esse
1835 1501 2008 1546 animal
2038 1501 2086 1546 in
2119 1511 2238 1557 actu,

277 1572 386 1631 quin
411 1573 468 1615 sit
485 1570 655 1615 animal
672 1569 892 1615 rationale
909 1569 985 1614 vel
1000 1568 1275 1614 irrationale.
1295 1569 1428 1613 Unde
1447 1569 1586 1613 etiam
1600 1567 1839 1624 Platonici,
1859 1578 2083 1627 ponentes
2098 1567 2240 1623 ideas,

277 1653 371 1683 non
396 1647 645 1697 posuerunt
675 1636 800 1681 ideas
826 1651 908 1695 per
932 1650 980 1680 se
1007 1637 1273 1680 exsistentes
1307 1650 1543 1694 generum,
1577 1650 1692 1694 quae
1725 1636 2020 1694 designantur
2051 1635 2109 1680 ad
2140 1649 2240 1680 esse

277 1706 445 1764 speciei
469 1719 549 1765 per
574 1704 849 1749 differentias
873 1705 1159 1758 essentiales;
1186 1704 1265 1748 sed
1287 1713 1536 1763 posuerunt
1560 1703 1686 1748 ideas
1712 1718 1792 1762 per
1813 1717 1862 1748 se
1885 1703 2151 1748 exsistentes
2167 1717 2242 1748 so-

277 1773 426 1817 larum
451 1771 720 1831 specierum,
748 1785 863 1830 quae
887 1771 942 1815 ad
965 1771 1035 1815 sui
1057 1771 1420 1829 designationem
1442 1784 1536 1815 non
1557 1771 1762 1829 indigent
1783 1769 2096 1815 essentialibus
2118 1769 2242 1815 diffe-

277 1839 444 1884 rentiis.
473 1838 522 1882 Si
548 1852 658 1896 ergo
686 1838 890 1882 divinum
914 1851 1012 1882 esse
1034 1853 1114 1896 per
1142 1837 1311 1896 aliquid
1338 1837 1459 1881 aliud
1485 1837 1826 1896 superadditum
1843 1837 2105 1896 designetur
2125 1836 2242 1882 desi·-

278 1906 494 1963 gnatione
512 1904 753 1958 essentiali,
769 1905 918 1963 ipsum
935 1919 1033 1949 esse
1051 1919 1147 1948 non
1165 1905 1248 1948 erit
1263 1905 1310 1948 in
1328 1915 1445 1959 actu,
1463 1904 1550 1948 nisi
1567 1904 1647 1948 illo
1666 1904 1958 1963 superaddito
1981 1903 2238 1949 exsistente.

280 1972 371 2016 Sed
396 1972 546 2030 ipsum
572 1986 670 2016 esse
698 1971 901 2015 divinum
938 1981 1005 2015 est
1035 1986 1117 2015 sua
1151 1972 1413 2025 substantia,
1447 1981 1496 2015 ut
1531 1981 1767 2015 ostensum
1799 1981 1868 2016 est
1891 1971 1954 2029 (c.
1981 1970 2101 2030 22.)·,
2127 1985 2238 2030 ergo

279 2039 526 2084 substantia
552 2038 704 2082 divina
725 2053 818 2082 non
841 2048 991 2096 potest
1017 2052 1116 2082 esse
1141 2038 1188 2081 in
1215 2048 1332 2092 actu,
1364 2038 1451 2081 nisi
1484 2038 1637 2096 aliquo
1670 2038 2038 2096 superveniente:
2065 2051 2121 2083 ex
2145 2051 2239 2097 quo

278 2115 428 2165 potest
453 2105 680 2158 concludi,
713 2105 836 2163 quod
869 2118 963 2148 non
996 2105 1053 2149 sit
1083 2119 1164 2164 per
1190 2119 1237 2149 se
1263 2119 1450 2149 necesse
1478 2119 1597 2159 esse;
1632 2106 1759 2163 cujus
1787 2104 2068 2149 contrarium
2105 2117 2242 2164 supra

281 2183 515 2217 ostensum
542 2173 695 2230 est·(c.
721 2171 825 2229 15.).

368 2251 408 2282 2.
435 2239 576 2283 Item:
601 2253 738 2282 omne
762 2238 874 2282 illud
901 2239 1022 2297 quod
1047 2239 1220 2298 indiget
1242 2238 1395 2297 aliquo
1429 2238 1718 2298 superaddito
1745 2237 1803 2282 ad
1827 2237 1918 2283 hoc
1945 2238 2069 2298 quod
2093 2238 2241 2298 possit

279 2319 390 2359 esse,
415 2315 482 2349 est
506 2305 553 2348 in
577 2305 778 2364 potentia
795 2315 1002 2364 respectu
1020 2305 1154 2350 illius.
1175 2306 1265 2349 Sed
1283 2306 1434 2349 divina
1451 2305 1702 2350 substantia
1723 2319 1818 2349 non
1835 2314 1903 2350 est
1919 2303 2073 2364 aliquo
2094 2305 2240 2351 modo

279 2372 325 2415 in
351 2372 568 2430 potentia,
595 2381 643 2415 ut
668 2386 801 2430 supra
824 2382 1059 2416 ostensum
1077 2381 1143 2416 est
1164 2373 1226 2430 (c.
1249 2371 1353 2428 16.)‚
1380 2373 1460 2416 sed
1487 2386 1568 2416 sua
1594 2372 1842 2416 substantia
1868 2381 1937 2416 est
1961 2386 2096 2416 suurn
2125 2385 2240 2419 esse.

280 2439 402 2498 Ergo
440 2453 537 2483 esse
579 2453 714 2483 suum
739 2453 833 2483 non
870 2449 1022 2497 potest
1047 2439 1274 2498 designari
1300 2439 1451 2498 aliqua
1493 2439 1807 2498 designatione
1842 2438 2129 2485 substantiali
2161 2453 2243 2500 per

281 2505 448 2564 aliquid
475 2506 559 2549 sibi
584 2506 937 2563 superadditum.

374 2587 410 2629 3.
438 2572 672 2631 Amplius:
701 2586 839 2616 omne
870 2572 982 2617 illud
1008 2587 1086 2632 per
1113 2573 1235 2631 quod
1271 2587 1342 2617 res
1370 2573 1664 2631 consequitur
1690 2587 1789 2618 esse
1805 2572 1862 2618 =in
1888 2582 1993 2618 actu
2018 2582 2065 2619 et
2088 2582 2157 2620 est
2178 2572 2245 2619 in·

280 2639 528 2683 trinsecum
555 2641 633 2693 rei,
656 2639 730 2683 vel
747 2649 814 2683 est
838 2649 935 2683 tota
962 2640 1171 2693 essentia,
1197 2639 1270 2684 vel
1296 2654 1398 2698 pars
1426 2640 1664 2685 essentiae.
1689 2639 1831 2692 Quod
1858 2649 2012 2686 autem
2034 2640 2244 2700 designat

282 2705 450 2764 aliquid
477 2706 791 2764 designatione
835 2706 1077 2761 essentiali,
1104 2706 1213 2750 facit
1253 2721 1351 2750 rem
1378 2721 1475 2751 esse
1511 2717 1627 2761 actu,
1667 2717 1713 2752 et
1753 2717 1820 2751 est
1853 2707 2154 2752 intrinsecum
2177 2707 2245 2752 rei

282 2773 568 2830 designatae3
612 2773 722 2817 alias
748 2787 827 2832 per
862 2773 907 2817 id
935 2774 1162 2831 designari
1194 2788 1287 2818 non
1324 2784 1479 2833 posset
1504 2773 1872 2819 substantialiter.
1913 2774 2037 2833 Ergo
2062 2784 2246 2834 oportet

282 2841 403 2898 quod
426 2840 484 2883 sit
507 2839 582 2883 vel
606 2840 703 2898 ipsa
732 2843 926 2884 essentia
948 2840 1028 2894 rei,
1055 2841 1129 2884 vel
1156 2855 1258 2899 pars
1286 2841 1522 2886 essentiae.
1551 2841 1641 2885 Sed
1668 2842 1704 2885 si
1733 2841 1904 2900 aliquid
1930 2841 2246 2901 superadditur

282 2906 337 2949 ad
366 2921 463 2950 esse
491 2906 709 2960 divinum,
736 2907 825 2950 hoc
853 2921 957 2950 -non
984 2917 1133 2966 potest
1160 2922 1258 2951 esse
1280 2917 1377 2951 tota
1406 2908 1601 2952 essentia
1627 2909 1730 2962 Dei,
1757 2908 1863 2967 quia
1888 2908 1981 2966 jam
2008 2917 2245 2953 ostensum

282 2983 349 3017 est
374 2974 433 3030 (c.
463 2974 569 3030 22.),
597 2974 718 3032 quod
746 2987 845 3017 esse
870 2973 960 3017 Dei
985 2988 1078 3018 non
1112 2985 1179 3018 est
1212 2974 1332 3018 aliud
1361 2975 1413 3018 ab
1449 2974 1643 3019 essentia
1675 2976 1784 3033 ejus.
1817 2967 2105 3034 Relinquitur
2130 2988 2242 3034 ergo

280 3039 406 3098 quod
433 3040 490 3084 sit
515 3054 617 3099 pars
653 3041 875 3084 essentiae
903 3040 1096 3094 divinae,
1131 3051 1175 3085 et
1201 3041 1263 3085 sic
1291 3042 1417 3085 Deus
1451 3041 1534 3085 erit
1560 3041 1844 3099 compositus
1873 3054 1928 3086 ex
1954 3041 2156 3101 partibus
2181 3054 2247 3087 es·

283 3107 554 3161 sentialiter3
582 3108 709 3164 cuius
738 3107 1016 3165 contrarium
1044 3122 1178 3167 supra
1200 3118 1435 3152 ostensum
1457 3118 1524 3152 est
1551 3110 1611 3164 (c.
1644 3108 1747 3165 18.).

371 3186 412 3227 4.
441 3175 579 3218 Item:
609 3174 731 3232 quod
760 3174 937 3218 additur
963 3174 1100 3217 alicui
1126 3175 1182 3218 ad
1216 3174 1582 3232 designationem
1616 3174 1807 3234 alicujus
1840 3174 2158 3235 designatione
2183 3188 2249 3220 es-

286 3240 479 3294 sentiali,
505 3255 598 3285 non
618 3241 850 3285 constituit
868 3242 963 3299 ejus
986 3242 1227 3295 rationem,
1250 3241 1507 3298 sed‚solum
1535 3256 1632 3285 esse
1650 3242 1696 3285 in
1720 3252 1851 3298 actu;
1876 3241 2248 3290 rationale-enim

286 3307 487 3350 additum
516 3307 702 3351 animali
729 3307 918 3366 acquirit
942 3308 1130 3351 animali
1147 3322 1243 3352 esse
1267 3308 1313 3351 in
1333 3318 1460 3362 actu;
1477 3322 1570 3352 non
1594 3318 1748 3353 autem
1766 3309 2001 3355 constituit
2020 3309 2246 3357 rationem

285 3373 509 3430 animalis,
541 3374 586 3417 in
615 3385 833 3432 quantum
867 3385 933 3419 est
967 3374 1151 3428 animal,
1191 3389 1301 3418 narn
1334 3375 1585 3419 differentia
1626 3390 1719 3420 non
1751 3376 1889 3422 intrat
1927 3374 2244 3423 diffinitionem

285 3442 476 3497 generis.
507 3440 594 3484 Sed
623 3441 659 3484 si
685 3441 731 3484 in
757 3441 860 3485 Deo
889 3440 1077 3485 addatur
1103 3441 1271 3500 aliquid
1299 3456 1379 3501 per
1406 3443 1526 3501 quod
1555 3443 1817 3502 designetur
1842 3442 2247 3504 designationem&

284 3506 476 3560 sennan,
503 3517 682 3566 oportet
707 3508 828 3566 quod
855 3507 965 3552 illud
993 3508 1239 3553 constituat
1261 3509 1316 3563 ei,
1344 3509 1418 3553 cui
1436 3509 1626 3564 additur,
1653 3511 1877 3556 rationem
1901 3510 2113 3570 propriae
2145 3510 2243 3569 eius

285 3573 543 3631 quidditatis
571 3589 649 3618 seu
676 3585 888 3629 naturae3
914 3589 1023 3619 narn
1051 3575 1172 3635 quod
1199 3575 1262 3620 sic
1288 3575 1480 3631 additur,
1507 3577 1699 3636 acquirit
1715 3577 1781 3623 rei
1805 3576 1976 3624 esse'in
1992 3586 2110 3624 netu.
2133 3576 2237 3623 Hoc
2302 3601 2314 3639 ἐν

2296 3625 2332 3710 2ss
