2332 3854
764 183 918 225 LIBER
956 184 1034 222 111.
1074 184 1195 223 CAP.
1235 183 1417 223 CXLIV.
1959 183 2058 237 511

810 371 1065 428 CAPUT
1105 340 1381 429 CXLIV..
1449 321 1461 332 ⁶

225 503 299 540 DE
338 472 516 541 POENA
556 500 704 547 QUAE
743 501 997 539 DEBETUR
1035 501 1291 540 PECCATO
1332 499 1579 540 MORTALI
1618 492 1689 538 ET
1722 498 1963 550 VENIALI,

216 572 224 578 “
544 573 643 613 PER
681 574 1003 612 RESPBCTUM
1041 575 1115 612 AD
1157 574 1413 613 ULTIMUM
1452 574 1634 614 FINEM.

202 684 282 729 Est
309 694 459 728 autem
493 698 547 728 ex
578 683 817 742 praedictis
851 682 1140 727 manifestum
1173 684 1293 742 quod
1327 680 1563 742 dupliciter
1595 682 1818 741 contingit
1848 696 2065 741 peccare:

113 765 204 796 uno
238 751 378 795 modo
405 750 470 796 sic
501 750 624 808 quod
655 748 855 794 totaliter
885 749 1078 793 intentio
1104 750 1269 794 mentis
1296 760 1525 795 avertatur
1551 750 1604 793 ab
1632 750 1791 794 ordine
1819 749 1874 793 ad
1897 749 2067 802 Deum,

111 818 190 877 qui
220 827 288 862 est
319 816 503 860 ultimus
535 816 635 860 finis
668 816 912 870 bonorum,
945 825 989 859 et
1019 816 1109 860 hoc
1159 825 1225 861 est
1266 827 1509 875 peccatum
1550 815 1768 870 mortale3
1802 815 1892 859 alio
1925 815 2066 860 modo

111 884 176 928 sic
209 883 345 943 quod,
377 893 589 926 manente
623 882 780 926 ordine
812 882 1041 926 humanae
1068 884 1232 927 mentis
1267 884 1321 927 ad
1345 883 1556 927 ultimum
1586 883 1739 936 finem,
1771 882 2070 942 impedimen-

111 960 209 995 tum
240 948 424 1008 aliquod
466 948 690 1002 afferatur,
722 962 814 1007 quo
847 949 1097 994 retardatur
1128 963 1185 993 ne
1217 949 1357 994 libere
1388 950 1544 994 tendat
1568 949 1615 992 in
1637 949 1792 1003 finem,
1823 959 1869 994 et
1889 949 1979 994 hoc
2007 949 2069 993 di-

47 1012 53 1019 ’
113 1017 229 1063 citur
255 1026 494 1076 peccatum
519 1015 709 1059 veniale.
739 1015 788 1059 Si
814 1029 923 1074 ergo
951 1015 1201 1059 secundum
1234 1014 1535 1060 differentiam
1568 1025 1861 1074 peccatorum
1887 1024 2070 1074 oportet

111 1096 212 1129 ase
243 1081 540 1126 differentiam
572 1095 838 1140 poenarum,
873 1095 1157 1140 consequens
1190 1094 1258 1126 est
1289 1082 1411 1140 quod
1443 1081 1520 1126 ille
1543 1082 1620 1140 qui
1637 1081 1888 1127 mortaliter
1908 1092 2070 1140 peccat

111 1150 176 1195 sit
199 1148 453 1208 puniendus
483 1148 547 1192 sic
580 1148 702 1207 quod
734 1148 912 1192 excidat
943 1149 997 1191 ab
1029 1148 1232 1192 hominis
1264 1147 1378 1202 fine3
1423 1148 1501 1207 qui
1547 1158 1701 1192 autem
1732 1157 1892 1207 peccat
1920 1148 2072 1194 venia·

110 1215 237 1270 liter,
258 1226 352 1260 non
382 1214 443 1259 ita
472 1215 593 1273 quod
617 1215 807 1269 excidat,
836 1215 914 1259 sed
935 1215 998 1258 ita
1020 1215 1143 1273 quod
1164 1214 1416 1259 retardetur
1438 1224 1515 1259 aut
1539 1213 1850 1259 difficultatem
1875 1215 2070 1272 patiatur

109 1283 159 1327 in
172 1281 468 1342 adipiscendo
485 1281 625 1325 finem
644 1296 655 1335 3
674 1281 738 1325 sic
758 1281 880 1326 enim
897 1281 1092 1340 justitiae
1111 1291 1314 1325 servatur
1331 1279 1578 1339 aequalitas
1595 1291 1659 1334 ut,
1670 1281 1907 1340 quomodo
1922 1281 2068 1326 homo

110 1348 349 1408 peccando
371 1346 629 1391 voluntarie
657 1361 683 1391 a
709 1347 798 1391 fine
824 1361 873 1392 se
909 1346 1102 1400 divertit,
1127 1347 1191 1391 ita
1221 1346 1474 1406 poenaliter
1505 1356 1667 1392 contra
1697 1361 1827 1392 suam
1863 1345 2070 1392 volunta·

110 1425 205 1460 tem
225 1415 274 1459 in
305 1414 408 1459 finis
440 1414 679 1473 adeptione
710 1413 996 1472 impediatur.

199 1480 397 1527 Adhuc:
428 1481 543 1524 sicut
570 1489 638 1525 est
669 1478 881 1524 voluntas
911 1480 959 1523 in
989 1479 1268 1533 hominibus,
1300 1479 1361 1524 ita
1394 1489 1461 1524 est
1500 1478 1735 1524 inclinatio
1775 1478 1992 1524 naturalis
2020 1479 2069 1524 in

115 1548 250 1593 rebus
280 1546 570 1592 naturalibus.
606 1546 656 1590 Si
688 1555 840 1591 autem
872 1546 926 1591 ab
959 1546 1111 1605 aliqua
1132 1561 1179 1591 re
1206 1546 1402 1591 naturali
1426 1545 1612 1591 tollatur
1637 1546 1874 1591 inclinatio
1897 1548 1994 1606 ejus
2011 1546 2069 1591 ad

112 1615 268 1669 finem,
299 1614 492 1658 omnino
521 1612 661 1657 finem
692 1612 822 1656 illum
856 1613 1074 1671 consequi
1104 1627 1198 1656 non
1221 1622 1394 1671 potest3
1427 1613 1543 1658 sicut
1564 1627 1727 1672 corpus
1749 1628 1901 1672 grave,
1928 1627 2069 1672 quum

43 1736 46 1740 Δ
112 1681 383 1740 gravitatem
414 1679 616 1724 amiserit
646 1693 726 1738 per
758 1681 1099 1738 corruptionem
1126 1689 1171 1723 et
1202 1678 1374 1723 facturn
1400 1678 1535 1723 fuerit
1565 1679 1680 1733 leve,
1708 1693 1802 1723 non
1834 1680 2070 1738 perveniet

111 1747 168 1792 ad
200 1747 429 1801 medium;
461 1748 498 1790 si
531 1756 684 1790 autem
716 1745 850 1790 fuerit
879 1746 926 1788 in
958 1759 1042 1789 suo
1077 1755 1204 1790 motu
1230 1745 1516 1804 impeditum,
1538 1745 1835 1790 inclinatione
1852 1746 1908 1790 ad
1929 1745 2068 1790 finem

113 1823 340 1868 manente,
371 1823 551 1858 remoto
583 1812 870 1871 prohibente,
895 1812 1130 1870 perveniet
1154 1812 1210 1856 ad
1243 1812 1395 1855 finem.
1428 1812 1480 1856 In
1513 1826 1570 1856 eo
1604 1822 1756 1856 autem
1790 1813 1867 1871 qui
1908 1820 2069 1870 peccat

114 1879 379 1933 mortaliter,
411 1879 604 1924 omnino
637 1880 851 1923 avertitur
871 1878 1063 1923 intentio
1085 1877 1332 1923 voluntatis
1364 1892 1390 1922 a
1412 1878 1502 1923 fine
1519 1878 1709 1933 ultim03
1742 1880 1787 1923 in
1808 1879 1890 1923 illo
1914 1889 2069 1924 autem

112 1948 190 2008 qui
218 1939 458 1992 venialiter
488 1957 662 2006 peccat,
689 1956 844 1991 manet
867 1946 1060 1990 intentio
1094 1959 1313 1991 conversa
1341 1946 1397 1990 ad
1423 1945 1578 1999 finem,
1605 1946 1684 1990 sed
1712 1945 1965 2004 aliqualiter
1987 1947 2070 1989 im-

112 2014 290 2074 peditur
316 2028 370 2058 ex
399 2013 491 2057 hoc
517 2013 639 2072 quod
672 2012 772 2071 plus
798 2012 951 2056 debito
983 2012 1190 2057 inhaeret
1214 2012 1285 2056 his
1312 2026 1429 2070 quae
1455 2024 1559 2056 sunt
1586 2012 1641 2055 ad
1673 2011 1825 2056 finem.
1852 2013 1996 2071 Igitur
2022 2012 2066 2056 ei

112 2081 190 2139 qui
219 2090 382 2140 peccat
412 2079 666 2124 mortaliter
690 2079 804 2123 haec
832 2093 980 2138 poena
1006 2079 1193 2123 debetur
1219 2089 1267 2123 ut
1293 2079 1484 2123 omnino
1512 2078 1776 2124 excludatur
1802 2093 1829 2122 a
1854 2093 2070 2123 consecu-

108 2146 384 2201 tionefini33
411 2146 454 2190 ei
485 2154 638 2190 autem
671 2146 749 2204 qui
772 2155 941 2204 ⁴peccat
971 2144 1222 2200 venialiter,
1249 2145 1372 2204 quod
1405 2144 1719 2189 difficultatem
1752 2145 1953 2204 aliquam
1985 2160 2065 2205 pa-

108 2213 245 2258 riatur
264 2222 520 2271 ¹antequam
553 2213 608 2256 ad
634 2212 774 2256 finem
805 2212 1055 2270 perveniat.

163 2304 166 2307 >
197 2278 431 2339 Amplius:
456 2293 596 2338 quum
615 2278 777 2337 aliquis
803 2278 1096 2337 consequitur
1122 2278 1307 2337 aliquod
1331 2279 1504 2323 bonum
1528 2278 1650 2338 quod
1671 2292 1766 2324 non
1787 2274 2066 2333 in‘tendebat,

111 2353 230 2392 esta
254 2344 439 2391 fortuna
461 2355 504 2390 et
531 2345 894 2404 casurSiigitur
918 2344 995 2389 ille
1038 2347 1168 2404 cujus
1202 2346 1393 2390 intentio
1433 2355 1500 2390 est
1536 2360 1693 2390 aversa
1732 2360 1758 2390 a
1783 2345 1871 2390 fine
1905 2344 2069 2389 ultimo

108 2412 249 2458 finem
275 2412 488 2458 ultimum
514 2422 794 2471 assequatur,
822 2412 906 2457 erit
930 2412 1020 2456 hoc
1049 2426 1074 2455 a
1099 2411 1282 2456 fortuna
1309 2422 1354 2456 et
1380 2427 1502 2457 casu.
1530 2413 1632 2457 Hoc
1676 2421 1830 2457 autern
1854 2412 2070 2456 inconve-

107 2479 238 2524 niens
263 2489 345 2533 est,
371 2479 478 2538 quia
503 2478 689 2523 ultimus
714 2478 816 2523 finis
839 2488 907 2523 est
930 2479 1105 2525 bonurn
1125 2479 1406 2533 intellectus3
1432 2478 1614 2523 fortuna
1641 2489 1794 2523 autem
1815 2477 2070 2523 intellectui

108 2554 342 2605 repugnat,
355 2545 460 2605 quia
475 2544 660 2589 fortuita
675 2545 842 2604 absque
859 2545 1144 2589 ordinatione
1162 2544 1414 2590 intellectus
1433 2546 1704 2605 proveniunt
1715 2562 1726 2600 ;
1739 2545 2069 2590 inconveniens

110 2621 263 2657 autem
281 2622 349 2657 est
373 2612 496 2670 quod
521 2611 777 2657 intellectus
803 2625 937 2655 suurn
964 2607 1102 2655 finem
1129 2623 1435 2671 consequatur
1459 2627 1553 2657 non
1571 2627 1651 2671 per
1666 2613 1788 2656 viam
1810 2611 2068 2670 intelligibi-

108 2678 358 2723 lem.‘N0n
385 2692 496 2736 ergo
525 2688 828 2737 consequetur
853 2677 992 2722 finem
1018 2677 1232 2722 ultimum
1250 2679 1327 2738 qui
1347 2693 1543 2738 peccans
1571 2679 1823 2724 mortaliter
1846 2679 1986 2723 habet
2005 2678 2070 2722 in-

109 2745 363 2789 tentionem
391 2758 598 2788 aversam
625 2744 679 2788 ab
708 2743 870 2789 ultimo
896 2744 999 2788 fine.

200 2812 339 2856 Item:
367 2810 556 2855 materia
577 2825 672 2854 non
695 2811 986 2869 consequitur
1011 2809 1210 2855 formam
1238 2811 1292 2855 ab
1320 2821 1497 2870 agente,
1519 2812 1607 2856 nisi
1632 2811 1766 2857 fuerit
1788 2812 1844 2856 ad
1869 2811 2067 2856 formam

36 2888 53 2901 ³
116 2877 332 2938 disposita
359 2877 696 2921 convenienter.
723 2877 845 2921 Finis
873 2886 1025 2921 autem
1053 2887 1097 2921 et
1121 2877 1294 2922 bonum
1321 2888 1390 2922 est
1414 2878 1633 2937 perfectio
1659 2877 1920 2932 voluntatis,
1953 2882 2070 2923 sicut

115 2943 266 2989 forma
292 2943 523 2988 materiae.
549 2943 776 2987 Voluntas
802 2943 936 3001 igitur
967 2957 1061 2987 non
1088 2954 1391 3003 consequetur
1410 2944 1620 2989 ultimum
1648 2944 1801 2998 finem,
1827 2944 1914 2988 nisi
1935 2943 2070 2990 fuerit

111 3011 330 3071 disposita
348 3012 684 3055 convenienter.
711 3010 979 3069 Disponitur
1006 3020 1157 3055 autem
1186 3011 1241 3054 ad
1268 3010 1404 3055 finem
1427 3011 1639 3056 voluntas
1665 3025 1744 3069 per
1766 3011 2068 3056 intentionem

116 3088 161 3122 et
186 3077 462 3123 desiderium
486 3076 602 3121 finis.
628 3076 734 3121 Non
760 3076 897 3135 igitur
922 3087 1225 3136 consequetur
1242 3077 1382 3122 finem
1409 3079 1536 3136 cujus
1561 3078 1752 3123 intentio
1781 3091 1806 3122 a
1830 3077 1920 3123 fine
1942 3093 2069 3124 aver-

114 3143 237 3188 titur.

205 3210 467 3255 Praeterea:
493 3210 540 3253 in
570 3209 642 3254 his
674 3223 791 3268 quae
822 3219 926 3254 sunt
957 3209 1163 3254 ordinata
1190 3210 1245 3254 ad
1273 3210 1425 3264 finem,
1452 3210 1552 3255 talis
1588 3211 1807 3255 habitudo
1843 3210 2070 3256 invenitur

116 3277 254 3336 quod,
281 3277 319 3321 si
350 3276 452 3321 finis
478 3286 545 3321 est
576 3276 649 3320 vel
675 3276 771 3329 erit,
798 3290 982 3320 necesse
1010 3287 1076 3320 est
1102 3290 1155 3321 ea
1182 3292 1297 3336 quae
1320 3287 1424 3322 sunt
1451 3278 1505 3321 ad
1533 3278 1670 3322 finem
1698 3277 1820 3331 sore3
1843 3277 1882 3322 si
1914 3286 2067 3322 autem

117 3358 171 3388 ea
187 3359 304 3404 quae
322 3353 425 3388 sunt
451 3343 507 3387 ad
523 3342 662 3387 finem
687 3357 781 3387 non
813 3354 930 3397 sunt,
955 3357 1039 3387 nec
1057 3343 1157 3388 finis
1182 3344 1291 3398 erit3
1317 3346 1353 3388 si
1372 3345 1495 3389 enim
1514 3344 1613 3388 finis
1632 3358 1730 3389 esse
1747 3354 1911 3403 potest,
1928 3345 2066 3389 etiam

112 3424 210 3455 non
234 3410 548 3456 exsistentibus
563 3410 651 3455 illis
678 3424 794 3469 quae
820 3420 925 3455 sunt
950 3411 1006 3454 ad
1023 3410 1177 3465 finem,
1193 3410 1358 3455 frustra
1382 3426 1463 3470 per
1487 3411 1752 3469 hujusmodi
1769 3411 1919 3456 media
1936 3425 2069 3470 quae-

83 3488 90 3495 ·
112 3477 226 3522 ritur
247 3477 364 3522 finis.
393 3477 645 3522 Ostensum
671 3486 739 3521 est
763 3486 915 3521 autem
942 3476 1060 3536 apud
1078 3491 1239 3522 omnes
1266 3477 1387 3536 quod
1405 3476 1550 3522 homo
1571 3491 1651 3536 per
1669 3491 1810 3537 opera
1836 3478 2067 3532 virtutum,

113 3542 157 3588 in
183 3543 346 3603 quibus
380 3543 675 3603 praecipuum
711 3553 778 3588 est
812 3543 1005 3589 intentio
1043 3542 1145 3588 finis
1178 3543 1332 3598 debiti,
1367 3544 1659 3603 consequitur
1684 3558 1817 3589 suum
1852 3543 2065 3589 ultimum
