2332 3854
291 219 399 274 432
962 217 1118 256 LrssER
1156 216 1234 254 111.
1276 216 1396 256 cAP.
1437 216 1564 256 xcv.

291 320 480 364 nitatem
507 319 744 379 participat
768 319 884 363 inter
910 327 1083 362 ceteras
1116 326 1358 362 creaturas.
1391 317 1485 362 Sua
1517 327 1670 364 autem
1701 319 1912 364 voluntas
1944 330 2012 365 est
2042 320 2247 367 effectiva

291 400 466 430 rerum:
495 395 562 430 est
588 386 710 430 enim
728 399 865 429 causa
882 399 1033 428 rerum
1060 397 1139 442 per
1161 383 1291 428 suam
1315 380 1615 440 voluntatem,
1641 396 1689 431 ut
1714 401 1846 447 supra
1864 387 1984 444 (Lib.
2010 386 2068 432 11.
2090 402 2130 432 c.
2153 393 2247 444 24.)

291 462 526 497 ostensum
545 462 624 496 est.
643 451 716 495 Ad
733 452 984 495 bonitatem
1010 450 1147 508 igitur
1173 450 1372 494 divinam
1387 451 1582 510 pertinet
1597 461 1646 497 ut
1660 453 1849 512 impleat
1874 453 2096 499 desideria
2115 455 2249 499 ratio-

290 519 407 572 nalis
434 528 664 562 creaturae
690 518 775 561 sibi
800 531 880 574 per
906 517 1163 560 orationem
1189 517 1435 576 proposita.

379 587 642 629 Praeterea:
669 584 842 627 bonum
865 592 1097 627 creaturae
1119 583 1372 628 derivatum
1390 594 1456 629 est
1473 585 1725 629 secundum
1740 586 1888 644 ipsam
1905 585 2248 633 similitudinem

292 667 317 696 a
342 652 544 696 bonitate
577 650 742 693 divina.
771 650 872 694 Hoc
900 659 1052 693 autem
1074 649 1274 694 maxime
1295 651 1662 696 commendabile
1689 654 1735 696 in
1760 653 2022 698 hominibus
2049 665 2247 714 apparet,

293 730 341 763 ut
365 721 480 777 juste
506 717 760 776 petentibus
788 730 1023 760 assensum
1047 730 1142 760 non
1169 717 1413 776 denegent·
1440 733 1495 762 ex
1519 719 1611 763 hoc
1635 719 1758 766 enim
1781 730 2003 764 vocantur
2023 719 2247 776 liberales,

292 786 555 836 clementes,
573 783 888 827 misericordes
917 793 962 827 et
985 783 1061 842 pii.
1080 783 1280 828 Maxime
1306 784 1443 848 igitur
1467 786 1558 829 hoc
1582 786 1637 829 ad
1657 785 1860 830 divinam
1884 787 2139 840 bonitatem
2154 802 2252 848 per-

289 853 416 904 tinet,
443 861 492 894 ut
518 851 614 909 pias
641 850 871 894 orationes
899 850 1121 894 exaudiat.

381 917 499 961 Hinc
527 926 595 961 est
616 917 737 975 quod
765 917 927 960 dicitur
953 916 1093 974 (Psal.
1122 917 1327 962 CXLIV.
1360 918 1472 977 19.):
1509 919 1770 964 Voluntatem
1797 921 2028 965 timentium
2049 935 2088 966 se
2098 922 2248 981 faciet,

292 993 329 1029 et
355 986 559 1028 orationes
589 998 732 1028 eorum
756 983 962 1038 exaudiet,
989 989 1026 1027 et
1054 984 1190 1028 salvos
1211 985 1345 1043 faciet
1374 1000 1440 1030 eos
1449 1001 1466 1038 ,·
1502 996 1546 1029 et
1578 986 1762 1043 (Matth.
1791 987 1891 1031 VII.
1925 987 1988 1044 8.)
2019 988 2249 1033 Dominus

293 1052 424 1095 dicit:
457 1051 604 1096 Omnis
625 1052 697 1109 qui
714 1052 830 1109 petit,
852 1052 1019 1109 accipit,
1047 1057 1087 1095 et
1111 1052 1183 1109 qui
1204 1053 1582 1110 quaerimnvenit,
1610 1060 1648 1099 et
1661 1054 1849 1112 pulsanti
1879 1055 2102 1114 aperietur.

1022 1204 1278 1260 CAPUT
1313 1205 1517 1260 XCVI.

578 1341 738 1388 QUOD
780 1340 921 1378 DEUS
961 1341 1079 1379 NON
1120 1340 1304 1379 OMNES
1339 1340 1653 1379 ORATIONES
1693 1340 1962 1380 EXAUDIT·

378 1451 486 1494 Non
503 1459 570 1494 est
587 1460 740 1494 autem
762 1449 1106 1504 inconveniens,
1123 1450 1164 1493 si
1180 1449 1454 1508 quandoque
1472 1449 1712 1508 petitiones
1739 1450 1967 1494 orantium
1982 1462 2078 1494 non
2094 1448 2253 1494 admit-

289 1528 444 1562 tuntur
471 1533 496 1561 a
517 1518 635 1561 Deo.
662 1517 728 1560 Ea
754 1517 878 1562 enim
904 1517 1080 1561 ratione
1103 1526 1338 1561 ostensum
1361 1527 1428 1561 est
1445 1518 1505 1575 (c.
1529 1517 1717 1575 praec.),
1739 1517 1862 1576 quod
1883 1517 2009 1562 Deus
2031 1516 2253 1561 desideria

289 1583 523 1629 rationalis
541 1593 773 1628 creaturae
792 1583 1024 1642 adimplet,
1042 1585 1087 1627 in
1105 1594 1326 1642 quantum
1344 1583 1568 1627 desiderat
1582 1583 1771 1627 bonum.
1791 1583 2082 1644 Quandoque
2099 1592 2252 1628 autem

290 1651 514 1710 contingit
538 1651 660 1709 quod
682 1651 728 1694 id
754 1650 877 1709 quod
904 1650 1069 1709 petitur
1094 1664 1189 1694 non
1217 1660 1284 1694 est
1308 1664 1469 1694 verum
1491 1651 1680 1704 bonum,
1708 1651 1788 1694 sed
1815 1663 2051 1710 apparens,
2083 1649 2253 1710 simpli-

291 1719 407 1765 citer.
429 1728 583 1762 autem
609 1717 797 1761 malum.
824 1717 932 1761 Non
954 1717 1091 1775 igitur
1116 1716 1218 1761 talis
1241 1717 1388 1761 oratio
1417 1731 1442 1760 a
1461 1718 1563 1761 Deo
1587 1716 1864 1761 exaudibilis.
1891 1717 2010 1762 Hinc
2035 1726 2104 1762 est
2128 1717 2251 1777 quod

292 1785 455 1830 dicitur
481 1785 662 1842 (Jacob.
690 1784 767 1827 IV.
799 1783 884 1841 3.):
912 1784 1070 1838 Petitis,
1104 1790 1140 1828 et
1169 1798 1252 1827 non
1279 1785 1481 1843 accipitis,
1515 1799 1560 1828 eo
1586 1783 1695 1842 quod
1724 1783 1832 1828 male
1850 1786 2012 1843 petatis.

381 1852 600 1896 Similiter
626 1861 793 1904 autem,
817 1865 871 1894 ex
886 1851 979 1895 hoc
996 1851 1119 1909 quod
1142 1851 1267 1894 Deus
1291 1851 1345 1894 ad
1370 1850 1717 1894 desiderandum
1737 1859 1909 1904 movet,
1930 1859 2167 1895 ostensum
2185 1859 2252 1894 est

292 1919 352 1975 (c.
380 1918 552 1977 praec.)
580 1918 858 1962 conveniens
885 1931 983 1961 esse
1015 1917 1138 1975 quod
1171 1917 1392 1963 desideria
1423 1916 1623 1975 impleat.
1652 1916 1826 1961 Mobile
1852 1926 2004 1961 autem
2031 1917 2087 1961 ad
2111 1916 2251 1970 finem

291 1995 445 2029 motus
465 1999 559 2028 non
585 1984 845 2042 perducitur
867 1998 893 2028 a
919 1994 1148 2038 movente,
1166 1985 1253 2028 nisi
1275 1994 1427 2027 motus
1451 1984 1751 2027 continuetur.
1776 1983 1827 2028 Si
1846 1984 1982 2042 igitur
2002 1993 2156 2028 motus
2180 1983 2255 2028 de-

290 2052 443 2096 siderii
459 2066 538 2110 per
556 2051 775 2095 orationis
793 2051 1055 2095 instantiam
1071 2065 1165 2094 non
1193 2052 1495 2104 continuetur,
1512 2064 1606 2094 non
1619 2061 1686 2094 est
1702 2050 2029 2095 inconveniens
2044 2050 2083 2095 si
2103 2048 2251 2095 oratio

291 2118 506 2164 effectum
523 2118 725 2162 debitum
742 2132 836 2162 non
854 2118 1079 2162 sortiatur.
1099 2118 1218 2161 Hinc
1236 2126 1302 2161 est
1320 2117 1690 2176 quod·Dominus
1707 2117 1816 2162 dicit
1827 2117 1962 2176 (Luc.
1978 2117 2144 2162 XVIII.
2167 2118 2250 2176 1.):

292 2189 508 2244 Quoniam
534 2192 696 2246 oportet
719 2194 879 2244 semper
901 2199 1037 2240 orare,
1063 2191 1100 2229 et
1124 2200 1208 2229 non
1229 2184 1395 2243 deficere
1406 2201 1422 2237 ;
1451 2193 1495 2229 et
1526 2184 1583 2243 (Ι.
1612 2183 1776 2229 Thess.
1797 2183 1854 2233 V.
1879 2183 1968 2242 17.)
1994 2183 2103 2229 dicit
2126 2183 2252 2245 Apo-

292 2253 459 2298 stolus:
486 2253 582 2298 Sine
613 2254 913 2297 intermissione
934 2258 1060 2297 orate.

379 2320 575 2364 Rursus:
603 2330 838 2370 ostensum
865 2329 933 2363 est
958 2320 1020 2376 (c.
1046 2318 1220 2377 praec.)
1243 2320 1366 2378 quod
1382 2319 1508 2363 Deus
1531 2318 1764 2363 rationalis
1787 2328 2019 2364 creaturae
2041 2318 2252 2364 decenter

294 2387 570 2431 desiderium
595 2386 768 2443 implet,
794 2386 840 2429 in
867 2396 1087 2444 quantum
1114 2386 1157 2429 ei
1183 2386 1528 2445 appropinquat.
1556 2386 1906 2445 Appropinquat
1929 2395 2082 2430 autem
2107 2386 2151 2430 ei
2177 2385 2253 2429 ali·

293 2454 391 2512 quis
409 2467 489 2512 per
505 2452 958 2511 contemplationem,
977 2462 1021 2496 et
1037 2452 1252 2496 devotam
1274 2452 1579 2507 affectionem,
1603 2463 1647 2496 et
1662 2453 1901 2507 humilem,
1923 2462 1968 2497 et
1988 2451 2168 2497 firmam
2189 2452 2255 2497 in-

290 2522 558 2564 tentionem.
585 2519 669 2563 Illa
694 2520 832 2578 igitur
858 2519 1005 2563 oratio
1033 2533 1149 2577 quae
1176 2519 1239 2563 sic
1266 2520 1369 2563 Deo
1395 2534 1489 2564 non
1513 2520 1857 2579 appropinquat,
1881 2532 1978 2564 non
2003 2529 2071 2564 est
2096 2534 2122 2565 a
2146 2519 2251 2564 Deo
2308 2516 2332 2577 ,ζῖ

292 2586 570 2631 exaudibilis.
599 2586 732 2630 Unde
756 2596 800 2629 et
826 2585 966 2644 (Psal.
996 2586 1071 2630 CI.
1105 2585 1193 2643 18.)
1227 2586 1410 2630 dicitur:
1446 2588 1635 2646 Respexit
1665 2588 1710 2630 in
1742 2588 1974 2631 orationem
1999 2586 2248 2639 humilium,·

293 2664 337 2698 et
363 2655 553 2712 (Jacob.
578 2655 612 2697 I.
639 2651 726 2711 6.):
756 2654 935 2697 Postulet
965 2659 1102 2697 autem
1129 2655 1174 2696 in
1201 2653 1294 2710 fide,
1322 2654 1428 2697 nihil
1453 2654 1670 2698 haesitans.

378 2721 518 2765 Item:
547 2731 783 2765 ostensum
810 2730 878 2763 est
902 2721 962 2777 (c.
991 2721 1163 2778 praec.)
1192 2721 1314 2779 quod
1341 2721 1516 2765 ratione
1544 2721 1771 2765 amicitiae
1793 2721 1920 2765 Deus
1939 2729 2049 2765 vota
2069 2720 2251 2780 piorum
2305 2719 2321 2776 ἶζ

291 2788 484 2831 exaudit.
528 2787 621 2839 Qui
657 2787 794 2846 igitur
821 2801 846 2830 a
871 2786 960 2830 Dei
987 2787 1184 2830 amicitia
1222 2787 1433 2840 declinat,
1466 2802 1560 2831 non
1597 2798 1665 2832 est
1700 2782 1862 2847 dignu's
1895 2796 1944 2832 ut
1979 2788 2076 2846 e'jus
2102 2787 2250 2833 oratio
2293 2776 2321 2850 ᾇ

291 2855 568 2899 exaudiatur.
597 2854 715 2898 Hinc
735 2863 802 2897 est
819 2853 941 2931 quod
959 2853 1115 2912 (Prov.
1133 2853 1344 2898 XXVIII.
1363 2854 1427 2913 9)
1450 2854 1634 2898 dicitur:
1666 2855 1755 2912 Qui
1770 2854 1950 2900 declinat
1969 2868 2114 2899 aurem
2133 2864 2252 2900 suam

291 2936 341 2965 ne
367 2921 511 2965 audiat
537 2921 677 2979 legem,
707 2922 841 2964 oratio
868 2923 955 2978 ejus
980 2922 1058 2964 erit
1082 2921 1370 2978 exsecrabilis;
1403 2930 1446 2965 et
1471 2922 1579 2979 (Isa.
1603 2934 1666 2977 15.
1670 2922 1713 2979 ):
1741 2921 1851 2967 Cum
1874 2922 2252 2984 multiplicaveritis
2292 2915 2317 2987 ξς

294 2989 513 3042 orationes,
539 3002 623 3031 non
648 2987 898 3031 exaudiam.-
931 3000 1080 3031 manus
1105 2989 1214 3031 enim
1240 2993 1397 3031 vestrae
1420 2990 1618 3046 sanguine
1642 2989 1789 3047 plenae
1812 2995 1920 3034 sunt.
2286 2986 2313 3048 32.ss

385 3055 450 3099 Ex
476 3057 562 3101 hac
590 3056 729 3099 etiam
755 3055 907 3102 radice
940 3054 1147 3113 procedit
1171 3054 1293 3113 quod
1326 3055 1599 3114 quandoque
1632 3055 1793 3114 aliquis
1825 3055 1916 3100 Dei
1951 3055 2126 3102 amicus
2154 3068 2252 3101 non
2289 3049 2314 3105 1¹⁵

297 3123 517 3176 audiatur,
550 3122 733 3181 quando
770 3135 853 3180 pro
887 3121 959 3165 his
995 3131 1128 3179 rogat
1163 3121 1240 3180 qui
1274 3135 1368 3165 non
1401 3132 1504 3166 sunt
1541 3122 1631 3166 Dei
1666 3122 1817 3178 amici,
1853 3123 2105 3167 secundum
2139 3123 2297 3168 illud
2330 3114 2332 3132 ³

292 3190 438 3247 (Hier.
471 3189 566 3233 VII.
602 3187 710 3245 16.:)
750 3188 814 3232 Tu
841 3194 977 3231 autem
1009 3189 1096 3231 noli
1122 3201 1243 3232 orare
1260 3196 1342 3265 pro
1363 3189 1521 3247 populo
1555 3189 1643 3242 hoc,
1668 3203 1740 3234 nec
1772 3203 1955 3235 assumas
1973 3198 2055 3250 pro
2084 3191 2140 3236 eis
2162 3190 2296 3236 lau-

291 3256 396 3309 dem,
430 3262 467 3300 et
492 3258 738 3310 orationem,
760 3261 798 3299 et
822 3269 906 3298 non
933 3256 1102 3299 obsistas
1127 3255 1246 3309 mihi,
1268 3256 1368 3313 quia
1393 3270 1476 3299 non
1503 3256 1726 3300 exaudiam
1751 3263 1801 3302 te.

2323 2310 2330 2322 ⁴„
2312 2228 2332 2298 4⁸23&-
2323 2159 2327 2165 .
2325 2143 2332 2150 v
2322 2130 2332 2138 3—

2312 3281 2320 3317 ἕ

384 3322 621 3381 Contingit
653 3332 806 3365 autem
838 3321 1111 3380 quandoque
1138 3321 1260 3380 quod
1295 3320 1454 3381 aliquis
1488 3337 1541 3366 ex
1573 3323 1773 3368 amicitia
1803 3323 2000 3383 denegat
2030 3321 2153 3383 quod
2178 3335 2251 3384 pe-
2312 3335 2318 3359 ³

290 3390 397 3433 titur
421 3389 474 3432 ab
500 3390 666 3442 amico,
689 3388 793 3447 quia
818 3388 1057 3446 cognoscit
1081 3388 1172 3431 hoc
1200 3388 1242 3431 ei
1268 3401 1365 3432 esse
1391 3389 1624 3443 nocivum,
1640 3389 1714 3435 vel
1731 3390 2008 3435 contrarium
2035 3389 2077 3436 ei
2101 3391 2285 3450 magis
2308 3387 2313 3396 ’“

294 3456 519 3513 expedire,
538 3466 586 3499 ut
609 3456 813 3499 medicus
830 3454 1077 3498 infirmanti
1095 3454 1367 3514 quandoque
1383 3466 1520 3515 negat
1536 3457 1656 3515 quod
1676 3459 1799 3517 petit,
1817 3457 2108 3503 considerans
2125 3455 2248 3517 quod
2304 3451 2316 3508 ‘ss

294 3535 388 3565 non
416 3523 593 3580 expedit
619 3524 659 3566 ei
687 3522 743 3566 ad
769 3520 963 3566 salutem
996 3521 1200 3580 corporis
1227 3523 1611 3581 consequendam.
1639 3524 1773 3569 Unde
1800 3537 1906 3569 cum
1931 3526 2167 3569 ostensum
2191 3522 2249 3568 sit
2310 3536 2315 3563 2·

296 3588 418 3649 quod
443 3589 584 3645 Deus,
611 3603 665 3633 ex
691 3601 848 3634 amore
881 3601 1019 3649 quem
1050 3588 1107 3634 ad
1135 3598 1388 3634 ereaturam
1423 3589 1695 3636 rationalem
1719 3590 1871 3647 habet,
1896 3590 1993 3651 ejus
2027 3588 2248 3639 desiderit
2307 3603 2312 3631 -ῐ
