2332 3854
275 208 342 279 38
585 199 593 206 ⁸
945 221 1101 259 LIBER
1142 221 1176 258 1.
1219 220 1340 258 CAP.
1376 219 1567 258 xxvm.

361 325 496 368 Item:
517 336 655 367 omne
671 321 990 381 imperfectum
1009 322 1062 365 ab
1082 320 1235 379 aliquo
1252 319 1453 379 perfecto
1469 334 1658 365 necesse
1675 329 1742 364 est
1760 330 1808 364 ut
1823 318 2060 378 procedat;
2074 328 2233 363 semen

273 391 396 434 enim
429 401 497 434 est
530 390 582 433 ab
611 388 798 432 animali
822 388 896 432 vel
923 402 949 431 a
975 387 1152 445 planta3
1179 386 1316 449 igitur
1340 386 1540 445 primum
1566 400 1646 430 ens
1673 386 1806 430 debet
1842 399 1941 429 esse
1967 383 2237 444 perfectissi-

273 472 415 501 mum.
433 458 685 502 Ostensum
709 464 776 499 est
799 463 952 498 autem
978 455 1130 497 Deum
1158 467 1256 497 esse
1282 453 1480 512 primum
1507 467 1612 507 ens;
1640 465 1707 497 est
1732 466 1843 511 ergo
1865 450 2233 511 perfectissimus„

363 523 598 582 Amplius:
622 521 981 579 unumquodque
1008 519 1257 578 perfectum
1276 529 1355 574 est,
1372 520 1417 562 in
1436 530 1656 596 quantum
1683 529 1749 563 est
1777 529 1894 571 actu,
1920 515 2237 594 imperfectum

274 600 424 634 autem
453 590 705 633 secundum
738 587 860 646 quod
888 596 955 630 est
986 587 1031 629 in
1058 587 1261 644 potentia
1295 600 1399 630 cum
1426 587 1680 644 privatione
1708 596 1846 629 actus.
1871 583 1919 627 Id
1946 584 2083 642 igitur
2113 582 2235 642 quod

274 656 401 701 nullo
429 657 569 699 modo
597 665 665 699 est
689 656 734 697 in
763 655 978 711 potentia,
1001 653 1080 695 sed
1106 661 1174 696 est
1196 662 1321 696 actus
1343 667 1495 711 purus,
1523 661 1704 712 oportet
1720 651 2114 711 perfectissimum
2122 662 2236 695 esse.

275 723 391 767 Tale
419 732 569 766 autem
597 723 722 764 Deus
756 730 846 774 est3
870 730 936 763 est
968 720 1105 777 igitur
1129 718 1497 778 perfectissimus.
2105 734 2107 739 ¹
2139 726 2143 740 ⁶

363 789 597 848 Amplius.
625 786 739 830 nihil
766 786 860 844 agit
884 785 972 832 nisi
1005 786 1257 831 secundum
1290 786 1412 844 quod
1439 795 1508 830 est
1532 786 1578 829 in
1613 795 1737 829 actu.
1766 784 1886 829 actio
1912 783 2049 843 igitur
2082 796 2239 828 conse-

273 856 424 916 quitur
450 855 639 898 modum
667 863 793 896 actus
811 853 857 895 in
877 861 1052 910 agente.
1078 851 1365 911 Impossibile
1392 863 1460 896 est
1485 853 1620 911 igitur
1647 851 1879 905 effectum,
1901 850 1980 910 qui
2003 864 2085 909 per
2101 849 2239 893 actio-

272 937 381 967 nem
399 922 618 974 educitur,
637 933 736 963 esse
753 919 798 962 in
816 918 1030 962 nobiliori
1046 929 1149 962 actu
1168 933 1306 977 quam
1327 919 1384 963 sit
1401 929 1526 963 actus
1546 919 1744 978 agentis;
1766 916 1981 977 possibile
2000 926 2068 961 est
2081 925 2238 960 tamen

275 1001 426 1033 actum
456 988 642 1032 effectus
668 985 1053 1044 imperfectiorem
1087 998 1184 1029 esse
1211 1000 1348 1043 quam
1376 986 1432 1029 sit
1459 995 1584 1029 actus
1618 999 1783 1029 causae
1809 984 2001 1043 agentis,
2033 997 2090 1028 eo
2117 983 2239 1042 quod

275 1057 394 1100 actio
412 1065 561 1114 potest
582 1053 804 1097 debilitari
822 1067 875 1096 ex
901 1062 1026 1110 parte
1045 1053 1141 1110 ejus
1159 1052 1204 1094 in
1222 1066 1313 1110 quo
1339 1052 1620 1096 terminatur.
1644 1052 1695 1094 In
1714 1065 1880 1110 genere
1897 1060 2050 1095 autem
2072 1063 2239 1094 causae

274 1122 510 1167 efficientis
535 1121 585 1164 fit
610 1120 814 1163 reductio
843 1119 898 1162 ad
925 1133 1064 1161 unam
1093 1132 1278 1162 causam
1305 1133 1420 1177 quae
1445 1119 1572 1162 Deus
1599 1118 1775 1173 dicitur,
1796 1126 1846 1161 ut
1872 1131 1927 1162 ex
1951 1115 2082 1161 dictis
2102 1125 2239 1176 patet,

276 1204 301 1232 a
338 1203 429 1246 quo
466 1196 570 1231 sunt
602 1200 763 1230 omnes
795 1199 880 1238 res,
917 1195 966 1228 ut
992 1187 1037 1228 in
1071 1185 1361 1243 sequentibus
1399 1185 1676 1228 ostendetur.
1717 1184 1916 1243 Oportet
1948 1184 2086 1242 igitur
2117 1182 2241 1242 quod

276 1254 492 1313 quidquid
520 1264 623 1297 actu
657 1262 724 1296 est
750 1253 795 1295 in
823 1265 1111 1310 quacumque
1137 1266 1186 1295 re
1214 1251 1315 1304 alia,
1347 1251 1540 1295 inveniri
1576 1253 1622 1294 in
1654 1251 1756 1294 Deo
1783 1249 1931 1294 multo
1968 1249 2241 1307 eminentius

276 1335 413 1380 quam
442 1321 498 1364 sit
523 1321 569 1363 in
596 1333 643 1363 re
669 1318 771 1373 illa;
798 1332 892 1362 non
920 1327 1071 1362 autem
1106 1332 1130 1361 e
1158 1332 1396 1363 converso.
1423 1318 1503 1362 Est
1528 1318 1665 1375 igitur
1689 1317 1816 1361 Deus
1842 1315 2210 1374 perfectissimus.

363 1389 504 1432 Item:
531 1387 578 1430 in
603 1399 882 1445 unoquoque
901 1399 1067 1443 genere
1091 1395 1159 1429 est
1185 1384 1369 1443 aliquod
1396 1384 1782 1442 perfectissimum
1807 1384 1854 1427 in
1882 1396 2049 1442 genere
2062 1382 2162 1437 ino,
2185 1382 2242 1426 ad

276 1455 399 1514 quod
430 1455 587 1498 omnia
614 1466 730 1511 quae
753 1462 857 1496 sunt
882 1451 1002 1495 illius
1030 1451 1208 1510 generis
1235 1461 1568 1504 mensurantur,
1593 1451 1698 1510 quia
1721 1465 1774 1495 ex
1801 1464 1857 1494 eo
1883 1449 2243 1509 unumquodque

277 1521 528 1566 ostenditur
558 1519 706 1578 magis
733 1529 777 1562 et
802 1519 953 1562 minus
981 1532 1079 1561 esse
1112 1518 1379 1576 perfectum,
1414 1519 1535 1577 quod
1568 1518 1624 1561 ad
1662 1530 1926 1562 mensuram
1961 1517 2034 1561 sui
2064 1516 2243 1576 generis

277 1589 425 1647 magis
441 1587 516 1631 vel
541 1587 692 1630 minus
721 1586 1074 1645 appropinquat:
1099 1585 1215 1629 sicut
1237 1585 1390 1628 album
1414 1585 1577 1628 dicitur
1599 1598 1698 1628 esse
1725 1597 1941 1628 mensura
1961 1584 2008 1627 in
2031 1583 2243 1628 omnibus

279 1654 524 1708 coloribus,
559 1663 603 1697 et
638 1653 865 1696 virtuosus
897 1652 1014 1695 inter
1048 1665 1209 1695 omnes
1241 1652 1469 1695 homines.
1507 1651 1557 1694 Id
1591 1661 1745 1695 antem
1777 1650 1899 1710 quod
1932 1659 2000 1695 est
2030 1664 2242 1695 mensura

279 1722 489 1766 omnium
517 1720 704 1773 entium,
731 1733 826 1762 non
858 1728 1007 1776 potest
1034 1733 1131 1763 esse
1159 1718 1280 1762 aliud
1313 1732 1452 1777 quam
1468 1718 1608 1773 Deus,
1636 1718 1713 1777 qui
1739 1729 1807 1762 est
1831 1731 1966 1761 suum
1991 1730 2115 1772 esse;
2156 1716 2242 1776 ipsi

277 1791 411 1847 igitur
429 1787 555 1831 nulla
572 1787 697 1831 deest
714 1785 1060 1845 perfectionum,
1079 1799 1195 1844 quae
1216 1785 1438 1843 aliquibus
1457 1785 1589 1829 rebus
1608 1785 1866 1839 conveniat,
1884 1783 1996 1828 alias
2011 1797 2106 1829 non
2124 1793 2244 1828 esset

282 1869 491 1900 omnium
519 1868 777 1898 communis
804 1867 1030 1896 mensura.

372 1923 490 1966 Hinc
519 1932 585 1966 est
611 1921 733 1980 quod
761 1935 863 1965 cum
894 1930 1129 1978 quaereret
1146 1920 1332 1978 Moyses
1350 1920 1550 1963 divinam
1573 1920 1726 1963 videre
1742 1918 1908 1963 faciem
1929 1932 2010 1963 seu
2033 1916 2244 1977 gloriam,

279 2003 551 2048 responsum
578 1998 645 2032 est
671 1990 712 2031 ei
739 2002 764 2031 a
790 1988 1017 2031 Domino:
1045 1988 1135 2044 Ego
1159 1987 1367 2032 ostendam
1385 1988 1459 2031 tibi
1477 2002 1595 2031 omne
1618 1982 1787 2039 honuni,
1805 1995 1855 2030 ut
1869 1983 2242 2043 habeturbffl‘xod.

280 2056 492 2109 XXXIII,
515 2056 618 2115 19),
635 2069 715 2112 per
731 2055 823 2099 hoc
840 2054 950 2097 dans
968 2053 1222 2111 intelligere
1240 2054 1286 2097 in
1309 2067 1357 2097 se
1384 2053 1535 2098 omnis
1553 2053 1768 2097 bonitatis
1785 2051 2113 2111 plenitudinem
2131 2065 2246 2097 esse.

278 2124 528 2183 Dionysius
548 2122 686 2166 etiam
713 2122 759 2165 in
781 2121 836 2166 V.
866 2136 903 2165 c.
930 2121 1001 2165 De
1029 2121 1118 2165 div.
1135 2121 1310 2164 nomin.
1330 2121 1460 2165 dicit:
1493 2121 1659 2164 «Deus
1684 2133 1779 2164 non
1806 2118 2153 2179 quodammodo
2170 2127 2243 2163 est

280 2191 513 2243 exsistens,
536 2189 615 2234 sed
641 2188 906 2247 simpliciter
933 2197 977 2231 et
999 2188 1433 2246 incircumscriptive
1458 2197 1608 2232 totum
1630 2201 1728 2232 esse
1760 2188 1806 2231 in
1833 2187 1983 2246 seipso
2009 2186 2175 2246 accipit
2201 2195 2247 2230 et

282 2257 559 2316 praeaccipit
574 2273 617 2301 2).

373 2324 621 2367 Sciendum
637 2333 792 2367 tamen
811 2332 878 2366 est
903 2322 1025 2381 quod
1051 2321 1269 2380 perfectio
1296 2323 1399 2366 Deo
1428 2322 1752 2366 convenienter
1767 2320 1948 2365 attribui
1967 2334 2063 2365 non
2083 2329 2247 2380 potest,

282 2392 320 2436 si
336 2391 537 2435 nominis
555 2389 829 2448 significatio
847 2399 1065 2448 quantum
1086 2389 1141 2432 ad
1159 2389 1228 2433 sui
1246 2389 1472 2448 originem
1492 2388 1772 2443 attendatur;
1794 2387 1918 2448 quod
1935 2386 2246 2432 enim‘factum

282 2473 377 2502 non
395 2467 475 2514 est,
493 2471 578 2500 nec
606 2455 856 2515 perfectum
884 2469 1019 2514 posse
1046 2455 1134 2499 dici
1150 2456 1341 2499 videtur.
1371 2456 1461 2509 Sed
1479 2456 1585 2514 quia
1602 2469 1740 2499 omne
1767 2455 1890 2514 quod
1907 2454 1958 2498 fit
1974 2455 2030 2499 de
2044 2456 2248 2515 potentia

283 2527 329 2569 in
357 2534 510 2568 actum
530 2524 775 2567 deductum
803 2533 881 2577 est,
909 2532 953 2566 et
979 2522 1033 2565 de
1052 2535 1146 2565 non
1173 2536 1271 2566 esse
1297 2523 1344 2566 in
1371 2536 1483 2576 esse,
1511 2523 1693 2581 quando
1711 2521 1884 2566 factum
1900 2531 1981 2577 est,
1997 2530 2248 2567 tuncrecte

284 2590 538 2650 perfectum
565 2604 663 2635 esse
691 2590 867 2641 dicitur,
895 2589 1023 2648 quasi
1054 2588 1254 2632 totaliter
1284 2589 1480 2643 factum3
1509 2590 1691 2648 quando
1724 2589 1928 2648 potentia
1950 2588 2152 2633 totaliter
2180 2597 2249 2633 est

286 2659 342 2702 ad
365 2668 518 2702 actum
544 2657 744 2710 reducta,
768 2667 817 2701 ut
842 2656 956 2700 nihil
983 2657 1038 2700 de
1060 2671 1155 2701 non
1178 2671 1276 2701 esse
1302 2658 1506 2711 retineat,
1534 2659 1612 2702 sed
1638 2658 1805 2703 habeat
1826 2671 1925 2703 esse
1952 2657 2247 2718 completum.

284 2726 370 2769 Per
390 2725 637 2783 quamdam
663 2725 798 2782 igitur
822 2724 1023 2767 nominis
1051 2725 1363 2768 extensionem
1382 2724 1634 2783 perfectum
1653 2725 1830 2780 dicitur,
1845 2738 1939 2769 non
1954 2724 2108 2769 solum
2123 2724 2248 2785 quod

285 2792 437 2835 fiendo
471 2792 674 2849 pervenit
709 2791 764 2834 ad
802 2800 956 2834 actum
993 2791 1290 2849 completum,
1329 2792 1407 2835 sed
1441 2792 1579 2835 etiam
1606 2792 1650 2835 id
1677 2792 1799 2850 quod
1826 2801 1895 2836 est
1917 2791 1964 2835 in
1997 2801 2101 2836 actu
2127 2805 2251 2836 com·

285 2858 410 2917 pleto
439 2860 608 2917 absque
635 2858 764 2901 omni
788 2857 1002 2910 factione,
1030 2868 1073 2901 et
1100 2860 1162 2902 sic
1186 2859 1339 2902 Deum
1366 2858 1617 2917 perfectum
1645 2872 1743 2903 esse
1770 2858 1964 2903 dicimus
1995 2857 2248 2903 seeundum

286 2924 399 2970 illud
426 2925 610 2983 (Matth.
638 2925 694 2969 V.
720 2925 836 2980 48.):
862 2925 1002 2969 Estote
1023 2926 1201 2984 perfecti
1222 2927 1330 2970 sicut
1354 2933 1391 2970 et
1418 2926 1546 2971 Pater
1570 2931 1701 2971 vester
1726 2925 1903 2971 coelestis
1917 2925 2127 2986 perfectus
2150 2931 2218 2971 est.

1020 3079 1273 3135 CAPUT
1308 3037 1517 3135 Xissx.

901 3215 975 3253 DE
1016 3215 1394 3286 SIMILITUDINE
1435 3215 1644 3255 DIVINA-

380 3325 445 3369 Ex
471 3325 562 3369 hoc
597 3335 748 3369 autem
775 3326 1010 3384 quomodo
1037 3325 1084 3369 in
1117 3325 1247 3370 rebus
1280 3326 1421 3384 possit
1461 3325 1712 3370 similitudo
1754 3326 1810 3370 ad
1850 3325 2005 3371 Deum
2043 3324 2251 3379 inveniri,

288 3392 361 3435 vel
394 3405 486 3435 non
519 3393 675 3450 possit,
717 3393 995 3437 considerari
1035 3401 1196 3451 potest.
1229 3391 1428 3436 Effectus
1471 3393 1594 3437 enim
1623 3407 1647 3436 a
1679 3392 1771 3437 suis
1803 3391 1952 3439 causis
1989 3390 2252 3437 deficientes

289 3472 382 3502 non
410 3459 687 3503 conveniunt
728 3473 835 3503 cum
867 3459 931 3503 eis
957 3460 1004 3503 in
1029 3459 1218 3503 nomine
1246 3467 1289 3503 et
1314 3459 1516 3514 ratione3
1556 3473 1745 3504 necesse
1773 3468 1840 3505 est
1863 3461 2021 3505 tamen
2050 3457 2250 3519 aliquam

288 3526 405 3570 inter
432 3539 484 3569 ea
517 3525 861 3570 similitudinem
888 3525 1103 3581 inveniri3
1127 3526 1182 3569 de
1214 3535 1374 3570 natura
1407 3526 1529 3569 enim
1557 3526 1732 3584 agentis
1764 3536 1833 3571 est
1851 3535 1902 3571 ut
1925 3536 2067 3586 agens
2091 3524 2179 3570 sihi
2197 3525 2252 3569 si·

291 3591 398 3636 mile
433 3602 551 3650 agat,
584 3606 689 3636 cum
731 3593 1088 3652 unumquodque
1116 3602 1221 3652 agat
1246 3591 1494 3636 secundum
1524 3592 1645 3652 quod
1674 3603 1775 3638 actu
1813 3602 1894 3638 est.
1927 3590 2062 3653 Unde
2100 3590 2250 3637 forma
