2332 3854
227 241 289 279 12
933 242 1091 282 LIBER
1128 242 1164 280 1.
1208 242 1328 283 CAP.
1368 242 1444 285 XI·

220 340 352 400 gitari
367 355 461 386 non
482 342 647 401 possit3
662 356 811 401 -quum
829 341 961 387 multi
978 343 1267 402 antiquorum
1283 342 1508 388 mundum
1522 343 1661 389 istum
1683 344 1872 389 dixerint
1887 345 2041 389 Deum
2058 358 2172 390 esse.

218 408 316 453 Nec
337 409 473 452 etiam
496 423 549 452 ex
570 409 1012 468 interpretationibus
1024 410 1157 467 hujus
1173 410 1389 464 nominis,
1406 411 1536 466 Deus,
1554 425 1666 470 quas
1682 412 1998 459 Damascenus
2009 413 2174 471 posuit,

219 475 389 535 aliquid
416 477 551 535 hujus
582 476 776 535 intelligi
802 477 942 521 datur.
981 477 1160 521 Deinde
1192 479 1333 535 quia,·
1345 477 1452 522 dato
1485 479 1608 537 quod
1641 479 1694 523 ab
1728 479 1940 523 omnibus
1972 493 2051 537 per
2082 479 2172 523 hoc

217 556 404 596 nomen,
419 544 547 597 Deus,
560 543 836 602 intelligatur
850 543 1017 601 aliquid
1030 557 1120 602 quo
1134 545 1280 602 majus
1294 544 1485 603 cogitari
1496 558 1590 589 non
1606 545 1762 604 possit,
1778 559 1872 590 non
1888 559 2074 590 necesse
2093 544 2176 589 erit

220 609 385 668 aliquid
405 623 502 654 esse
521 624 611 668 quo
630 611 776 668 majus
795 610 984 668 cogitari
996 623 1091 654 non
1108 620 1257 669 potest
1276 611 1324 655 in
1340 625 1493 656 rerum
1508 621 1682 656 natura.
1700 611 1876 656 Eodem
1893 612 2015 656 enirn
2033 610 2180 656 modo’

218 689 404 720 necesse
431 686 499 720 est
524 676 634 734 poni
655 690 752 719 rem
779 686 823 719 et
843 675 1044 720 nominis
1064 677 1305 721 rationem.
1327 678 1395 722 Ex
1415 678 1506 722 hoc
1533 688 1685 722 autem
1708 678 1830 737 quod
1857 688 2011 723 mente
2026 677 2176 722 conci-

217 742 340 801 pitur
370 743 492 801 quod
515 742 738 801 profertur
763 742 853 786 hoc
880 742 1083 797 nomine,
1113 744 1238 797 Deus,
1265 742 1360 788 non
1386 745 1588 804 sequitur
1608 745 1761 788 Deum
1784 758 1898 799 esse,
1918 745 2007 789 nisi
2035 745 2083 788 in
2113 744 2177 789 in-

218 808 415 853 tellectu.
438 809 573 853 Unde
594 823 679 853 nec
707 809 933 866 oportebit
952 809 1012 863 id,
1030 823 1121 868 quo
1139 812 1287 869 majus
1310 811 1502 870 cogitari
1522 825 1617 856 non
1640 821 1802 870 potest,
1820 826 1919 856 esse
1939 811 2028 856 nisi
2051 811 2098 855 in
2113 810 2177 855 in-

216 874 425 929 tellectu;
449 885 494 920 et
519 890 571 918 ex
598 875 687 918 hoc
710 889 803 919 non
831 875 1031 934 sequitur
1061 876 1184 934 quod
1210 877 1268 922 sit
1289 876 1457 936 aliquid
1483 878 1528 922 in
1550 891 1701 922 rerum
1718 888 1892 932 natura,
1915 891 2006 938 quo
2029 877 2175 936 majus

218 941 410 1000 cogitari
431 956 524 985 non
552 942 706 999 possit.
733 941 790 985 Et
811 942 874 986 sic
894 942 1073 986 nullum
1093 943 1421 988 inconveniens
1438 944 1603 988 accidit
1619 945 1890 1003 ponentibus
1906 945 2059 989 Deum
2080 957 2176 988 non

218 1022 331 1052 esse.
365 1008 472 1052 Non
499 1009 621 1051 enim
653 1008 980 1053 inconveniens
1007 1018 1087 1062 est,
1125 1009 1328 1068 quolibet
1354 1010 1460 1054 dato
1485 1010 1560 1055 vel
1585 1011 1631 1055 in
1658 1025 1722 1065 re,
1744 1011 1819 1056 vel
1850 1012 1896 1056 in
1927 1011 2176 1062 intellectu,

218 1074 388 1133 aliquid
410 1076 557 1132 majus
581 1075 774 1132 cogitari
792 1089 941 1134 posse,
968 1075 1056 1119 nisi
1077 1075 1119 1120 ei
1141 1078 1218 1135 qui
1240 1077 1452 1121 concedit
1473 1091 1571 1122 esse
1598 1077 1781 1137 aliquid,
1813 1091 1906 1137 quo
1931 1079 2080 1138 majus
2101 1091 2178 1122 co·

217 1142 351 1200 gitari
371 1155 465 1185 non
492 1142 635 1200 possit
659 1142 704 1185 in
726 1156 879 1186 rerum
900 1152 1073 1187 natura.

304 1208 403 1252 Nec
426 1209 563 1252 etiam
591 1218 785 1266 oportet,
812 1219 862 1253 ut
886 1209 1085 1253 secunda
1102 1211 1216 1254 ratio
1234 1210 1532 1269 proponebat,
1549 1211 1652 1255 Deo
1672 1224 1804 1268 posse
1832 1210 2000 1271 aliquid
2019 1211 2167 1270 majus

217 1275 423 1334 cogitari,
450 1277 488 1318 si
513 1285 663 1333 potest
689 1275 882 1333 cogitari
906 1290 1001 1319 non
1028 1290 1141 1320 esse.
1161 1276 1284 1321 Nam
1301 1277 1425 1334 quod
1450 1278 1592 1335 possit
1619 1277 1810 1335 cogitari
1826 1290 1920 1322 non
1947 1291 2060 1333 esse,
2082 1290 2177 1321 non

218 1357 270 1386 ex
296 1341 641 1401 imperfectione
658 1342 726 1385 sui
746 1356 845 1386 esse
872 1352 953 1398 est,
976 1343 1048 1387 vel
1062 1343 1393 1397 incertitudine,
1417 1358 1558 1402 quum
1581 1358 1715 1387 suum
1737 1357 1835 1388 esse
1852 1344 1910 1389 sit
1924 1344 2177 1389 secundum

217 1424 264 1453 se
291 1408 727 1463 manifestissimum,
754 1409 832 1453 sed
861 1424 916 1453 ex
939 1409 1167 1454 debilitate
1195 1411 1336 1454 nostri
1362 1410 1633 1464 intellectus,
1660 1411 1735 1469 qui
1764 1425 1869 1455 eum
1894 1411 2060 1456 intueri
2082 1425 2178 1456 non

217 1486 366 1535 potest
391 1490 468 1535 per
493 1476 708 1534 seipsum,
734 1475 813 1520 sed
841 1490 894 1519 ex
926 1475 1159 1521 effectibus
1193 1478 1304 1535 ejuS.
1329 1477 1386 1521 Et
1415 1478 1494 1532 sic,
1527 1478 1584 1522 ad
1621 1477 1996 1536 cognoscendum
2026 1478 2177 1538 ipsum

217 1557 330 1596 esse,
355 1543 671 1587 ratiocinando
698 1543 973 1600 perducitur.

306 1610 372 1653 Ex
399 1623 490 1668 quo
518 1610 656 1653 etiam
688 1609 819 1653 tertia
857 1610 972 1654 ratio
1001 1610 1205 1655 solvitur.
1237 1611 1375 1665 Nam,
1402 1611 1519 1656 sicut
1547 1612 1679 1656 nobis
1718 1627 1798 1672 per
1830 1626 1879 1658 se
1909 1622 2074 1665 notum
2109 1622 2178 1658 est

218 1677 339 1736 quod
366 1693 389 1718 ‹<
409 1677 584 1721 Totum
605 1691 686 1721 sua
712 1686 837 1734 parte
854 1677 911 1721 sit
936 1678 1083 1736 majus
1109 1695 1151 1733 >›‚
1173 1679 1237 1721 sic
1255 1678 1509 1727 videntibus
1535 1675 1680 1737 ipsam
1709 1680 1910 1723 divinam
1933 1679 2177 1724 essentiam

218 1759 298 1803 per
323 1758 371 1788 se
396 1744 688 1788 notissimum
715 1753 782 1788 est
807 1745 960 1788 Deum
994 1759 1108 1799 esse,
1136 1758 1190 1789 ex
1214 1745 1305 1790 hoc
1333 1746 1454 1804 quod
1481 1760 1562 1790 sua
1589 1747 1783 1790 essentia
1809 1757 1878 1791 est
1901 1761 2037 1792 suum
2062 1760 2177 1791 esse.

219 1811 325 1865 Sed,
352 1812 458 1870 quia
484 1812 580 1869 ejus
608 1811 851 1855 essentiam
878 1812 1031 1855 videre
1053 1825 1147 1855 non
1173 1826 1432 1871 possumus,
1461 1813 1516 1856 ad
1539 1813 1634 1871 ejus
1662 1827 1760 1858 esse
1787 1813 2177 1873 cognoscendum,

217 1893 311 1923 non
339 1893 418 1938 per
444 1879 660 1938 seipsum,
687 1880 766 1923 sed
789 1893 869 1937 per
896 1881 993 1938 ejus
1021 1879 1207 1923 effectus
1234 1881 1539 1937 pervenimus.

336 1945 409 1990 Ad
437 1956 645 2004 quartam
671 1947 809 1989 etiam
835 1956 957 2004 patet
990 1946 1172 1990 solutio.
1201 1946 1276 1990 Sic
1305 1949 1428 1991 enim
1452 1947 1598 1991 homo
1625 1947 1888 1992 naturaliter
1918 1948 2072 1995 Deum
2099 1961 2177 1992 co-

220 2015 414 2072 gnoscit,
441 2014 557 2056 sicut
581 2012 844 2056 naturaliter
870 2013 1019 2071 ipsum
1041 2013 1277 2057 desiderat.
1300 2014 1539 2058 Desiderat
1572 2024 1725 2059 autem
1757 2016 1909 2073 ipsum
1933 2015 2078 2061 homo
2103 2028 2179 2059 na·

220 2079 439 2133 ruraliter,
473 2080 519 2123 in
547 2089 767 2138 quantum
799 2079 1022 2123 desiderat
1048 2080 1313 2124 naturaliter
1337 2080 1678 2135 beatitudinem,
1712 2096 1829 2140 quae
1861 2091 1930 2126 est
1954 2081 2179 2141 quaedam

220 2146 470 2191 similitudo
505 2147 683 2190 divinae
708 2146 938 2191 bonitatis.
977 2147 1053 2190 Sic
1081 2147 1216 2206 igitur
1250 2161 1343 2191 non
1372 2157 1564 2206 oportet,
1597 2149 1719 2206 quod
1751 2149 1878 2193 Deus
1906 2149 2019 2208 ipse,
2049 2149 2097 2192 in
2127 2163 2176 2193 se

219 2213 541 2267 consideratus,
569 2213 626 2257 sit
650 2213 913 2258 naturaliter
930 2224 1064 2258 notus
1083 2214 1275 2268 homini,
1303 2213 1382 2258 sed
1408 2214 1658 2259 similitudo
1674 2215 1830 2274 ipsius.
1848 2215 1982 2260 Unde
1999 2225 2179 2275 oportet

217 2280 355 2338 quod,
374 2294 452 2339 per
470 2282 566 2338 ejus
593 2279 910 2324 similitudines
933 2281 979 2324 in
997 2280 1228 2325 effectibus
1246 2291 1460 2340 repertas,
1477 2281 1525 2324 in
1548 2282 1861 2340 cognitionem
1877 2282 2016 2340 ipsius
2032 2283 2177 2326 homo

218 2347 533 2391 ratiocinando
557 2347 803 2405 perveniat.

309 2414 383 2458 Ad
411 2414 618 2472 quintam
645 2413 784 2457 etiam
810 2414 865 2457 de
891 2412 1014 2458 facili
1039 2424 1163 2474 patet
1188 2414 1371 2459 solutio,
1404 2415 1526 2459 Nam
1557 2415 1684 2459 Deus
1711 2425 1778 2460 est
1804 2415 1989 2475 quidem
2013 2416 2061 2460 in
2086 2429 2177 2475 quo

219 2482 377 2525 omnia
416 2491 772 2539 cognoscuntur,
798 2495 892 2524 non
924 2481 986 2525 ita
1013 2482 1135 2540 quod
1163 2481 1250 2526 alia
1281 2497 1375 2526 non
1409 2492 1746 2540 cognoscantur
1781 2483 1867 2527 nisi
1893 2497 1950 2527 eo
1977 2484 2179 2542 cognito,

218 2549 336 2592 sicut
369 2548 415 2591 in
442 2548 674 2607 principiis
706 2562 787 2606 per
813 2562 862 2592 se
888 2550 1007 2592 notis
1035 2548 1211 2603 accidit,
1238 2549 1317 2593 sed
1345 2549 1448 2608 quia
1475 2563 1555 2607 per
1585 2549 1679 2607 ejus
1713 2549 1994 2594 influentiam
2027 2550 2178 2594 omnis

220 2626 428 2660 causatur
454 2616 499 2659 in
526 2615 657 2659 nobis
685 2615 904 2674 cognitio.

987 2762 1242 2819 CAPUT
1283 2763 1411 2818 XII.

219 2900 291 2937 DE
332 2899 600 2938 OPINIONE
641 2898 953 2956 DICENTIUM
994 2900 1154 2944 QUOD
1196 2899 1352 2937 DEUM
1391 2899 1517 2936 ESSE
1558 2898 1700 2936 SOLA
1732 2899 1860 2937 FIDE
1901 2899 2175 2953 TENETUR,

735 2974 806 3011 ET
840 2973 1230 3012 DEMONSTRARI
1263 2974 1381 3012 NON
1420 2973 1653 3011 POTEST.

307 3082 387 3128 Est
413 3092 566 3127 autem
592 3082 818 3142 quaedam
856 3082 1051 3127 aliorum
1079 3083 1251 3141 opinio,
1278 3083 1534 3140 praedictae
1560 3081 1776 3141 positioni
1814 3082 2057 3137 contraria,
2096 3096 2177 3141 per

219 3163 358 3208 quam
385 3150 520 3194 etiam
548 3149 718 3194 inutilis
741 3150 1001 3194 redderetur
1026 3160 1216 3194 conatus
1237 3150 1569 3194 intendentium
1596 3149 1787 3207 probare
1813 3150 1954 3194 Deum
1978 3164 2069 3196 esse.

306 3217 477 3262 Dicunt
503 3218 627 3261 enim
654 3217 777 3277 quod
804 3218 944 3261 Deum
976 3232 1052 3262 esse
1077 3231 1171 3261 non
1205 3228 1353 3275 potest
1381 3231 1459 3275 per
1491 3217 1716 3261 rationem
1749 3217 1956 3274 inveniri,
1989 3216 2067 3262 sed
2099 3231 2181 3276 per

218 3283 366 3329 solam
391 3285 513 3328 viam
541 3285 646 3329 fidei
668 3295 714 3330 et
739 3284 1029 3329 revelationis
1052 3295 1119 3330 est
1141 3294 1396 3343 acceptum.

306 3351 378 3395 Ad
397 3352 487 3396 hoc
514 3362 666 3396 autem
690 3352 934 3396 dicendum
963 3352 1075 3396 moti
1093 3361 1197 3396 sunt
1223 3352 1405 3411 quidam
1426 3362 1608 3411 propter
1635 3351 1915 3397 debilitatem
1932 3345 2181 3407 rationum]

218 3432 328 3478 quas
356 3418 492 3478 aliqui
519 3419 791 3463 inducebant
819 3418 874 3463 ad
901 3419 1187 3478 probandum
1213 3419 1366 3463 Deum
1391 3433 1503 3464 esse.
1537 3432 1572 3463 1.
1596 3418 1759 3463 Posset
1774 3428 1931 3464 tamen
1954 3417 2032 3465 hic
2049 3431 2178 3481 error

216 3484 535 3530 fulcimentum
572 3485 756 3545 aliquod
797 3485 913 3531 falso
946 3486 1029 3531 sibi
1077 3500 1310 3530 assumere
1348 3500 1402 3531 ex
1442 3486 1747 3544 quorumdam
1792 3482 2180 3545 philosophorum

218 3552 364 3606 dictis,
390 3552 467 3611 qui
493 3553 750 3606 ostendunt,
778 3567 856 3611 per
879 3553 1119 3607 rationem,
1145 3552 1192 3597 in
1219 3553 1321 3598 Deo
1347 3553 1470 3598 idem
1497 3566 1595 3597 esse
1619 3553 1862 3598 essentiam
1885 3560 1931 3598 et
1954 3564 2074 3608 esse,
2099 3553 2182 3599 sci-

217 3618 323 3664 licet
357 3619 398 3663 id
426 3633 518 3678 quo
544 3620 842 3678 respondetur
865 3620 918 3665 ad
945 3620 1044 3679 quid
1069 3626 1139 3676 est,
1167 3629 1212 3665 et
1238 3620 1292 3664 ad
1311 3621 1630 3679 quaestionem
1655 3635 1710 3665 an
1737 3625 1805 3665 est.
1826 3618 1914 3664 Via
1936 3627 2091 3665 autem
2116 3633 2183 3664 ra-
