2332 3854
194 222 304 290 296
888 234 1044 272 LIBER
1083 233 1160 271 111.
1203 232 1322 271 cAP.
1362 231 1478 271 vm.

193 338 393 396 speciem
436 337 657 395 aliquibus
689 337 845 390 rebus;
888 347 953 380 est
994 337 1129 394 igitur
1162 334 1311 393 aliqua
1344 333 1555 388 essentia,
1587 342 1631 379 et
1658 332 1879 392 aliquibus
1910 332 2044 377 rebus
2075 346 2136 378 na

192 403 364 448 turalis.

282 471 545 514 Praeterea:
589 480 830 527 utrumque
864 468 1197 512 contrariorum
1241 477 1309 512 est
1339 477 1500 511 natura
1532 467 1782 526 quaedam;
1814 466 1854 510 si
1886 464 2154 510 enim-nihil

192 547 384 596 poneret
416 537 608 580 alterum
637 536 985 587 contrariorum,
1019 544 1137 578 esset
1163 534 1354 592 privatio
1387 532 1461 578 vel
1487 534 1670 592 negatio
1698 547 1823 592 pura.
1852 532 1943 576 Sed
1978 532 2154 576 bonum

194 615 237 649 et
264 604 436 648 malum
471 604 679 646 dicuntur
711 616 808 645 esse
837 602 1076 645 contraria.
1102 601 1279 645 Malum
1312 602 1448 659 igitur
1480 609 1547 644 est
1573 610 1731 643 natura
1760 599 1922 658 aliqua.

283 672 418 715 Item:
447 672 619 713 bonurn
647 680 691 713 et
717 669 892 712 malum
919 669 1128 712 dicuntur
1155 682 1254 712 esse
1281 681 1448 726 genera
1471 667 1806 714 contrariorum
1828 666 1882 709 ab
1906 631 2154 721 Aristotele

195 739 241 782 in
273 737 580 794 Postpraedic.
628 737 687 793 (c.
722 749 756 778 1.
790 735 836 778 in
880 734 1042 792 calce).
1094 733 1350 792 Cujuslibet
1381 744 1535 778 autem
1569 734 1746 792 generis
1787 741 1856 776 est
1885 731 2099 776 essentia
2110 740 2157 776 et

194 815 354 848 natura
391 803 564 861 aliqua3
597 816 706 844 nam
746 802 988 845 non-entis
1028 815 1123 845 non
1155 810 1260 845 sunt
1289 801 1478 859 species,
1504 813 1652 858 neque
1685 798 1979 853 differentiae,
2019 797 2156 843 etita

196 870 318 930 quod
350 884 442 913 non
476 879 544 912 est
574 883 668 912 non
704 877 855 926 potest
886 880 984 912 esse
1028 881 1184 927 genus.
1218 866 1394 911 Malum
1429 876 1497 911 est
1528 866 1664 925 igitur
1697 865 1847 925 aliqua
1887 865 2082 941 essentia
2112 873 2158 908 et

196 948 368 981 natura.

284 1003 474 1047 Adhuc·
504 1016 643 1046 omne
670 1002 792 1079 quod
821 1002 913 1061 agit
945 1012 1012 1046 est
1035 1015 1108 1046 res
1135 1001 1300 1060 aliqua.
1333 1000 1509 1045 Malum
1537 1011 1691 1045 autem
1717 1001 1828 1059 agit‚
1850 1000 1899 1044 in
1930 1009 2152 1059 quantum

197 1069 396 1123 malum3
428 1078 651 1128 repugnat
682 1070 806 1112 enim
830 1069 970 1123 bono,
1004 1078 1050 1113 et
1075 1067 1326 1127 corrumpit
1352 1069 1514 1125 ipsum.
1558 1067 1734 1111 Malum
1773 1066 1927 1125 igitur,
1949 1067 1998 1110 in
2023 1076 2160 1125 quan-

196 1148 293 1181 tum
326 1136 514 1189 malum,
549 1146 616 1179 est
642 1150 712 1179 res
741 1134 903 1194 aliqua.
1934 1163 1935 1166 =

284 1202 519 1261 Amplius.
554 1202 600 1244 in
631 1202 994 1260 quibuscumque
1021 1201 1247 1245 invenitur
1278 1201 1425 1276 magis
1453 1211 1496 1244 et
1522 1202 1687 1254 minus,
1720 1209 1903 1259 oportet
1926 1198 2052 1257 quod
2071 1197 2162 1243 sint

203 1284 272 1314 res
301 1269 477 1327 aliquae
503 1269 721 1312 habentes
749 1268 980 1322 ordinem3
1006 1268 1274 1344 negationes
1302 1267 1426 1310 enim
1444 1277 1487 1311 et
1503 1267 1777 1325 privationes
1800 1279 1896 1310 non
1911 1265 2162 1323 suscipiunt

199 1337 346 1395 magis
373 1346 418 1380 et
443 1335 608 1378 minus.
641 1335 872 1379 Invenitur
904 1345 1058 1379 autem
1083 1334 1200 1379 inter
1240 1333 1365 1377 mala
1406 1347 1548 1377 unum
1590 1333 1732 1377 altero
1772 1334 1917 1392 pejus.
1963 1331 2161 1391 Oportet

199 1404 348 1462 igitur,
374 1412 422 1446 ut
447 1402 638 1455 videtur,
665 1402 787 1460 quod
814 1401 990 1445 malum
1017 1402 1073 1445 sit
1103 1415 1175 1445 res
1209 1400 1373 1459 aliqua.
1856 1435 1858 1439 ⁴
2091 1418 2129 1441 ῳ

288 1471 552 1514 Praeterea:
580 1483 651 1513 res
683 1479 726 1513 et
758 1483 838 1513 ens
872 1478 1209 1513 convertuntur.
1226 1467 1324 1512 Est
1364 1477 1517 1512 autem
1543 1467 1754 1512 malum
1743 1481 1791 1511 m
1820 1465 2013 1512 mundo.
2039 1464 2163 1554 Ergo

203 1548 270 1582 est
301 1552 371 1582 res
404 1535 554 1595 aliqua
588 1546 632 1581 et
665 1546 839 1580 natura.

983 1682 1238 1739 CAPUT
1281 1683 1379 1739 IX.

575 1819 874 1858 RESPONSIO
916 1819 990 1856 AD
1031 1819 1372 1858 PRAEDICTAS
1405 1806 1791 1873 OBJECTIONES.

294 1936 388 1979 Has
423 1945 575 1980 autem
602 1937 801 1980 rationes
833 1950 927 1980 non
954 1935 1135 1980 difficile
1169 1945 1237 1980 est
1267 1935 1459 1979 solvere.

294 2001 468 2045 Malum
501 2003 625 2046 enim
653 2013 696 2046 et
726 2002 937 2047 bonum
927 2017 973 2046 m
999 2002 1250 2046 moralibus
1283 2002 1523 2060 specificae
1547 2000 1829 2045 differentiae
1847 2007 2092 2058 ponuntur,
2116 2007 2166 2043 ut

204 2069 349 2128 prima
381 2070 496 2113 ratio
519 2070 817 2128 proponebat,
840 2069 946 2128 quia
970 2068 1163 2112 moralia
1186 2084 1210 2112 a
1232 2069 1466 2112 voluntate
1493 2068 1764 2126 dependent.
1788 2065 2053 2111 Secundum
2075 2064 2166 2109 hoc

166 2185 169 2189 ⁴
206 2136 328 2180 enim
361 2135 530 2195 aliquid
563 2136 617 2180 ad
652 2150 791 2195 genus
826 2137 968 2180 moris
999 2136 1193 2194 pertinet
1225 2136 1345 2194 quod
1374 2145 1441 2179 est
1461 2134 1784 2179 voluntarium.
1806 2131 2067 2177 Voluntatis
2094 2145 2167 2175 au·

204 2214 300 2247 tem
332 2203 564 2262 objectum
596 2213 663 2247 est
688 2202 789 2246 finis
817 2213 860 2247 et
891 2203 1088 2256 bonum;
1122 2202 1241 2246 unde
1274 2217 1299 2246 a
1332 2202 1421 2246 fine
1454 2202 1656 2259 speciem
1690 2199 2167 2252 moraliavsortiuntur,

205 2271 322 2314 sicut
349 2282 391 2313 et
416 2270 644 2314 naturales
678 2271 879 2314 actiones
914 2284 938 2313 a
963 2269 1113 2313 forma
1146 2269 1354 2328 principii
1385 2269 1534 2322 activi,
1572 2278 1619 2312 ut
1661 2266 1899 2311 calefactio
1942 2279 1969 2310 a
2001 2265 2169 2311 calore.

209 2336 331 2388 Quia
357 2337 491 2395 igitur
515 2338 687 2381 bonum
711 2346 755 2380 et
777 2335 951 2380 malum
978 2337 1188 2380 dicuntur
1214 2335 1467 2380 secundum
1491 2335 1699 2379 ordinem
1727 2334 1782 2377 ad
1807 2332 1964 2386 finem,
1988 2331 2069 2377 vel
2084 2333 2169 2392 pri-

204 2406 438 2447 vationem
472 2404 657 2458 ordinis,
684 2413 864 2462 oportet
889 2403 1011 2462 quod
1033 2403 1079 2445 in
1102 2402 1350 2446 moralibus
1373 2402 1548 2460 primae
1574 2401 1853 2446 differentiae
1878 2401 1969 2445 sint
1992 2399 2167 2444 bonum

207 2480 252 2514 et
284 2470 471 2514 malum.
505 2470 653 2514 Unius
687 2480 837 2514 autem
866 2470 1044 2528 generis
1068 2479 1249 2528 oportet
1272 2482 1369 2513 esse
1392 2482 1532 2511 unam
1559 2481 1821 2512 mensuram
1841 2465 2172 2526 primam.‚Mm

152 2551 155 2554 ’
206 2537 370 2580 ralium
398 2547 550 2581 autem
577 2550 790 2581 mensura
819 2547 886 2580 est
907 2537 1036 2580 ratio.
1063 2537 1262 2595 Oportet
1282 2537 1418 2594 igitur
1439 2535 1562 2594 quod
1590 2550 1615 2578 a
1637 2534 1724 2578 fine
1752 2534 1938 2579 rationis
1962 2533 2171 2578 dicantur

208 2604 357 2662 aliqua
389 2605 435 2647 in
467 2603 716 2647 moralibus
749 2605 871 2647 bona
901 2604 974 2647 vel
1002 2603 1135 2646 mala.
1172 2603 1312 2654 Quod
1346 2603 1481 2664 igitur
1512 2602 1559 2645 in
1592 2601 1840 2646 moralibus
1867 2600 2053 2645 sortitur
2073 2612 2173 2659 spe-

209 2671 326 2714 ciem
360 2685 385 2713 a
417 2670 520 2726 fine,
553 2671 629 2729 qui
662 2681 729 2714 est
764 2670 1015 2714 secundum
1049 2670 1289 2723 rationem,
1328 2669 1490 2714 dicitur
1522 2669 1772 2713 secundum
1805 2668 2006 2726 speciem
2037 2678 2171 2712 snam

207 2739 404 2793 bonum;
437 2739 559 2797 quod
591 2752 701 2782 vero
733 2739 916 2782 sortitur
948 2739 1144 2796 speciem
1173 2752 1198 2781 a
1230 2737 1320 2780 fine
1353 2736 1581 2780 contrario
1605 2735 1684 2779 fini
1704 2735 1894 2779 rationis
1920 2734 2083 2779 dicitur
2107 2746 2172 2778 se·

210 2805 410 2849 cundum
443 2806 645 2863 speciem
673 2819 805 2849 suam
831 2804 1019 2848 malum.
1054 2804 1175 2847 Finis
1209 2812 1361 2847 autem
1395 2803 1488 2857 ille,
1521 2803 1605 2846 etsi
1636 2802 1768 2846 tollat
1798 2801 1936 2846 finem
1968 2800 2172 2854 rationi&

210 2882 277 2916 est
301 2881 457 2916 tamen
485 2872 669 2931 aliquod
695 2873 883 2924 bonum,
918 2872 1034 2915 sicut
1076 2869 1342 2927 delectabile
1377 2869 1629 2914 secundum
1661 2883 1862 2923 sensum,
1897 2867 1972 2918 vel
2003 2865 2172 2926 aliquid

208 2940 497 2997 hujusmodi;
530 2940 648 2983 unde
676 2949 721 2983 et
746 2940 792 2982 in
830 2938 1052 2997 aliquibus
1091 2936 1361 2981 animalibus
1404 2946 1509 2980 sunt
1548 2937 1683 2990 bona,
1727 2946 1772 2980 et
1809 2934 1989 2979 homini
2019 2933 2173 2987 etiam,

210 3021 349 3065 quum
378 3017 482 3050 sunt
512 3006 762 3050 secundum
789 3006 1014 3049 rationem
1043 3004 1294 3058 moderata,
1324 3014 1368 3048 et
1395 3003 1618 3061 contingit
1644 3003 1765 3061 quod
1793 3012 1862 3046 est
1886 3000 2063 3046 malum
2094 3000 2173 3044 uni

212 3083 315 3117 esse
335 3073 508 3117 bonum
537 3073 676 3117 alteri.
711 3073 767 3116 Et
792 3073 895 3116 ideo
923 3086 1008 3115 nec
1036 3071 1226 3124 malum,
1259 3072 1512 3115 secundum
1546 3071 1667 3129 quod
1695 3080 1763 3114 est
1787 3068 2040 3113 differentia
2075 3081 2174 3126 spe-

213 3139 340 3184 cifica
373 3142 419 3183 in
453 3154 619 3197 genere
648 3139 908 3192 moralium,
937 3140 1154 3196 importat
1187 3138 1353 3196 aliquid
1388 3138 1509 3196 quod
1551 3137 1608 3181 sit
1649 3136 1898 3183 secundum
1930 3133 2173 3180 essentiam

211 3221 341 3250 suam
369 3206 556 3260 malum,
583 3206 662 3250 sed
689 3205 858 3264 aliquid
885 3207 1008 3263 quod
1034 3204 1286 3249 secundum
1319 3219 1366 3248 se
1400 3215 1467 3248 est
1491 3204 1679 3257 bonum,
1706 3202 1881 3247 malum
1908 3212 2062 3247 autem
2087 3201 2172 3246 ho-

211 3273 324 3317 mini
350 3275 393 3317 in
421 3284 641 3332 quantum
674 3274 818 3331 privat
844 3272 1053 3316 ordinem
1079 3272 1281 3324 rationis,
1316 3272 1436 3329 quod
1465 3281 1533 3315 est
1558 3270 1762 3315 hominis
1786 3270 1974 3314 bonum.

300 3340 365 3384 Ex
398 3355 488 3399 quo
516 3340 653 3384 etiam
681 3348 804 3397 patet
830 3339 952 3397 quod
986 3338 1160 3382 malum
1197 3347 1241 3382 et
1277 3338 1450 3381 bonum
1492 3348 1597 3382 sunt
1638 3337 1880 3391 contraria,
1919 3333 2173 3384 secundum

212 3408 333 3464 quod
359 3407 405 3450 in
440 3421 606 3465 genere
641 3406 887 3450 moralium
915 3405 1210 3463 accipiuntur,
1243 3419 1337 3448 non
1365 3414 1518 3448 autem
1545 3403 1811 3463 simpliciter
1833 3411 2036 3463 accepta,
2058 3402 2175 3447 sieut

212 3474 410 3517 secunda
444 3474 558 3517 ratio
591 3473 899 3532 proponebat;
942 3473 1021 3517 sed
1054 3471 1229 3516 malum
1261 3471 1456 3530 privatio
1498 3481 1566 3516 est
1605 3470 1730 3525 boni,
1761 3470 1808 3515 in
1840 3477 2062 3530 quantum
2101 3475 2173 3513 est

215 3540 403 3584 malum.

303 3607 478 3652 Eodem
511 3608 649 3652 etiam
675 3607 817 3652 modo
844 3617 994 3666 potest
1019 3605 1166 3665 accipi
1197 3605 1371 3650 dictum
1396 3604 1519 3664 quod
1546 3604 1718 3649 malum
1753 3613 1800 3649 et
1820 3603 2011 3658 bonum,
2041 3611 2175 3663 prout
