2332 3854
866 257 1018 298 mni-:R
1059 258 1135 298 111.
1178 257 1297 297 cap,
1341 256 1466 296 xtv.
2037 255 2140 312 347

191 375 312 407 vam.
339 359 473 406 Unde
497 359 703 405 videmus
730 360 853 419 quod
879 361 1002 405 visus
1027 374 1120 405 non
1149 369 1215 405 est
1241 358 1523 419 susceptivus
1544 357 1631 402 nisi
1654 356 1864 402 colorum
1889 357 1964 416 qui
1987 357 2149 414 illumi-

190 438 356 472 nantur
380 441 459 487 per
483 427 648 472 lucem.
673 425 936 471 Intellectus
964 437 1116 471 autern
1142 425 1368 485 possibilis
1402 439 1508 469 cum
1541 425 1597 469 sit
1628 425 1768 468 virtus
1801 423 2148 483 quodammodo

192 495 383 555 passiva,
408 494 546 538 habet
570 493 803 553 proprium
831 507 968 551 agens
996 493 1078 537 sibi
1105 493 1399 551 respondens,
1425 491 1598 536 scilicet
1619 489 1900 535 intellectum
1921 499 2149 548 agentem,

163 575 167 578 ·
193 560 271 620 qui
295 560 356 605 ita
381 574 430 606 se
455 559 593 605 habet
619 560 674 604 ad
699 558 981 604 intellectum
1009 559 1288 618 possibilem,
1316 559 1430 603 sicut
1454 572 1501 602 se
1527 558 1666 602 habet
1690 556 1766 601 lux
1789 557 1842 600 ad
1860 556 2024 600 visum.
2042 556 2149 599 Non

191 636 260 671 est
282 626 420 686 igitur
444 625 699 671 intellectus
726 625 950 685 possibilis
978 626 1022 668 in
1050 625 1253 683 potentia
1279 625 1365 669 nisi
1392 625 1447 668 ad
1473 623 1550 668 illa
1575 622 1875 682 intelligibilia
1901 636 2016 681 quae
2049 630 2152 666 sunt

189 692 309 737 facta
319 706 398 752 per
413 692 694 737 intellectum
712 701 940 751 agentem.
960 692 1094 735 Unde
1114 701 1158 735 et
1170 690 1441 735 Aristoteles
1458 691 1504 734 in
1517 690 1651 735 tertio
1669 690 1739 734 De
1757 689 1909 734 anima
1925 690 1975 746 (t.
1991 702 2027 733 c.
2047 688 2150 741 18.),

191 758 449 804 describens
475 768 716 818 utrumque
742 756 1040 811 intellectum,
1067 757 1176 801 dicit
1202 758 1321 816 quod
1350 757 1607 802 intellectus
1629 755 1856 815 possibilis
1878 763 1958 808 est,
1976 768 2068 813 quo
2085 763 2153 798 est

190 825 348 869 omnia
374 823 495 869 fieri:
525 838 664 884 agens
689 838 799 869 vero
825 838 916 884 quo
944 834 1010 868 est
1044 824 1200 867 omnia
1235 822 1401 878 facere,
1438 833 1487 867 ut
1521 824 1575 867 ad
1613 823 1774 867 eadem
1808 822 2039 879 utriusque
2075 834 2152 879 po-

189 891 330 936 tentia
355 890 510 935 referri
535 891 826 949 intelligatur,
852 890 988 948 huJus
1016 889 1175 947 activa,
1202 889 1321 933 illius
1349 889 1541 948 passiva.
1577 889 1698 933 Cum
1732 903 1844 947 ergo
1876 887 2150 932 substantiae

191 966 423 1016 separatae
448 971 542 1002 non
570 958 656 1002 sint
687 956 833 1001 factae
869 955 1127 1001 intellectae
1163 956 1209 999 in
1247 966 1349 999 actu
1385 970 1463 1015 per
1494 955 1775 1000 intellectum
1813 964 2039 1014 agentem,
2071 953 2150 998 sed

191 1023 343 1070 solum
371 1023 638 1079 materialia,
665 1023 720 1067 ad
746 1023 861 1067 haec
890 1022 988 1067 sola
1015 1037 1062 1067 se
1089 1022 1288 1066 extendit
1313 1022 1538 1081 possibilis
1571 1021 1839 1067 intellectus.
1871 1021 1979 1066 Non
2015 1020 2152 1079 igitur

190 1105 271 1152 per
294 1090 445 1149 ipsum
472 1104 714 1150 possumus
741 1089 993 1148 intelligere
1019 1089 1292 1134 substantias
1319 1098 1561 1147 separatas.

278 1157 471 1216 Propter
502 1157 624 1216 quod
651 1166 696 1201 et
720 1155 991 1201 Aristoteles
1019 1170 1225 1215 congruo
1252 1155 1464 1214 exemplo
1488 1169 1595 1200 usus
1618 1165 1686 1200 est
1707 1156 1930 1214 (secundo
1948 1152 2149 1212 Metaph.

190 1234 222 1268 t.
236 1238 274 1268 c.
297 1223 370 1280 1.).
386 1223 508 1267 Nam
529 1223 688 1267 oculus
702 1223 1035 1282 vespertilionis
1051 1237 1285 1281 nunquam
1303 1231 1451 1282 potest
1467 1222 1619 1266 videre
1636 1222 1787 1266 lucem
1805 1221 1929 1276 solis,
1942 1221 2150 1281 quamvis

191 1289 420 1334 Averroes
444 1290 534 1334 hoc
562 1289 822 1349 exemplum
839 1289 1083 1348 depravare
1099 1290 1268 1333 nitatur
1286 1290 1455 1343 dicens,
1481 1289 1604 1348 quod
1631 1288 1778 1333 simile
1803 1303 1897 1334 non
1919 1299 1987 1333 est
2008 1289 2063 1333 de
2084 1288 2151 1331 in-

191 1355 376 1404 tellectu
403 1366 560 1401 nostro
589 1356 644 1400 ad
670 1356 941 1400 substantias
963 1366 1190 1415 separatas
1210 1366 1254 1400 et
1270 1355 1408 1400 oculo
1426 1355 1757 1414 vespertilionis
1775 1356 1831 1400 ad
1852 1355 2005 1400 lucem
2027 1355 2163 1408 solis,-

192 1433 412 1482 quantum
441 1423 496 1467 ad
519 1422 946 1482 impossibilitatem,
973 1423 1051 1467 sed
1078 1421 1230 1467 solum
1248 1432 1467 1482 quantum
1486 1422 1542 1467 ad
1565 1421 1891 1467 difficultatem.
1916 1421 2057 1475 Quod
2073 1420 2154 1465 tali

194 1489 370 1534 ratione
396 1490 558 1548 probat
587 1489 782 1543 ibidem3
809 1490 928 1548 quia,
955 1489 994 1533 si
1019 1489 1096 1533 illa
1124 1503 1240 1548 quae
1266 1498 1369 1533 sunt
1385 1489 1615 1534 intellecta
1633 1490 1883 1534 secundum
1900 1503 1962 1543 se,
1980 1487 2155 1533 scilicet

193 1555 468 1602 substantiae
495 1565 743 1615 separatae,
767 1566 917 1600 essent
941 1556 1072 1599 nobis
1098 1556 1405 1615 impossibiles
1432 1556 1487 1599 ad
1513 1555 1876 1615 intelligendum,
1902 1555 2065 1600 frustra
2091 1569 2155 1600 es-

193 1632 307 1677 sent,
334 1623 451 1667 sicut
476 1622 514 1667 si
539 1632 657 1667 esset
683 1622 866 1681 aliquod
899 1622 1072 1666 visibile
1100 1622 1222 1681 quod
1249 1636 1274 1665 a
1299 1621 1427 1666 nullo
1445 1622 1544 1666 visu
1570 1622 1714 1666 videri
1735 1622 1891 1682 possit.
1910 1623 2044 1675 Quae
2062 1624 2158 1681 qui-

193 1688 299 1734 dem
325 1689 441 1733 ratio
468 1703 606 1748 quam
638 1688 800 1733 frivola
832 1689 889 1733 sit
921 1699 1118 1748 apparet.
1144 1688 1240 1732 Etsi
1273 1689 1395 1733 enirn
1428 1703 1452 1732 a
1484 1689 1617 1733 nobis
1649 1704 1883 1748 nunquam
1914 1689 2021 1734 illae
2055 1690 2155 1734 sub-

194 1755 385 1799 stantiae
409 1755 784 1814 intelligerentur,
809 1765 964 1799 tamen
991 1755 1350 1814 intelligerentur
1376 1769 1401 1799 a
1427 1756 1697 1815 semetipsis.
1724 1756 1859 1800 Unde
1884 1770 1969 1800 nec
1992 1755 2155 1800 frustra

194 1821 513 1881 intelligibiles
526 1832 691 1876 essent,
718 1823 832 1867 sicut
851 1836 935 1866 nec
963 1821 1034 1866 sol
1058 1821 1221 1867 frustra
1241 1821 1429 1880 visibilis
1447 1832 1528 1877 est,
1541 1816 1599 1867 ‘ut
1616 1822 1875 1867 Aristotelis
1892 1823 2153 1881 exemplum

192 1901 537 1948 prosequamur,
564 1891 668 1947 quia
693 1902 788 1933 non
812 1898 962 1948 potest
985 1889 1136 1948 ipsum
1161 1888 1314 1933 videre
1338 1888 1615 1948 vespertilio,
1639 1904 1743 1934 cum
1761 1889 1904 1948 possit
1917 1889 2067 1949 ipsum
2089 1890 2154 1933 vi-

196 1954 302 1999 dere
327 1953 472 1999 homo
500 1965 544 2000 et
569 1955 657 1999 alia
684 1955 911 1999 animalia.

284 2020 363 2066 Sic
388 2035 499 2080 ergo
526 2021 782 2066 intellectus
813 2022 1053 2081 possibilis,
1081 2022 1118 2067 si
1142 2023 1325 2082 ponitur
1358 2023 1540 2083 corpori
1571 2024 1721 2068 unitus
1755 2023 2007 2069 secundum
2040 2037 2153 2078 esse,

193 2101 288 2132 non
313 2097 464 2147 potest
489 2087 740 2147 intelligere
767 2089 1036 2134 substantias
1063 2100 1305 2149 separatas.
1334 2091 1526 2134 Interest
1550 2100 1704 2134 tamen
1737 2091 1930 2150 qualiter
1964 2091 2020 2135 de
2056 2091 2154 2135 sub-

194 2154 358 2198 stantia
383 2154 522 2213 ipsius
548 2156 777 2200 sentiatur.
806 2155 854 2199 Si
881 2156 1003 2200 enim
1030 2167 1226 2214 ponatur
1251 2171 1350 2201 esse
1377 2157 1601 2215 quaedam
1633 2159 1772 2202 virtus
1804 2157 2048 2202 materialis
2081 2172 2155 2216 ge-

193 2219 405 2265 nerabilis
428 2229 471 2265 et
489 2220 805 2280 corruptibilis,
833 2232 881 2266 ut
903 2223 1086 2281 quidam
1103 2234 1365 2282 posuerunt,
1382 2224 1581 2282 sequitur
1598 2224 1719 2283 quod
1738 2239 1792 2268 ex
1808 2238 1888 2268 sua
1906 2225 2153 2268 substantia

193 2287 519 2332 determinatur
536 2288 591 2332 ad
608 2288 954 2347 intelligendum
978 2289 1243 2335 materialia.
1263 2290 1397 2334 Unde
1416 2304 1604 2334 necesse
1623 2300 1703 2344 est,
1722 2292 1842 2350 quod
1865 2291 1992 2335 nullo
2010 2291 2152 2335 modo

194 2353 444 2413 intelligere
470 2357 614 2414 possit
638 2355 908 2399 substantias
934 2366 1180 2415 separatas,
1203 2357 1306 2415 quia
1330 2356 1611 2416 impossibile
1635 2360 1717 2401 erit
1739 2360 1887 2416 ipsum
1911 2372 2007 2402 esse
2030 2372 2154 2417 sepa-

191 2429 355 2464 ratum.
384 2420 433 2465 Si
459 2431 612 2466 autem
638 2420 891 2466 intellectus
919 2422 1159 2481 possibilis,
1186 2424 1394 2482 quamvis
1421 2423 1476 2467 sit
1508 2424 1689 2481 corpori
1714 2424 1879 2479 unitus,
1907 2435 1974 2469 est
1998 2434 2152 2469 tamen

193 2486 559 2546 incorruptibilis,
601 2498 645 2532 et
686 2502 711 2531 a
748 2488 938 2532 materia
977 2503 1071 2533 non
1113 2488 1373 2548 dependens
1415 2491 1665 2534 secundum
1708 2505 1838 2534 suum
1881 2506 1996 2545 esse,
2037 2491 2154 2535 sicut

194 2567 329 2612 supra
354 2553 473 2611 (Lib.
496 2554 552 2597 II.
581 2568 619 2597 c.
651 2567 716 2614 59.
741 2564 783 2598 et
809 2553 903 2611 60.)
931 2556 1227 2611 ostendimus,
1254 2557 1456 2615 sequitur
1491 2557 1614 2616 quod
1650 2557 1868 2616 obligatio
1903 2559 1958 2602 ad
1993 2558 2152 2602 intelli-

195 2619 365 2678 gendas
391 2634 462 2664 res
488 2620 744 2665 materiales
773 2621 949 2665 accidat
981 2622 1023 2666 ei
1056 2637 1109 2667 ex
1140 2623 1309 2667 unione
1342 2623 1398 2667 ad
1431 2637 1608 2682 corpus.
1642 2624 1776 2668 Unde
1810 2639 1914 2669 cum
1943 2627 2093 2669 anima
2127 2639 2152 2668 a

148 2707 150 2710 ·
197 2697 388 2744 corpore
412 2685 492 2731 tali
526 2685 660 2731 fuerit
685 2698 904 2746 separata,
931 2687 1187 2732 intellectus
1212 2689 1438 2748 possibilis
1470 2689 1723 2747 intelligere
1750 2693 1912 2748 poterit
1946 2705 2000 2735 ea
2034 2705 2150 2750 quae

195 2763 299 2798 sunt
324 2754 575 2798 secundum
603 2768 650 2798 se
676 2754 991 2813 intelligibilia,
1014 2755 1187 2800 scilicet
1212 2756 1483 2800 substantias
1517 2766 1759 2814 separatas,
1793 2771 1871 2816 per
1901 2757 2058 2802 lumen
2089 2758 2153 2801 in·

194 2818 402 2864 tellectus
430 2820 618 2879 agentis,
645 2820 765 2879 quod
793 2830 861 2865 est
887 2821 1134 2866 similitudo
1161 2822 1207 2865 in
1235 2823 1387 2866 anima
1409 2822 1727 2867 intellectualis
1744 2822 1928 2867 luminis
1945 2825 2067 2883 quod
2085 2834 2152 2868 est

195 2887 241 2929 in
267 2885 525 2930 substantiis
562 2887 791 2944 separatis.
819 2886 874 2931 Et
900 2887 1012 2931 haec
1048 2898 1114 2932 est
1146 2889 1368 2933 sententia
1400 2899 1582 2933 nostrae
1618 2889 1723 2933 fidei
1764 2890 1819 2934 de
1855 2889 2150 2949 intelligendo

197 2951 466 2996 substantias
491 2963 719 3011 separatas
747 2966 773 2996 a
797 2953 929 2998 nobis
955 2965 1059 3012 post
1084 2964 1298 3010 mortem,
1327 2965 1370 3000 et
1394 2969 1489 3000 non
1515 2956 1560 2999 in
1587 2954 1673 3000 hac
1700 2956 1805 3001 vita.

928 3155 1182 3212 CAPUT
1223 3155 1422 3211 XLVI.

197 3285 355 3334 QUOD
399 3286 572 3326 ANIMA
610 3287 667 3327 IN
700 3287 812 3327 HAG
843 3288 974 3327 VITA
1000 3290 1118 3330 NON
1150 3290 1487 3330 INTELLIGAT
1519 3290 1742 3329 SEIPSAM
1771 3292 1869 3330 PER
1903 3291 2144 3332 SEIPSAM.

284 3408 476 3454 Videtur
501 3420 652 3456 autem
680 3408 917 3458 difficultas
944 3415 1166 3474 quaedam
1196 3425 1353 3460 contra
1379 3417 1609 3475 praedicta
1637 3416 1784 3460 afferri
1806 3430 1858 3461 ex
1881 3417 2148 3476 quibusdam

197 3475 438 3534 Augustini
465 3477 612 3521 verbis
638 3491 754 3536 quae
781 3479 1020 3538 diligenter
1045 3483 1358 3539 pertractanda
1384 3492 1499 3527 sunt.
1532 3482 1656 3528 Dicit
1688 3483 1809 3527 enim
1842 3483 1888 3527 in
1918 3497 2044 3529 nono
2075 3484 2148 3529 De

198 3538 360 3586 Trinit.
377 3543 439 3602 (c.
456 3541 541 3600 3.):
572 3542 757 3599 «Mens,
783 3546 899 3590 sicut
924 3561 1246 3607 corporearum
1270 3562 1420 3593 rerum
1446 3549 1629 3594 notitias
1656 3564 1736 3609 per
1760 3562 1918 3596 sensus
1944 3551 2148 3611 corporis

196 3606 383 3667 colligit,
409 3608 474 3654 sic
491 3609 868 3669 incorporearum
885 3624 1036 3658 rerum
1053 3628 1132 3674 per
1148 3615 1464 3674 semetipsam3
1484 3628 1594 3675 ergo
1617 3625 1662 3662 et
1679 3616 1971 3676 semetipsam
1988 3630 2067 3676 per
2084 3631 2150 3663 se·
