2332 3854
245 181 353 239 282
903 197 1059 237 LIBER
1099 198 1154 236 11.
1196 196 1316 235 cAP.
1357 195 1546 235 xcvm.

243 301 437 347 stantiae
463 310 696 360 separatae
722 299 923 345 totaliter
947 299 1175 359 perficitur
1192 312 1272 357 per
1287 297 1459 343 formas
1475 296 1798 357 intelligibiles,
1816 306 2036 357 quantum
2059 297 2116 342 ad
2132 311 2205 343 co-

244 368 502 426 gnitionem
527 366 783 411 naturalem
798 383 809 421 ;
835 366 1093 411 intellectus
1121 375 1274 410 autern
1295 364 1519 424 possibilis
1545 375 1701 410 noster
1726 363 2125 424 proportionaliter
2154 378 2204 410 se

242 434 382 479 habet
408 434 674 494 corporibus
702 432 1066 491 corruptibilibus
1103 432 1264 492 quibus
1297 433 1449 476 unitur
1485 441 1535 476 ut
1557 431 1731 486 forma3
1768 432 1832 476 sic
1866 432 1989 476 enim
2020 430 2072 476 fit
2101 441 2205 479 actu

243 501 417 546 habens
441 501 659 560 quasdam
687 499 858 544 formas
890 499 1199 558 intelligibiles
1227 499 1349 558 quod
1375 509 1580 543 remanet
1610 501 1656 543 in
1681 499 1884 558 potentia
1910 499 1966 542 ad
1993 498 2117 543 alias.
2149 497 2206 543 Et

244 578 427 628 propter
453 569 542 611 hoc
571 567 745 620 dicitur,
772 567 818 609 in
845 565 960 610 libro
986 567 1058 610 De
1085 567 1247 620 causis,
1282 566 1403 625 quod
1435 566 1736 624 intelligentia
1769 575 1838 610 est
1869 564 2005 625 plena
2029 564 2206 620 formis,

245 635 352 695 quia
378 635 552 679 scilicet
576 644 672 678 tota
698 633 1006 692 potentialitas
1028 632 1285 677 intellectus
1312 634 1407 692 ejus
1436 633 1665 692 completa
1692 642 1759 677 est
1779 647 1858 692 per
1882 631 2055 677 formas
2079 630 2208 677 intel·

243 703 461 761 ligibiles;
489 711 533 745 et
557 701 635 755 sic,
662 714 741 758 per
761 700 1026 759 hujusmodi
1057 699 1364 761 intelligibiles
1390 701 1578 761 species,
1604 715 1695 744 una
1720 699 1968 745 substantia
2000 709 2206 759 separata

245 769 382 813 aliam
414 767 667 826 intelligere
694 777 857 825 potest.

335 836 467 879 Forte
496 845 648 878 autem
682 833 816 878 alicui
841 834 985 878 videri
1010 844 1160 892 potest
1184 835 1321 894 quod,
1348 845 1490 894 quum
1523 835 1772 880 substantia
1803 843 2010 895 separata
2034 847 2118 894 per
2142 848 2208 879 es-

245 903 438 947 sentiam
462 902 519 945 sit
543 901 852 960 intelligibilis,
879 915 972 945 non
1005 911 1187 961 oportet
1216 916 1386 962 ponere
1414 903 1537 962 quod
1562 917 1641 962 per
1674 902 1846 962 aliquas
1873 901 2048 962 species
2079 900 2207 946 intel-

245 970 440 1029 ligibiles
467 984 556 1013 una
584 970 636 1013 ab
666 969 753 1012 alia
785 969 1076 1028 intelligatur,
1110 969 1187 1014 sed
1220 984 1299 1029 per
1331 970 1574 1014 essentiam
1606 970 1747 1029 ipsius
1779 969 2055 1014 substantiae
2079 967 2208 1013 intel-

245 1038 405 1081 lectae.
419 1037 521 1080 Hoc
536 1038 659 1080 enim
669 1036 791 1095 quod
805 1036 1054 1080 substantia
1067 1036 1217 1095 aliqua
1230 1051 1310 1096 per
1322 1037 1523 1095 speciem
1540 1036 1873 1095 intelligibilem
1887 1045 2207 1096 cognoscatur,

243 1104 419 1148 videtur
446 1104 649 1149 accidere
676 1103 934 1148 substantiis
960 1103 1268 1149 materialibus
1296 1117 1350 1148 ex
1375 1104 1465 1148 hoc
1493 1103 1617 1163 quod
1643 1118 1737 1147 non
1763 1114 1868 1148 sunt
1891 1117 1971 1163 per
1993 1117 2123 1147 suam
2145 1116 2210 1147 es-

244 1172 438 1216 sentiam
459 1170 766 1229 intelligibiles
793 1181 919 1225 actu;
938 1171 1057 1214 unde
1079 1179 1260 1229 oportet
1282 1170 1403 1229 quod
1426 1185 1505 1230 per
1521 1170 1795 1214 intentiones
1814 1170 2062 1214 abstractas
2082 1168 2209 1213 intel-

243 1237 453 1297 ligantur.
482 1238 599 1281 Huic
618 1237 946 1290 etiarrwidetur
969 1251 1222 1290 consonare
1241 1237 1413 1281 dictum
1431 1236 1717 1295 Philosophi,
1746 1235 1936 1281 dicentis
1953 1236 2000 1280 in
2022 1235 2205 1280 decimo

244 1305 446 1350 secundo
473 1305 673 1364 Metaph.
701 1306 751 1364 (t.
781 1320 818 1350 c.
851 1306 939 1363 51.)
967 1305 1090 1364 quod
1115 1305 1162 1348 in
1189 1305 1447 1349 substantiis
1481 1305 1699 1364 separatis
1726 1318 1750 1348 a
1778 1303 1970 1348 materia
1998 1317 2095 1348 non
2125 1301 2208 1348 dif-

245 1371 330 1416 fert
357 1371 627 1426 intellectus,
653 1371 921 1430 intelligere,
949 1382 994 1416 et
1020 1373 1141 1431 quod
1168 1371 1449 1430 intelligitur.

334 1439 436 1483 Hoc
464 1450 632 1494 autem,
659 1440 696 1483 si
723 1439 1016 1494 concedatur,
1042 1439 1179 1492 habet
1206 1439 1509 1483 dubitationes
1536 1453 1629 1483 non
1656 1452 1838 1498 paucas.

333 1506 490 1550 Primo
509 1506 706 1565 quidem,
730 1507 834 1565 quia
859 1506 1116 1551 intellectus
1143 1508 1187 1551 in
1215 1515 1319 1550 actu
1342 1515 1409 1550 est
1429 1505 1713 1550 intellectum
1738 1506 1785 1549 in
1812 1515 1930 1559 actu,
1956 1503 2208 1550 secundum

247 1573 503 1617 doctrinam
529 1573 786 1617 Aristotelis
816 1574 970 1631 (tertio
997 1574 1068 1617 De
1096 1575 1262 1627 anima,
1289 1583 1319 1617 t.
1349 1588 1387 1617 c.
1419 1587 1484 1633 19.
1513 1583 1557 1617 et
1587 1572 1695 1630 27.).
1721 1570 1920 1616 Difficile
1953 1581 2020 1617 est
2053 1566 2208 1616 autem

245 1640 397 1685 videre
421 1641 656 1699 quomodo
675 1655 765 1683 una
788 1641 1037 1685 substantia
1055 1651 1261 1700 separata
1286 1641 1343 1684 sit
1364 1654 1506 1684 unum
1525 1639 1666 1694 alter'i,
1690 1639 1800 1683 dum
1817 1638 2031 1698 intelligit
2045 1638 2208 1698 ipsam.

335 1707 525 1753 Adhuc:
553 1722 691 1751 omne
709 1721 848 1765 agens
869 1707 944 1752 vel
971 1721 1165 1766 operans
1192 1717 1405 1766 operatur
1426 1721 1507 1766 per
1524 1721 1653 1751 suam
1675 1705 1889 1760 formam,
1912 1706 1987 1749 cui
2002 1705 2207 1765 operatio

248 1774 493 1833 respondet
525 1775 641 1819 sicut
674 1773 910 1819 calefactio
945 1774 1110 1829 calori3
1137 1775 1257 1818 unde
1286 1784 1329 1818 et
1359 1773 1471 1818 illud
1502 1773 1710 1818 videmus
1743 1775 1870 1832 cujus
1902 1773 2054 1832 specie
2084 1771 2229 1816 visus*

245 1841 529 1885 informatur.
556 1841 663 1886 Non
689 1841 866 1885 videtur
892 1851 1044 1885 autem
1077 1856 1175 1886 esse
1206 1840 1421 1900 possibile
1441 1840 1576 1899 *quod
1609 1854 1699 1884 una
1726 1839 1975 1884 substantia
2000 1848 2208 1898 separata

246 1908 304 1951 sit
328 1907 477 1952 forma
506 1908 701 1969 alterius,
725 1923 866 1967 quum
897 1908 1064 1952 habeat
1089 1922 1388 1967 unaquaeque
1416 1922 1515 1952 esse
1542 1917 1800 1966 separatum
1825 1907 1878 1950 ab
1906 1905 2008 1950 alia.
2034 1906 2208 1966 Impos-

245 1974 372 2019 sibile
398 1976 534 2034 igitur
554 1975 730 2019 videtur
757 1975 880 2034 quod
906 1989 995 2019 una
1020 1975 1226 2019 videatur
1258 1975 1312 2018 ab
1342 1974 1482 2018 altera
1508 1988 1587 2033 per
1614 1974 1859 2018 essentiam
1885 1987 2030 2018 suam.

334 2042 570 2100 Amplius:
598 2041 882 2086 intellectum
905 2052 971 2086 est
988 2042 1206 2101 perfectio
1229 2041 1523 2100 intelligentis
1536 2057 1547 2096 ;
1565 2056 1659 2085 non
1681 2051 1831 2100 potest
1848 2051 2001 2085 autem
2021 2039 2208 2085 inferior

246 2109 495 2153 substantia
521 2119 729 2169 separata
755 2123 853 2153 esse
879 2109 1096 2167 perfectio
1120 2109 1378 2168 superioris,
1402 2109 1677 2168 Sequeretur
1699 2108 1838 2152 etiam
1861 2107 1983 2167 quod
2005 2107 2211 2167 superior

244 2175 507 2220 inferiorem
533 2191 627 2221 non
653 2175 941 2235 intelligeret,
964 2177 1001 2220 si
1025 2191 1105 2235 per
1132 2178 1375 2221 essentiam
1402 2190 1532 2220 suam
1559 2189 1859 2235 unaquaeque
1884 2173 2211 2234 intelligeretur

246 2253 290 2288 et
315 2257 408 2287 non
435 2258 515 2302 per
541 2243 741 2302 speciem
768 2243 919 2287 aliam.

338 2312 477 2355 Item:
505 2310 789 2370 intelligibile
817 2321 885 2355 est
911 2311 1027 2355 intra
1059 2310 1357 2365 intellectum,
1384 2319 1604 2369 quantum
1637 2309 1693 2354 ad
1723 2309 1770 2353 id
1802 2323 1894 2368 quo
1924 2307 2206 2368 intelligitur.

248 2377 386 2422 Nulla
405 2388 558 2422 autem
585 2378 833 2422 substantia
849 2377 1047 2422 illabitur
1065 2378 1206 2422 menti
1223 2378 1309 2421 nisi
1332 2377 1455 2422 solus
1476 2377 1618 2430 Deus,
1641 2376 1718 2435 qui
1743 2386 1811 2420 est
1831 2376 1878 2419 in
1899 2375 2112 2420 omnibus
2129 2389 2208 2435 per

247 2445 506 2500 essentiam,
539 2445 841 2503 praesentiam
879 2454 924 2488 et
960 2445 1226 2502 potentiam.
1263 2442 1550 2503 Impossibile
1583 2443 1720 2502 igitur
1751 2442 1928 2487 videtur
1953 2441 2076 2502 quod
2105 2442 2208 2486 sub-

248 2512 414 2556 stantia
436 2523 643 2571 separata
668 2526 747 2570 per
774 2512 1019 2556 essentiam
1046 2526 1177 2556 suam
1203 2511 1480 2570 intelligatur
1503 2510 1556 2554 ab
1586 2510 1689 2566 alia,
1715 2519 1760 2554 et
1783 2523 1878 2554 non
1903 2523 1983 2570 per
2003 2508 2208 2555 similitu-

249 2580 403 2624 dinem
427 2582 522 2639 ejus
543 2581 589 2624 in
612 2581 722 2638 ipsa.

338 2649 394 2692 Et
410 2648 500 2692 hoc
529 2647 714 2707 quidem
736 2657 914 2707 oportet
939 2661 1100 2691 verum
1126 2660 1240 2701 esse,
1267 2646 1519 2691 secundum
1545 2645 1821 2690 sententiam
1839 2643 2113 2698 Aristotelis,
2132 2643 2211 2703 qui

247 2715 378 2774 ponit
408 2716 563 2773 (tertio
597 2716 668 2759 De
701 2715 868 2769 anima,
893 2725 923 2757 t.
954 2729 991 2758 c.
1029 2728 1094 2773 19.
1124 2723 1166 2758 et
1199 2714 1290 2771 27.)
1319 2713 1441 2772 quod
1473 2712 1726 2771 intelligere
1759 2711 1983 2771 contingit
2007 2725 2088 2771 per
2117 2710 2208 2756 hoc

248 2783 371 2842 quod
398 2781 680 2827 intellectum
711 2782 756 2826 in
785 2792 889 2826 actu
920 2781 969 2825 fit
1001 2795 1144 2824 unum
1179 2795 1283 2826 cum
1316 2779 1548 2824 intellectu
1580 2779 1627 2822 in
1661 2789 1788 2834 actu;
1814 2778 1935 2823 unde
1961 2777 2211 2822 substantIa

248 2860 469 2909 separata,
497 2849 703 2908 quamvis
726 2849 782 2893 sit
798 2863 878 2908 per
899 2863 947 2893 se
974 2847 1269 2906 intelligibilis
1297 2856 1414 2901 actu,
1440 2861 1534 2890 non
1560 2856 1714 2890 tamen
1732 2845 1984 2890 secundum
2009 2858 2059 2889 se
2082 2843 2210 2889 intel-

247 2917 403 2976 ligitur
427 2917 514 2961 nisi
541 2917 594 2960 ab
613 2916 847 2961 intellectu
872 2909 944 2960 cui
971 2925 1039 2960 est
1064 2930 1219 2959 unum.
1241 2914 1316 2959 Sic
1335 2924 1487 2958 autem
1505 2913 1753 2958 substantia
1779 2913 1985 2972 separata
2011 2911 2206 2972 seipsam

246 2983 459 3043 intelligit
485 2998 563 3042 per
589 2983 834 3027 essentiam
860 2997 1014 3037 suam3
1042 2992 1086 3026 et
1112 2981 1365 3026 secundum
1391 2981 1481 3025 hoc
1505 2990 1573 3025 est
1589 2981 1709 3024 idem
1730 2979 1986 3024 intellectus
2012 2989 2058 3024 et
2078 2977 2205 3024 intel·

247 3051 418 3095 lec-tum
437 3060 481 3094 et
493 3049 759 3109 intelligere.
777 3049 1039 3093 Secundum
1058 3058 1210 3092 autem
1227 3048 1504 3107 positionem
1516 3046 1719 3091 Platonis
1737 3045 1941 3104 (decimo
1964 3046 2036 3090 De
2052 3044 2206 3105 repub.

249 3132 287 3161 c.
305 3116 383 3174 6.),
400 3117 654 3176 intelligere
681 3116 730 3160 fit
751 3131 829 3176 per
847 3125 1110 3160 contactum
1132 3114 1387 3159 intellectus
1415 3114 1469 3158 ad
1496 3129 1594 3158 rem
1616 3112 1962 3172 intelligibilem.
1981 3112 2057 3157 Sic
2074 3111 2209 3172 igitur

247 3199 336 3228 una
354 3185 602 3228 substantia
628 3194 833 3242 separata
861 3193 1011 3243 potest
1036 3182 1174 3227 aliam
1196 3196 1275 3240 per
1302 3183 1397 3240 eius
1425 3181 1666 3226 essentiam
1691 3179 1957 3239 intelligere,
1979 3179 2087 3224 dum
2105 3192 2209 3224 eam

246 3251 535 3310 spiritualiter
552 3251 794 3310 contingit:
823 3250 1027 3309 superior
1049 3249 1233 3309 quidem
1251 3248 1528 3302 inferiorem,
1547 3247 1675 3307 quasi
1697 3261 1800 3292 eam
1818 3261 1900 3292 sua
1915 3247 2079 3292 virtute
2105 3257 2210 3292 con-

248 3318 433 3363 cludens
457 3328 502 3362 et
529 3319 794 3373 continens;
820 3316 1006 3361 inferior
1026 3330 1135 3360 vero
1153 3316 1451 3374 superiorem,
1476 3315 1604 3374 quasi
1630 3329 1734 3359 earn
1761 3313 1943 3374 capiens
1961 3323 2010 3358 ut
2025 3312 2096 3358 sui
2112 3325 2210 3373 per·

248 3384 509 3430 sectionem.

339 3452 471 3497 Unde
499 3463 544 3497 et
568 3452 818 3512 Dionysius
845 3451 954 3495 dicit
980 3449 1079 3508 (IV.
1109 3463 1206 3508 cap.
1232 3449 1304 3493 De
1331 3448 1419 3493 div.
1453 3448 1651 3506 nomin.)
1677 3447 1800 3508 quod
1825 3444 2081 3508 superiores
2107 3444 2208 3492 sub-

251 3519 443 3564 stantiae
470 3518 776 3579 intelligibiles
799 3528 903 3563 sunt
924 3516 1053 3578 quasi
1079 3516 1204 3562 cibus
1229 3514 1512 3561 inferiorum.
