2332 3854
257 176 360 246 164
882 191 1037 229 LIBER
1075 191 1130 228 11.
1175 190 1294 228 CAP.
1335 189 1563 228 xxxv111.

337 294 595 338 Praeterea:
629 293 829 353 sequitur
861 292 984 352 quod
1015 291 1192 336 infinito
1226 291 1305 335 fiat
1330 290 1516 346 additio,
1553 304 1696 350 quum
1721 292 1779 337 ad
1803 291 1899 337 dies
1925 292 1999 338 vel
2025 293 2208 339 circula-

247 363 396 405 tiones
422 361 684 420 praeteritas
711 360 912 419 quotidie
940 360 994 403 de
1021 372 1145 402 novo
1174 358 1375 402 addatur.
1708 368 1710 371 ’
2166 380 2168 383 v

337 428 572 486 Amplius:
601 430 799 486 sequitur
827 426 948 485 quod
976 427 1021 469 in
1049 426 1196 469 causis
1224 424 1519 469 efficientibus
1546 425 1602 470 sit
1628 425 1875 484 procedere
1897 426 1943 470 in
1965 426 2208 482 infinitum,

249 495 286 538 si
303 495 536 553 generatio
554 494 636 537 fuit
658 508 857 551 semper;
886 493 1006 551 quod
1026 502 1206 550 oportet
1227 493 1391 544 dicere,
1416 492 1589 536 mundo
1611 506 1792 551 semper
1813 493 2078 548 exsistente;
2098 491 2208 539 nam

248 561 328 605 filii
355 576 491 605 causa
519 572 585 604 est
611 572 749 618 pater,
777 570 821 603 et
845 560 979 616 hujus
1007 559 1135 611 alius,
1160 569 1204 602 et
1229 560 1292 602 sic
1320 559 1366 602 in
1388 556 1629 602 infinitum.

337 630 529 672 Rursus:
559 629 760 686 sequitur
793 627 913 685 quod
941 627 1029 669 sint
1051 623 1240 679 infinita,
1267 625 1440 670 scilicet
1465 625 1746 670 infinitorum
1767 625 2011 671 hominum
2037 637 2210 687 praete-

248 696 440 740 ritorum
468 696 647 738 animae
674 693 972 737 immortales.
1968 703 1980 712 ·
2072 703 2074 705 ’
2126 697 2132 717 ¹
2174 710 2177 712 >

212 824 214 827 y
336 764 430 807 Has
447 774 599 806 autem
618 773 813 816 ratones,
834 762 938 819 quia
965 775 1291 820 usquequaque
1309 774 1403 804 non
1420 760 1475 804 de
1492 761 1763 805 necessitate
1791 759 2084 817 concludunt,
2096 750 2209 807 iicet

247 830 613 890 probabilitatem
639 828 852 881 habeant,
878 826 1043 871 sufficit
1067 837 1254 886 tangere
1281 827 1447 881 solum,
1463 842 1521 871 ne
1547 828 1754 871 videatur
1778 827 1890 872 fides
1916 827 2208 873 catholica‘in

245 898 373 941 vanis
400 897 647 940 rationibus
671 896 929 949 constituta,
957 905 1001 939 et
1017 909 1110 939 non
1137 895 1287 953 potius
1310 895 1356 938 in
1379 894 1654 939 solidissima
1680 896 1769 939 Dei
1787 896 2014 950 doctrina3
2037 905 2082 940 et
2101 896 2207 941 ideo

251 964 528 1008 conveniens
560 963 738 1006 videtur
770 976 941 1021 ponere
975 962 1167 1020 qualiter
1203 962 1410 1005 obvietur
1447 962 1510 1006 eis
1546 976 1625 1021 per
1661 975 1740 1006 eos
1777 963 1854 1022 qui
1891 964 2206 1007 aeternitatem

248 1032 405 1075 mundi
432 1039 692 1088 posuerunt.

307 1098 446 1149 Quod
480 1097 603 1141 enim
636 1098 783 1155 primo
818 1096 993 1149 dicitur,
1027 1110 1167 1154 agens
1198 1096 1252 1139 de
1285 1096 1555 1140 necessitate
1582 1097 1854 1154 praecedere
1889 1095 2104 1142 effectum
2129 1099 2207 1157 qui

246 1180 325 1224 per
351 1179 480 1208 suam
509 1163 825 1221 operationem
851 1162 913 1216 fit,
941 1177 1100 1206 verum
1128 1172 1195 1206 est
1226 1162 1272 1206 in
1303 1162 1375 1206 his
1403 1176 1518 1221 quae
1546 1171 1686 1220 agunt
1713 1161 1882 1221 aliquid
1906 1176 1987 1222 per
2012 1173 2207 1219 motum,

246 1232 348 1291 quia
378 1231 563 1275 effectus
589 1244 683 1273 non
718 1240 783 1274 est
815 1230 902 1285 nisi
933 1230 979 1272 in
1013 1229 1208 1273 termino
1243 1239 1422 1283 motus;
1451 1243 1590 1287 agens
1621 1239 1774 1273 autem
1799 1243 1987 1274 necesse
2014 1240 2082 1275 est
2108 1244 2207 1276 esse

244 1300 381 1343 etiam
409 1313 550 1357 quum
573 1307 723 1341 motus
751 1297 932 1356 incipit3
959 1297 1005 1339 in
1032 1296 1102 1340 his
1130 1306 1282 1340 autem
1305 1310 1420 1354 quae
1447 1298 1493 1339 in
1518 1296 1704 1340 instanti
1731 1305 1886 1354 agunt,
1906 1296 1998 1342 hoc
2022 1310 2118 1341 non
2140 1307 2208 1342 est

243 1381 452 1419 necesse;
479 1366 594 1409 sicut
621 1364 770 1419 simul,
799 1365 907 1407 dum
940 1364 1010 1407 sol
1043 1373 1110 1407 est
1140 1363 1185 1406 in
1219 1374 1388 1422 puncto
1417 1363 1617 1415 orientis,
1644 1362 1871 1408 illuminat
1901 1372 2108 1408 nostrum
2132 1364 2209 1409 he-

246 1433 588 1492 misphaerium.
611 1431 751 1484 Quod
770 1432 908 1475 etiam
935 1431 1137 1475 secundo
1157 1430 1319 1474 dicitur
1340 1443 1434 1473 non
1462 1439 1529 1474 est
1555 1429 1728 1473 efficax.
1755 1430 1810 1473 Ei
1837 1430 1958 1474 enim
1981 1429 2103 1489 quod
2125 1441 2206 1486 est,

243 1517 292 1546 ex
318 1502 457 1559 aliquo
485 1499 643 1558 aliquid
658 1500 774 1557 fieri,
804 1497 1211 1542 contradictorium
1230 1506 1411 1556 oportet
1434 1496 1555 1550 dare,
1583 1498 1619 1540 si
1643 1497 1734 1540 hoc
1752 1510 1847 1540 non
1864 1496 2008 1552 detur,
2036 1491 2207 1543 estnon

243 1584 292 1613 ex
324 1569 463 1626 aliquo
503 1568 619 1626 fieri,
645 1580 739 1609 non
767 1575 920 1609 autem
948 1565 1069 1623 quod
1096 1575 1164 1608 est
1187 1579 1236 1608 ex
1267 1564 1416 1618 nihilo,
1450 1564 1537 1607 nisi
1563 1563 1646 1608 sub
1674 1577 1808 1608 sensu
1839 1563 1999 1623 primi;
2026 1578 2082 1609 ex
2114 1578 2206 1625 quo

244 1635 458 1679 concludi
482 1648 575 1685 non
602 1643 752 1692 potest
777 1632 900 1691 quod
926 1632 1004 1675 fiat
1030 1641 1133 1690 post
1158 1646 1253 1675 non
1281 1644 1393 1674 esse.
1628 1666 1631 1670 ,

335 1702 474 1754 Quod
503 1701 641 1745 etiam
674 1700 807 1744 tertio
835 1699 1018 1758 ponitur
1048 1713 1142 1742 non
1171 1710 1238 1742 est
1264 1711 1448 1756 cogens.
1476 1696 1596 1741 Nam
1629 1696 1872 1751 infinitum,
1899 1696 1983 1741 etsi
2017 1697 2206 1743 non'sit

243 1769 380 1814 simul
405 1769 451 1812 in
479 1775 595 1821 actu,
623 1777 773 1826 potest
793 1776 949 1810 tamen
968 1779 1064 1809 esse
1090 1765 1136 1808 in
1163 1765 1468 1818 successione,
1496 1764 1601 1822 quia
1627 1764 1690 1808 sic
1718 1763 1953 1823 quodlibet
1976 1763 2228 1819 infinitum>

245 1847 484 1895 acceptum
501 1835 679 1879 finitum
698 1844 777 1878 est.
799 1833 1045 1885 Quaelibet
1062 1833 1196 1891 igitur
1215 1832 1449 1875 circulatio
1463 1831 1835 1890 praecedentium
1851 1831 2032 1875 transiri
2043 1832 2204 1890 potuit,

241 1905 346 1963 quia
369 1903 493 1946 finita
518 1901 623 1955 fuit3
650 1902 696 1944 in
724 1901 936 1944 omnibus
960 1910 1113 1944 autem
1131 1898 1282 1952 simul,
1309 1898 1347 1942 si
1374 1898 1571 1942 mundus
1589 1911 1770 1956 semper
1784 1896 1957 1952 fuisset,
1974 1910 2069 1942 non
2085 1908 2204 1950 esset

243 1972 448 2029 accipere
475 1969 685 2028 primam,
713 1977 757 2012 et
776 1968 839 2011 ita
864 1981 949 2010 nec
976 1966 1230 2018 transitum,
1259 1965 1335 2024 qui
1362 1979 1542 2023 semper
1575 1964 1713 2022 exigit
1738 1965 1829 2008 duo
1856 1973 2073 2010 extrema.
2120 2016 2123 2018 ,

331 2037 471 2089 Quod
499 2038 637 2080 etiam
664 2045 824 2093 quarto
852 2034 1120 2093 proponitur
1147 2031 1293 2076 debile
1321 2042 1400 2076 est.
1424 2032 1547 2076 Nam
1573 2031 1687 2074 nihil
1712 2031 1924 2090 prohibet
1943 2030 2121 2077 infinito
2148 2046 2203 2077 ex

240 2120 293 2149 ea
315 2114 439 2164 parte
458 2103 737 2147 additionem
750 2102 848 2146 fieri
870 2116 987 2160 quae
1014 2110 1081 2145 est
1106 2100 1297 2144 finitum.
1316 2099 1382 2142 Ex
1399 2099 1489 2143 hoc
1514 2109 1666 2142 autem
1685 2099 1806 2157 quod
1823 2098 2008 2158 ponitur
2022 2104 2204 2159 ternpus

240 2182 490 2225 aeternum,
518 2170 720 2229 sequitur
737 2168 859 2228 quod
877 2170 933 2212 sit
946 2167 1175 2211 infinitum
1193 2181 1247 2211 ex
1265 2177 1390 2226 parte
1410 2175 1527 2220 ante,
1554 2165 1633 2210 sed
1650 2164 1830 2210 finitum
1852 2180 1906 2211 ex
1931 2175 2058 2226 parte
2075 2176 2204 2226 post:

239 2254 348 2283 nam
375 2251 587 2298 praesens
615 2247 682 2281 est
706 2236 927 2280 terminus
950 2235 1192 2293 praeteriti.

332 2306 472 2358 Quod
500 2306 635 2348 etiam
665 2304 823 2362 quinto
852 2302 1064 2361 objicitur
1089 2315 1183 2345 non
1211 2301 1350 2359 cogit,
1377 2301 1483 2359 quia
1510 2314 1669 2345 causas
1693 2309 1879 2360 agentes
1903 2300 1950 2344 in
1976 2298 2204 2346 infinitum

238 2373 486 2433 procedere
510 2382 576 2415 est
592 2369 888 2429 impossibile,
906 2368 1156 2413 secundum
1176 2367 1476 2425 philosophos
1497 2368 1719 2425 (secundo
1736 2367 1938 2427 Metaph.
1954 2377 1985 2412 t.
2004 2381 2043 2412 c.
2065 2366 2140 2426 5.)‚
2157 2368 2204 2412 in

241 2441 385 2485 causis
412 2438 549 2483 simul
576 2437 836 2495 agentibus;
871 2435 976 2494 quia
1009 2445 1190 2494 oportet
1224 2433 1438 2479 effectum
1471 2434 1726 2493 dependere
1764 2449 1817 2478 ex
1849 2435 2106 2480 actionibus
2140 2435 2206 2479 in-

238 2508 374 2551 finitis
401 2504 537 2550 simul
564 2503 898 2557 exsistentibus;
934 2512 978 2546 et
1013 2501 1274 2560 hujusmodi
1316 2511 1420 2545 sunt
1457 2515 1620 2546 causae
1654 2516 1733 2559 per
1768 2516 1816 2546 se
1851 2501 2068 2556 infinitae,
2098 2504 2206 2561 quia

240 2589 397 2620 earum
422 2573 619 2617 infinitas
648 2573 703 2616 ad
731 2580 968 2615 causatum
994 2569 1249 2628 requiritur.
1276 2569 1329 2611 In
1348 2568 1495 2612 causis
1515 2578 1668 2612 autem
1685 2582 1781 2612 non
1798 2568 1934 2612 simul
1953 2569 2204 2627 agentibus,

239 2645 329 2687 hoc
356 2656 450 2686 non
478 2650 543 2685 est
569 2637 867 2698 impossibile,
895 2636 1149 2681 secundum
1176 2649 1254 2679 eos
1273 2635 1351 2694 qui
1367 2645 1544 2694 ponunt
1560 2634 1904 2693 generationem
1922 2640 2203 2694 perpetuam.

239 2711 365 2754 Haec
390 2718 542 2752 autem
569 2706 766 2750 infinitas
795 2704 961 2748 accidit
988 2703 1162 2756 causis;
1191 2702 1355 2746 accidit
1381 2703 1505 2746 enim
1536 2702 1652 2760 patri
1679 2702 1882 2746 Socratis
1907 2702 2031 2761 quod
2056 2702 2115 2748 sit
2144 2702 2205 2747 al-

237 2778 376 2822 terius
402 2775 520 2819 filius
545 2773 620 2817 vel
650 2787 745 2816 non
771 2771 913 2826 filius3
936 2784 1031 2814 non
1058 2780 1210 2814 autem
1239 2769 1403 2814 accidit
1426 2769 1608 2822 baculo,
1634 2769 1680 2812 in
1711 2778 1935 2828 quantum
1966 2778 2124 2814 movet
2142 2768 2204 2814 la-

237 2845 405 2904 pidem,
429 2841 551 2902 quod
573 2841 630 2885 sit
655 2850 807 2884 motus
835 2853 860 2882 a
888 2852 1051 2891 manu3
1079 2847 1236 2881 movet
1268 2836 1391 2880 enim
1416 2836 1462 2879 in
1490 2846 1712 2894 quantum
1744 2846 1812 2880 est
1838 2846 2006 2881 motus.

330 2910 472 2964 Quod
500 2918 652 2953 autem
680 2908 734 2951 de
762 2905 999 2950 animabus
1033 2905 1244 2963 objicitur
1275 2902 1503 2947 difficilius
1536 2914 1626 2958 est;
1659 2903 1739 2947 sed
1771 2912 1926 2948 tamen
1951 2903 2075 2948 ratio
2105 2917 2202 2948 non

240 2988 308 3023 est
335 2976 530 3021 multum
556 2974 693 3028 utilis,
720 2975 826 3032 quia
852 2971 996 3015 multa
1022 2971 1250 3030 supponit.
1272 2969 1478 3022 Quidam
1495 2985 1694 3029 namque
1714 2969 2027 3015 aeternitatem
2042 2970 2204 3015 mundi

239 3044 523 3104 ponentium,
550 3050 799 3101 posuerunt
827 3039 965 3083 etiam
991 3039 1216 3082 humanas
1244 3038 1420 3081 animas
1446 3051 1540 3081 non
1559 3051 1658 3081 esse
1681 3046 1784 3095 post
1801 3050 1988 3096 corpus:
2016 3036 2201 3096 quidam

237 3109 363 3166 vero,
391 3111 513 3171 quod
540 3123 593 3153 ex
621 3107 832 3153 omnibus
862 3106 1100 3149 animabus
1126 3119 1221 3149 non
1247 3114 1430 3148 maneat
1455 3104 1543 3147 nisi
1573 3102 1831 3148 intellectus
1856 3114 2102 3163 separatus,
2129 3102 2202 3149 vel

239 3193 394 3238 agens,
436 3175 687 3222 secundum
725 3173 963 3233 quosdam,
1007 3172 1077 3216 vel
1118 3172 1256 3216 etiam
1292 3170 1520 3229 possibilis
1557 3170 1810 3214 secundum
1845 3169 1983 3226 alios;
2015 3168 2201 3230 quidam

240 3256 393 3290 autem
415 3252 665 3303 posuerunt
692 3240 1039 3286 circulationem
1066 3240 1111 3282 in
1139 3238 1390 3291 animabus,
1419 3237 1619 3282 dicentes
1642 3237 1765 3297 quod
1797 3237 1988 3283 eaedem
2020 3236 2200 3283 animae

239 3323 343 3372 post
374 3312 524 3370 aliqua
551 3309 734 3355 saecula
761 3309 806 3351 in
835 3320 1028 3365 corpora
1053 3314 1360 3358 revertantur3
1388 3304 1572 3363 quidam
1606 3318 1714 3349 vero
1747 3318 1830 3364 pro
1861 3303 2202 3360 inconvenienti

239 3394 333 3423 non
360 3378 527 3422 habent
554 3375 676 3436 quod
704 3377 793 3420 sint
819 3373 970 3433 aliqua
996 3372 1171 3416 infinita
1199 3381 1301 3415 actu
1328 3372 1373 3415 in
1404 3371 1475 3414 his
1509 3385 1625 3430 quae
1658 3371 1875 3416 ordinem.
1897 3383 1992 3416 non
2015 3370 2199 3426 habent.

299 3446 457 3489 Potest
484 3455 636 3488 autern
664 3441 893 3487 efficacius
920 3439 1108 3500 procedi
1144 3438 1199 3482 ad
1232 3438 1322 3482 hoc
1350 3438 1683 3482 ostendendum
1714 3451 1769 3482 ex
1798 3436 1890 3483 fine
1920 3436 2099 3483 divinae
2125 3450 2202 3482 vo·

238 3512 437 3565 luntatis,
465 3521 513 3555 ut
540 3524 675 3569 supra
701 3511 765 3568 (c.
797 3508 885 3568 35.)
911 3517 1085 3552 tactum
1112 3515 1193 3551 est.
1219 3504 1341 3549 Finis
1364 3505 1486 3549 enim
1513 3505 1692 3550 divinae
1717 3503 2026 3551 voluntati-tin
2045 3517 2199 3549 rerum

239 3578 538 3639 productione
565 3587 632 3622 est
657 3579 754 3636 ejus
780 3576 974 3629 bonitas,
992 3574 1039 3619 in
1058 3582 1278 3634 quantum
1299 3586 1377 3632 per
1396 3582 1580 3617 causata
1602 3571 1933 3618 manifestatur:
1959 3570 2198 3632 potissime
