2332 3854
774 259 929 300 met
967 259 1045 300 111.
1086 261 1205 299 CAP.
1246 258 1393 300 xcw.
1949 262 2056 317 429

109 365 259 425 posita
279 373 396 419 sunt,
427 372 477 408 ut
507 360 800 408 manifestum
822 362 903 407 fiat
926 362 1048 422 quod
1073 362 1188 407 nihil
1213 361 1414 406 divinam
1445 360 1779 421 providentiam
1811 360 1984 420 effugit,
2016 371 2061 406 et

0 486 6 493 ²
63 487 68 492 ,
109 433 233 492 quod
274 431 388 477 ordo
424 430 603 476 divinae
634 429 946 488 providentiae
976 430 1169 475 ,omnino
1195 428 1429 474 immutari
1453 442 1548 473 non
1583 437 1756 487 potest;
1788 442 1874 473 nec
1905 438 2060 473 tamen

110 508 293 559 oportet
313 497 435 558 quod
452 510 507 542 ea
523 510 640 556 quae
666 509 720 540 ex
734 495 1019 555 providentia
1044 496 1198 541 divina
1213 496 1500 556 proveniunt,
1524 510 1580 540 ex
1599 495 1870 540 necessitate
1897 505 2061 540 cuncta

109 566 334 612 eveniant.

127 660 129 662 -
196 631 354 676 Primo
381 643 578 690 namque
596 628 978 674 considerandum
1016 639 1097 684 est,
1130 629 1251 689 quod
1270 644 1377 674 cum
1392 629 1519 674 Deus
1537 629 1594 674 sit
1618 628 2063 674 omniumexsisten-

109 697 224 744 tium
251 711 404 751 causa,
434 697 567 742 rebus
593 696 804 740 omnibus
838 695 1077 742 conferens
1110 710 1223 748 esse,
1256 707 1435 755 oportet
1461 696 1583 755 quod
1610 710 1718 741 suae
1749 695 2061 756 providentiae

109 765 225 810 ordo
251 778 413 810 omnes
453 778 525 808 res
558 762 908 822 complectatur:
950 763 1111 821 quibus
1139 765 1261 807 enim
1294 777 1391 820 esse
1423 762 1611 822 largitus
1634 773 1702 807 est
1733 772 1914 822 oportet
1939 761 2062 821 quod

107 841 153 876 et
177 830 575 876 conservationem
621 829 850 888 largiatur,
878 839 922 873 et
947 829 1273 888 perfectionem
1306 830 1511 874 conferat
1534 831 1582 873 in
1614 830 1776 874 ultimo
1802 829 1906 874 fine.
1940 829 2062 874 Cum

110 907 263 943 autem
288 897 335 941 in
362 896 565 956 quolibet
589 896 854 955 providente
881 895 971 939 duo
999 896 1276 940 considerari
1301 906 1524 955 oporteat,
1550 896 1723 940 scilicet
1745 896 1915 940 ordinis
1941 909 2064 955 prae-

113 963 476 1017 meditationem,
508 973 553 1007 et
595 962 910 1022 praemeditati
955 962 1125 1007 ordinis
1162 963 1507 1017 institutionem,
1546 963 1593 1007 in
1639 963 1771 1008 rebus
1814 977 1930 1022 quae
1964 977 2065 1021 pro·

39 1050 44 1057 ·
107 1029 334 1075 videntiae
379 1029 643 1082 subduntur,
689 1042 884 1087 quorum
925 1029 1124 1087 primum
1171 1029 1227 1073 ad
1269 1030 1631 1088 cognoscitivam
1670 1030 1883 1074 virtutem
1934 1029 2064 1088 perti·

96 1106 201 1150 unet,
233 1095 355 1141 aliud
392 1110 503 1140 vero
542 1095 598 1139 ad
630 1096 925 1154 operativam‚
962 1095 1052 1139 hoc
1085 1096 1202 1140 inter
1232 1106 1470 1155 utramque
1503 1096 1665 1151 differt,
1700 1096 1823 1155 quod
1859 1096 1906 1140 in
1937 1109 2065 1155 prae-

110 1162 376 1208 meditando
401 1163 609 1208 ordinem
644 1171 772 1206 tanto
809 1172 876 1206 est
913 1162 1198 1220 providentia
1234 1162 1489 1221 perfectior,
1531 1172 1701 1222 quanto
1737 1162 1885 1221 magis
1922 1176 2063 1221 usque

110 1229 168 1275 ad
193 1229 386 1273 minima
413 1228 527 1274 ordo
553 1228 866 1288 providentiae
896 1238 1044 1288 potest
1072 1230 1271 1288 perduci.
1303 1229 1444 1282 Quod
1471 1230 1593 1273 enim
1618 1243 1704 1274 nos
1730 1229 1938 1273 omnium
1969 1242 2068 1288 par-

113 1295 371 1340 ticularium
409 1296 617 1340 ordinem
649 1295 968 1353 praemeditari
997 1309 1091 1340 non
1127 1311 1371 1355 possumus
1399 1296 1519 1340 circa
1545 1310 1600 1340 ea
1634 1310 1750 1355 quae
1783 1306 1888 1350 sunt
1918 1296 2065 1355 dispo-

110 1361 260 1408 nenda
287 1376 312 1407 a
342 1362 490 1416 nobis,
517 1376 570 1406 ex
597 1361 776 1407 defectu
812 1373 994 1406 nostrae
1022 1363 1297 1421 cognitionis
1330 1363 1552 1422 provenit,
1579 1377 1695 1422 quae
1721 1373 1885 1407 cuncta
1917 1363 2066 1421 singu-

111 1428 223 1474 laria
249 1429 497 1489 complecti
516 1443 611 1473 non
637 1439 799 1488 potest.
834 1427 1157 1473 Tanto·autem
1182 1430 1230 1473 in
1256 1429 1562 1488 praevidendo
1605 1429 1912 1489 unusquisque
1944 1428 2066 1474 solli-

112 1495 246 1540 citior
280 1496 487 1550 habetur,
524 1505 695 1555 quanto
721 1495 850 1554 plura
882 1495 1170 1554 singulariter
1199 1496 1520 1555 praemeditari
1549 1506 1723 1555 potest;
1751 1498 1879 1555 cujus
1911 1506 2066 1543 autem

114 1563 315 1622 provisio
340 1564 387 1607 in
414 1563 524 1608 solis
550 1561 876 1606 universalibus
904 1563 1187 1616 consisteret,
1219 1577 1380 1621 parum
1417 1562 1473 1606 de
1499 1563 1736 1622 prudentia
1761 1563 2065 1622 participaret.

112 1628 273 1674 Simile
301 1641 451 1674 autem
478 1630 525 1673 in
552 1629 764 1673 omnibus
806 1629 1050 1686 operativis
1083 1629 1248 1673 artibus
1277 1629 1556 1673 considerari
1578 1639 1741 1688 potest.
1776 1629 1866 1674 Sed
1893 1630 1940 1673 in
1972 1630 2064 1673 hoc

110 1698 233 1756 quod
254 1697 369 1742 ordo
385 1697 740 1756 praemeditatus
762 1697 893 1740 rebus
915 1697 1178 1755 imponitur,
1204 1706 1331 1740 tanto
1350 1705 1417 1740 est
1443 1696 1623 1754 dignior
1649 1707 1693 1740 et
1710 1695 1952 1754 perfectior
1967 1710 2067 1755 pro·

109 1764 309 1808 videntia
334 1764 640 1823 gubernantis,
675 1773 845 1822 quanto
886 1773 953 1807 est
984 1762 1297 1816 universalior,
1325 1773 1369 1806 et
1395 1777 1475 1821 per
1501 1762 1629 1822 plura
1651 1763 1902 1807 ministeria
1934 1777 2064 1807 suam

111 1830 306 1890 explicat
328 1830 800 1890 praemeditationem,
823 1830 928 1888 quia
954 1839 997 1873 et
1022 1830 1121 1888 ipsa
1142 1829 1499 1873 ministeriorum
1516 1829 1753 1888 dispositio
1781 1843 1950 1888 magna
1971 1844 2068 1887 par-

111 1907 206 1954 tem
222 1897 394 1957 provisi
410 1897 581 1941 ordinis
607 1897 758 1941 habet.
788 1896 985 1955 Oportet
1002 1906 1153 1940 autem
1172 1896 1294 1955 quod
1321 1896 1473 1940 divina
1499 1896 1782 1955 providentia
1814 1897 1861 1940 in
1882 1910 2066 1940 summo

110 1962 399 2024 perfectionis
432 1964 666 2018 consistat,
699 1963 805 2022 quia
835 1963 931 2022 ipse
954 1973 1022 2007 est
1047 1962 1313 2021 simpliciter
1339 1972 1383 2006 et
1413 1963 1728 2007 universaliter
1752 1963 1994 2022 perfectus,
2017 1973 2067 2007 ut

106 2030 155 2075 in
186 2030 335 2090 primo
362 2031 424 2088 (c.
451 2030 544 2087 28.)
570 2040 804 2075 ostensum
830 2039 910 2074 est.
946 2029 998 2073 In
1034 2028 1315 2088 providendo
1351 2029 1489 2088 igitur
1522 2044 1631 2073 suae
1664 2030 1912 2088 sapientiae
1939 2043 2070 2087 prae-

110 2097 406 2141 meditatione
431 2097 706 2154 sempiterna
738 2096 895 2140 omnia
926 2096 1120 2149 ordinat,
1147 2105 1567 2154 quantumcumque
1595 2097 1784 2140 minima
1810 2097 2062 2141 videantur.

113 2164 446 2223 Quaecumque
470 2177 582 2208 vero
615 2177 775 2207 eorum
813 2162 982 2221 aliquid
1015 2173 1275 2222 operantur,
1307 2162 1713 2207 instrumentaliter
1745 2173 1885 2221 agunt
1918 2163 1973 2207 ab
2009 2178 2065 2207 eo

111 2240 252 2285 mota,
278 2240 323 2274 et
348 2230 391 2274 ei
415 2229 772 2289 obtemperando
800 2229 1070 2283 ministrant,
1098 2229 1154 2273 ad
1193 2229 1402 2274 ordinem
1427 2229 1741 2288 providentiae
1769 2231 1823 2273 ab
1864 2239 2065 2281 aeterno,

110 2306 160 2342 ut
181 2297 245 2342 ita
269 2296 434 2350 dicam,
463 2297 773 2355 excogitatum
800 2296 1118 2353 explicandum
1145 2297 1190 2339 in
1211 2296 1359 2340 rebus.

199 2363 249 2409 Si
275 2373 428 2407 autem
454 2364 610 2407 omnia
646 2377 762 2422 quae
799 2377 932 2420 agere
965 2373 1156 2422 possunt
1181 2376 1368 2406 necesse
1394 2372 1462 2407 est
1486 2372 1536 2407 ut
1565 2362 1613 2406 in
1640 2362 1820 2422 agendo
1854 2363 1897 2407 ei
1929 2363 2063 2407 mini·

109 2439 266 2485 strent,
291 2430 571 2489 impossibile
598 2439 666 2474 est
690 2430 813 2489 quod
830 2429 1016 2488 aliquod
1034 2443 1172 2487 agens
1192 2430 1370 2473 divinae
1388 2430 1700 2488 providentiae
1718 2432 2060 2474 exsecutionem

110 2497 342 2556 impediat,
369 2497 453 2542 sibi
477 2497 756 2541 contrarium
783 2497 976 2555 agendo.
1003 2496 1164 2555 Neque
1183 2496 1321 2540 etiarn
1348 2496 1630 2555 impossibile
1649 2507 1716 2540 est
1741 2497 1943 2540 divinam
1970 2511 2069 2556 pro·

110 2563 359 2608 videntiam
390 2563 598 2621 impediri
624 2578 703 2622 per
735 2562 964 2607 defectum
997 2562 1186 2620 alicujus
1213 2563 1404 2621 agentis,
1431 2563 1505 2607 vel
1531 2563 1755 2622 patientis,
1784 2578 1888 2607 cum
1917 2565 2067 2608 omnis

110 2630 252 2676 virtus
278 2630 426 2675 activa
452 2629 526 2674 vel
547 2630 726 2689 passiva
751 2630 808 2674 sit
833 2631 879 2673 in
905 2630 1038 2674 rebus
1070 2630 1322 2674 secundum
1355 2630 1555 2674 divinam
1582 2631 1932 2689 dispositionem
1967 2645 2068 2674 cau-

112 2707 223 2743 sata.
250 2696 537 2756 Impossibile
565 2707 631 2741 est
665 2697 803 2740 etiam
835 2697 957 2755 quod
983 2696 1254 2754 impediatur
1292 2696 1470 2740 divinae
1498 2697 1807 2755 providentiae
1835 2698 2067 2741 exsecutio

113 2778 193 2825 per
208 2764 518 2823 providentiae
544 2763 929 2816 immutationem,
956 2777 1061 2806 cum
1085 2764 1210 2807 Deus
1237 2763 1292 2807 sit
1319 2764 1510 2807 omnino
1533 2764 1844 2817 immutabilis,
1868 2775 1917 2808 ut
1934 2779 2069 2823 supra

35 2829 38 2833 Α
113 2841 350 2876 ostensum
372 2840 440 2875 est
464 2830 583 2887 (Lib.
611 2829 646 2874 Ι.
673 2843 712 2873 c.
745 2829 846 2887 15.).
873 2829 1162 2888 Relinquitur
1193 2843 1303 2887 ergo
1337 2830 1457 2888 quod
1491 2830 1643 2873 divina
1669 2831 1870 2889 provisio
1899 2832 2068 2875 cassari

34 2906 42 2933 ἱ»
113 2912 209 2943 non
265 2907 396 2942 otest.

203 2913 432 3022 Dpeinceps
466 2973 618 3007 autem
650 2963 1031 3008 considerandum
1065 2973 1146 3017 est,
1179 2963 1302 3022 quod
1335 2978 1473 3008 omne
1507 2978 1646 3023 agens
1678 2965 1870 3010 intendit
1907 2965 1962 3009 ad
1988 2965 2068 3010 bo-

35 3051 51 3086 g
113 3045 241 3085 num,
267 3041 312 3075 et
337 3029 498 3074 melius
525 3030 776 3074 secundum
794 3030 915 3088 quod
933 3040 1096 3089 potest,
1113 3041 1161 3073 ut
1182 3044 1317 3088 supra
1344 3032 1404 3088 (c.
1433 3031 1492 3089 3.)
1520 3041 1754 3076 ostensum
1773 3042 1853 3076 est.
1882 3033 2067 3077 Bonum

35 3149 54 3158 „
122 3108 290 3152 autem,
312 3107 357 3141 et
382 3096 545 3142 melius
570 3110 665 3140 non
683 3097 847 3140 eodem
875 3097 1015 3141 modo
1034 3097 1376 3141 considerantur
1399 3098 1446 3141 in
1471 3107 1585 3152 toto,
1604 3108 1647 3142 et
1663 3098 1875 3157 partibus.
1897 3099 1949 3143 In
1970 3108 2068 3143 toto

50 3187 55 3206 -,
116 3165 239 3210 enim
265 3164 439 3208 bonum
465 3173 534 3207 est
558 3163 806 3220 integritas,
834 3177 950 3222 quae
978 3177 1032 3207 ex
1063 3164 1259 3222 partium
1291 3164 1465 3218 ordine,
1500 3175 1545 3209 et
1577 3165 1912 3224 compositione
1939 3166 2072 3210 relin-

40 3241 50 3290 ᾗ
115 3232 289 3291 quitur;
316 3230 435 3275 unde
461 3230 623 3274 melius
655 3240 723 3276 est
752 3231 836 3274 toti
867 3231 989 3289 quod
1014 3231 1071 3275 sit
1096 3231 1213 3275 inter
1239 3241 1388 3290 partes
1414 3232 1664 3290 disparitas,
1691 3233 1787 3276 sine
1818 3247 1907 3291 qua
1941 3234 2055 3278 ordo

49 3298 55 3305 ⁶
116 3308 162 3343 et
186 3297 402 3357 perfectio
435 3297 573 3341 totius
599 3310 698 3341 esse
724 3310 819 3340 non
845 3306 1008 3355 potest,
1035 3312 1172 3356 quam
1200 3298 1322 3356 quod
1355 3312 1516 3342 omnes
1549 3309 1695 3357 partes
1727 3299 1817 3343 sint
1843 3300 2072 3358 aequales’

39 3376 57 3418 g
117 3378 387 3424 unaquaque
413 3377 572 3407 earum
599 3363 890 3422 perveniente
917 3364 973 3408 ad
997 3364 1189 3423 gradum
1215 3364 1527 3409 nobilissimae
1554 3365 1704 3423 partis.
1730 3365 1977 3418 Quaelibet
1998 3381 2072 3410 au-

51 3463 54 3467 ,
116 3440 211 3475 tem
242 3444 343 3488 pars
376 3428 599 3474 inferioris
633 3429 798 3488 gradus
824 3430 870 3473 in
902 3444 951 3475 se
989 3431 1277 3475 considerata
1305 3430 1469 3475 melior
1496 3441 1628 3486 esset,
1654 3432 1693 3476 si
1719 3443 1837 3476 esset
1858 3432 1904 3475 in
1927 3434 2070 3490 gradu

42 3499 58 3553 ζζ
117 3497 362 3556 superioris
393 3496 546 3555 partis,
578 3496 694 3541 sicut
725 3506 848 3555 patet
877 3496 925 3540 in
968 3511 1161 3556 corpore
1193 3497 1411 3541 humano.
1444 3498 1793 3556 Dignior=enim
1819 3512 1923 3558 pars
1955 3509 2072 3545 esset

118 3577 199 3623 pes
213 3563 429 3617 hominis,
451 3562 489 3608 si
505 3562 628 3607 oculi
648 3562 999 3621 pulcritudinem
1016 3574 1062 3609 et
1073 3564 1285 3608 virtutem
1305 3563 1548 3618 haberent;
1571 3579 1736 3624 corpus
1754 3576 1905 3610 autem
1923 3576 2070 3610 totum

120 3640 239 3676 esset
260 3629 588 3690 imperfectius,
609 3629 648 3674 si
673 3630 714 3675 ei
736 3628 940 3675 officium
962 3630 1090 3691 pedis
1116 3631 1304 3676 deesset.
1326 3631 1401 3676 Ad
1418 3630 1539 3676 aliud
1555 3631 1691 3692 igitur
1715 3632 1859 3677 tendit
1878 3633 2070 3679 intentio
