2332 3854
211 212 316 251 222
839 212 1021 266 vLIBER
1060 211 1116 250 11.
1160 213 1279 250 CAP.
1323 213 1509 251 LXXIII.

210 329 367 360 sumus
399 316 649 360 secundum
682 315 889 359 habitum
911 314 1141 359 scientiae.
1165 314 1356 360 Habitus
1379 314 1516 375 igitur
1537 316 1755 362 scientiae
1782 326 1850 362 est
1870 317 1918 361 in
1943 316 2176 364 intellectu

209 382 427 442 possibili,
459 397 553 427 non
584 384 779 442 passivo.

298 450 485 494 Adhuc:
519 450 707 494 scientia
724 459 791 493 est
808 449 863 492 de
887 447 1256 493 conclusionibus
1278 449 1744 505 demonstrationum;
1767 464 1876 494 nam
1899 450 2180 497 demonstra-

208 518 272 561 tio
300 527 367 561 est
391 516 686 575 syllogismus
707 515 880 559 faciens
902 515 1032 569 scire,
1049 525 1100 559 ut
1116 515 1388 561 Aristoteles
1405 516 1514 561 dicit
1529 517 1576 561 in
1593 517 1742 575 primo
1759 517 1934 562 Poster.
1956 519 2010 577 (t.
2033 533 2073 563 c.
2100 519 2174 578 5.).

209 584 543 629 Conclusiones
583 592 737 627 autern
778 582 1222 627 demonstrationum
1253 593 1357 627 sunt
1391 583 1684 639 universales,
1717 584 1835 628 sicut
1865 593 1911 628 et
1940 584 2174 646 principia.

205 650 286 695 Est
309 652 446 710 igitur
477 653 522 694 in
554 649 632 693 illa
663 650 827 693 virtute
853 662 970 708 quae
1003 659 1072 694 est
1100 650 1331 708 cognitiva
1357 650 1698 695 universalium.
1725 650 1990 696 Intellectus
2017 661 2175 698 >autem

205 718 409 777 passivus
436 732 528 761 non
556 727 623 760 est
649 716 989 775 cognoscitivus
1022 716 1362 772 universalium,
1385 719 1465 762 sed
1485 717 1828 777 particularium
1853 717 2172 764 intentionum.

204 785 311 829 Non
345 795 412 828 est
442 784 580 842 igitur
611 783 866 841 subjectum
898 783 1078 828 habitus
1110 785 1340 830 scientiae.

294 852 556 895 Praeterea:
593 860 753 894 contra
793 850 884 893 hoc
926 861 1030 894 sunt
1070 850 1221 909 plures
1254 852 1453 897 rationes
1496 852 1717 897 adductae
1760 851 1910 912 supra,
1943 866 2085 912 quum
2117 853 2173 899 de

206 918 373 962 unione
404 916 659 960 intellectus
693 915 919 974 possibilis
955 917 1011 961 ad
1042 918 1282 962 hominem
1316 929 1536 978 ageretur.
2100 945 2103 947 >

294 984 484 1028 Videtur
516 993 669 1027 autem
703 998 757 1027 ex
788 984 879 1028 hoc
912 983 1050 1029 fuisse
1077 985 1301 1044 deceptio,
1326 986 1373 1030 in
1399 985 1614 1046 ponendo
1641 985 1850 1030 habitum
1881 985 2098 1031 scientiae
2122 987 2171 1031 in

203 1051 436 1095 intellectu
468 1051 649 1109 passivo
683 1064 797 1104 esse,
830 1051 936 1110 quia
972 1051 1184 1095 homines
1225 1053 1515 1097 inveniuntur
1556 1053 1861 1112 promptiores
1904 1052 1980 1097 vel
2021 1053 2172 1098 minus

203 1118 403 1177 prompti
434 1117 490 1161 ad
523 1117 815 1162 scientiarum
849 1118 1252 1173 considerationes,
1284 1120 1537 1164 secundum
1571 1119 1799 1164 diversam
1824 1119 2171 1179 dispositionem

202 1185 375 1229 virtutis
411 1185 683 1243 cogitativae
716 1194 761 1228 et
792 1185 1129 1244 imaginativae.

293 1252 383 1296 Sed
408 1253 493 1296 ista
518 1252 831 1311 promptitudo
859 1252 1083 1310 dependet
1109 1253 1163 1297 ab
1190 1253 1282 1297 illis
1306 1253 1543 1298 virtutibus
1569 1253 1685 1298 sicut
1713 1267 1767 1298 ex
1799 1252 2172 1313 dispositionibus

200 1319 404 1373 remotiS,
436 1329 571 1377 prout
602 1319 742 1362 etiam
774 1319 999 1377 dependet
1041 1334 1066 1363 a
1106 1320 1309 1365 bonitate
1340 1331 1487 1365 tactus
1522 1331 1565 1365 et
1597 1321 1803 1379 corporis
1835 1320 2171 1381 complexione,

200 1387 454 1431 secundum
487 1386 609 1444 quod
642 1386 752 1430 dicit
783 1385 1054 1431 Aristoteles
1085 1388 1130 1430 in
1162 1388 1365 1432 secundo
1397 1389 1478 1460 De
1503 1390 1656 1433 anima
1674 1390 1725 1447 (t.
1761 1403 1799 1432 c.
1826 1388 1936 1449 94),
1957 1388 2171 1434 homines

200 1454 310 1497 boni
335 1464 480 1497 tactus
510 1463 555 1497 et
587 1452 739 1497 mollis
766 1453 915 1497 carnis
942 1467 1042 1498 esse
1074 1455 1191 1498 bene
1225 1465 1354 1514 aptos
1381 1465 1548 1499 mente.
1577 1456 1643 1499 Ex
1668 1455 1824 1500 habitu
1851 1464 2005 1500 autem
2031 1456 2173 1501 scien-

198 1522 288 1564 tiae
314 1520 430 1564 inest
455 1520 646 1564 facultas
682 1520 1014 1575 considerandi,
1047 1523 1164 1566 sicut
1195 1536 1249 1566 ex
1286 1523 1496 1582 proximo
1534 1523 1757 1582 principio
1800 1532 1951 1578 actus3
1992 1525 2173 1582 oportet

201 1588 325 1632 enim
358 1587 479 1646 quod
520 1587 699 1631 habitus
732 1588 950 1632 scientiae
982 1588 1186 1646 perficiat
1216 1590 1470 1648 potentiam
1511 1604 1598 1648 qua
1621 1588 1952 1648 intelligimus,
1983 1599 2034 1634 ut
2063 1600 2171 1649 agat

202 1669 342 1714 quum
375 1654 571 1699 voluerit
600 1654 807 1708 faciliter,
839 1656 955 1699 sicut
988 1666 1031 1699 et
1063 1655 1142 1699 alii
1172 1656 1351 1701 habitus
1383 1659 1608 1715 potentias
1639 1657 1686 1700 in
1718 1657 1880 1716 quibus
1911 1666 2028 1702 sunt.

287 1723 425 1767 Item:
462 1723 781 1781 dispositiones
814 1722 1147 1781 praedictarum
1172 1725 1391 1767 virtutum
1418 1733 1522 1768 sunt
1548 1737 1603 1767 ex
1627 1733 1753 1782 parte
1781 1723 1962 1782 objecti,
1994 1723 2170 1768 scilicet
2217 1771 2223 1774 ,

202 1789 530 1848 phantasmatis
563 1789 701 1848 quod,
733 1798 918 1848 propter
943 1789 1194 1833 bonitatem
1220 1791 1384 1834 harum
1409 1791 1641 1844 virtutum,
1667 1800 1960 1849 praeparatur
1986 1789 2041 1834 ad
2072 1791 2166 1835 hoc

198 1858 323 1916 quod
353 1856 544 1901 faciliter
569 1857 647 1900 fiat
672 1856 955 1915 intelligibile
1000 1867 1101 1901 actu
1140 1872 1220 1916 per
1254 1857 1539 1902 intellectum
1572 1867 1798 1916 agentem.
1830 1857 2168 1916 Dispositiones

199 1934 354 1968 autem
380 1938 496 1983 quae
523 1933 628 1968 sunt
663 1938 718 1967 ex
753 1933 879 1982 parte
913 1924 1199 1982 objectorum
1230 1939 1325 1968 non
1357 1934 1462 1969 sunt
1491 1924 1685 1978 habitus,
1718 1923 1799 1969 sed
1830 1937 1947 1983 quae
1979 1935 2084 1968 sunt
2113 1937 2168 1968 ex

198 2002 323 2050 parte
349 1991 679 2050 potentiarum3
711 2005 806 2034 non
839 1990 962 2034 enim
990 1991 1308 2050 dispositiones
1336 1991 1496 2050 quibus
1529 1990 1746 2035 terribilia
1775 1990 1890 2035 fiunt
1921 1990 2071 2050 magis
2101 2000 2152 2035 to

195 2058 395 2111 leranda,
429 2068 533 2102 sunt
572 2058 753 2101 habitus
793 2057 1082 2112 fortitudinis,
1115 2059 1194 2102 sed
1229 2058 1466 2117 dispositio
1506 2071 1595 2117 qua
1634 2071 1736 2116 pars
1763 2057 1958 2112 animae,
1991 2057 2166 2104 scilicet

193 2125 445 2179 irascibilis,
479 2125 733 2183 disponitur
760 2125 812 2168 ad
840 2125 1057 2169 terribilia
1083 2125 1361 2169 sustinenda.
1388 2126 1511 2184 Ergo
1539 2124 1832 2169 manifestum
1858 2134 1926 2169 est
1946 2125 2070 2184 quod
2091 2125 2168 2170 ha*-

193 2193 311 2237 bitus
329 2194 544 2237 scientiae
565 2206 659 2236 non
683 2203 750 2236 est
771 2193 817 2235 in
841 2192 1072 2236 intellectu
1094 2194 1294 2251 passivo,
1312 2203 1362 2237 ut
1384 2193 1739 2238 Commentator
1762 2192 2019 2251 praedictus
2040 2192 2165 2247 dicit,

192 2260 271 2304 sed
304 2261 451 2318 magis
484 2261 528 2303 in
560 2259 794 2303 intellectu
826 2260 1044 2318 possibili.

280 2327 416 2370 Item:
442 2327 480 2371 si
501 2341 616 2370 unus
639 2336 706 2370 est
730 2325 989 2371 intellectus
1014 2326 1242 2385 possibilis
1271 2327 1480 2371 omnium
1507 2325 1765 2380 hominurn,
1792 2335 1974 2384 oportet
1993 2339 2164 2385 ponere

190 2394 472 2439 intellectum
501 2394 768 2453 possibilem
794 2407 977 2453 semper
1007 2394 1161 2448 fuisse,
1196 2396 1233 2438 si
1265 2394 1479 2438 homines
1512 2406 1693 2452 semper
1724 2392 1919 2447 fuerunt,
1945 2393 2063 2437 sicut
2087 2407 2166 2452 po·

190 2471 326 2516 nunt3
361 2471 406 2505 et
437 2461 584 2505 multo
619 2461 766 2519 magis
793 2460 1076 2504 intellectum
1105 2471 1333 2519 agentem,
1361 2461 1465 2519 quia
1493 2474 1633 2518 agens
1661 2470 1727 2504 est
1753 2458 2066 2504 honorabilius
2091 2473 2166 2519 pa-

189 2529 344 2584 tiente,
378 2538 426 2572 ut
451 2528 723 2573 Aristoteles
756 2528 864 2572 dicit
896 2529 940 2571 in
973 2529 1107 2572 tertio
1139 2529 1211 2572 De
1245 2528 1398 2571 anima
1430 2529 1481 2586 (t.
1518 2542 1556 2571 c.
1594 2527 1697 2586 19.).
1732 2526 1823 2571 Sed
1855 2528 1892 2571 si
1925 2540 2066 2585 agens
2097 2535 2164 2571 est

174 2607 427 2640 aeternum
455 2605 498 2639 et
523 2597 746 2654 recipiens
774 2604 1026 2650 aeternum,
1054 2605 1235 2654 oportet
1261 2605 1443 2654 recepta
1470 2608 1568 2638 esse
1604 2603 1800 2638 aeterna.
1834 2593 1956 2653 Ergo
1988 2593 2163 2652 species

189 2662 498 2722 intelligibiles
526 2662 580 2706 ab
615 2672 800 2706 aeterno
836 2661 1017 2706 fuerunt
1048 2663 1094 2705 in
1126 2662 1360 2706 intellectu
1397 2661 1625 2720 possibili3
1657 2675 1751 2705 non
1783 2660 1920 2720 igitur
1951 2660 2008 2705 de
2037 2673 2163 2706 novo

192 2733 274 2775 erit
306 2730 427 2789 quod
460 2730 649 2787 recipiat
682 2728 855 2788 aliquas
891 2730 1066 2788 species
1108 2728 1427 2788 intelligibiles.
1470 2728 1543 2772 Ad
1577 2727 1691 2771 nihil
1734 2739 1888 2772 autem
1929 2740 2086 2772 sensus
2119 2738 2163 2773 et

190 2798 428 2857 phantasia
455 2806 560 2841 sunt
584 2798 843 2841 necessaria
870 2798 926 2840 ad
952 2796 1315 2855 intelligendum,
1356 2796 1444 2839 nisi
1471 2806 1518 2839 ut
1555 2795 1609 2839 ab
1651 2795 1714 2840 eis
1750 2795 2030 2854 accipiantur
2065 2809 2165 2854 spe-

191 2866 283 2909 cies
331 2864 650 2922 intelligibiles.
694 2864 1050 2922 Sensus,igitur
1095 2878 1190 2908 non
1229 2863 1313 2907 erit
1353 2865 1636 2907 necessarius
1681 2862 1737 2906 ad
1796 2861 2161 2921 intelligendum,

189 2947 339 2991 neque
371 2932 624 2989 phantasia,
652 2941 695 2975 et
721 2931 881 2975 redibit
909 2931 1063 2989 opinio
1089 2931 1292 2975 Platonis
1316 2932 1382 2989 (in
1406 2930 1643 2987 Menone),
1663 2930 1787 2988 quod
1807 2929 2044 2974 scientiam
2064 2942 2161 2993 non

190 3001 466 3058 acquirimus
508 3013 587 3057 per
634 3013 808 3052 sensus,
859 2998 939 3042 sed
989 2999 1042 3041 ab
1078 3000 1140 3042 eis
1189 2998 1437 3043 excitamur
1485 2998 1540 3041 ad
1588 2996 1993 3042 rememorandum
2037 2996 2161 3056 prius

190 3069 333 3111 scita.-

280 3134 370 3178 Sed
388 3134 442 3177 ad
460 3134 551 3177 hoc
578 3133 822 3191 respondet
846 3133 1102 3192 praedictus
1132 3134 1498 3186 Commentator,
1518 3132 1639 3191 quod
1657 3132 1832 3191 species
1852 3131 2160 3191 intelligibiles

187 3201 356 3245 habent
382 3201 547 3258 duplex
580 3201 857 3258 subjectum:
888 3216 941 3244 cx
960 3214 1051 3243 uno
1080 3215 1276 3258 quorum
1317 3199 1486 3243 habent
1527 3201 1856 3254 aeternitatem,
1898 3198 2072 3244 scilicet
2102 3200 2161 3244 ab

187 3268 419 3312 intellectu
447 3268 672 3327 possibili3
701 3268 754 3311 ab
784 3268 873 3311 alio
902 3276 1054 3311 autem
1082 3267 1251 3311 habent
1277 3268 1544 3322 novitatem,
1566 3267 1742 3312 scilicet
1767 3282 1791 3311 a
1818 3266 2159 3326 phantasmate3

187 3337 306 3380 sicut
331 3337 468 3379 etiarn
496 3335 664 3393 speciei
691 3335 878 3379 visibilis
905 3335 1160 3393 subjectum
1190 3345 1257 3378 est
1283 3334 1461 3393 duplex,
1489 3334 1663 3379 scilicet
1688 3348 1760 3379 res
1798 3343 1923 3379 extra
1955 3334 2160 3379 animam

188 3413 231 3447 et
263 3404 463 3461 potentia
496 3403 652 3446 visiva.
688 3403 813 3446 Haec
849 3412 1002 3446 autem
1036 3403 1272 3460 responsio
1306 3412 1422 3445 stare
1455 3416 1547 3445 non
1582 3411 1745 3461 potest.

276 3469 562 3528 Impossibile
590 3469 713 3514 enim
741 3480 808 3513 est
835 3469 957 3528 quod
985 3469 1105 3513 actio
1133 3479 1178 3513 et
1204 3468 1422 3528 perfectio
1452 3470 1621 3512 aeterni
1642 3467 1898 3527 dependeat
1922 3469 1976 3513 ab
1999 3466 2155 3528 aliquo

187 3536 445 3593 temporali.
472 3536 795 3580 Phantasmata
824 3546 977 3581 autem
1003 3535 1274 3595 temporalia
1299 3544 1402 3580 sunt
1427 3546 1469 3580 et
1496 3536 1552 3579 de
1578 3550 1701 3580 novo
1728 3534 1930 3595 quotidie
1952 3537 1998 3580 in
2022 3533 2155 3580 nobis

188 3603 307 3649 facta
335 3618 387 3647 ex
415 3617 563 3648 sensu.
591 3603 879 3662 Impossibile
907 3612 974 3649 est
999 3603 1137 3663 igitur
1163 3603 1284 3662 quod
1321 3602 1494 3662 species
1537 3601 1856 3663 intelligibiles,
1896 3601 2058 3663 quibus
2086 3600 2156 3647 in—
