2332 3854
213 253 247 304 6
943 264 1096 304 LIBER
1136 263 1172 302 1.
1214 260 1334 301 cAP.
1371 262 1429 314 v.
1468 300 1471 305 Α

1006 486 1260 544 CAPUT
1301 487 1370 542 V.

409 631 568 677 QUOD
601 632 686 681 EA,
723 630 871 676 QUAE
903 629 1147 668 RATIONE
1179 629 1527 669 INVESTIGARI
1559 628 1676 668 NON
1708 624 1979 678 POSSUNT,

519 712 944 751 CONVENIENTER
976 712 1103 749 FIDE
1135 711 1399 751 TENENDA
1429 709 1857 750 PROPONUNTUR.

299 828 489 873 Videtur
510 838 661 872 autern
683 828 953 887 quibusdam
973 826 1167 872 fortasse
1188 841 1283 872 non
1305 827 1469 872 debere
1489 826 1668 871 homini
1687 827 1742 870 ad
1765 824 2043 870 credendum
2059 836 2164 901 pro-

209 897 317 954 poni
341 894 434 949 illa,
457 909 571 954 quae
593 896 708 939 ratio
731 895 1002 953 investigare
1027 909 1122 939 non
1147 893 1326 948 sufficit,
1344 908 1484 954 quum
1502 894 1654 939 divina
1671 879 1904 951 Sapientia
1919 890 2162 950 unicuique

209 962 461 1007 secundum
483 962 674 1006 modurn
700 975 807 1005 suae
833 971 1022 1006 naturae
1049 961 1302 1020 provideat

299 1029 354 1073 Et
378 1029 482 1073 ideo
508 1029 909 1073 demonstrandum
936 1039 1017 1082 est,
1044 1028 1166 1086 quod
1192 1029 1500 1073 necessarium
1532 1028 1590 1072 sit
1619 1026 1799 1071 homini
1823 1024 2037 1070 divinitus
2067 1035 2165 1069 cre·

209 1095 357 1140 denda
381 1097 573 1155 proponi
601 1095 736 1139 etiam
764 1094 855 1149 illa,
882 1108 998 1153 quae
1025 1095 1251 1138 rationem
1278 1095 1516 1140 excedunt.
2123 1089 2125 1091 ¹

295 1161 458 1206 Nullus
484 1162 606 1205 enim
633 1162 856 1205 desiderio
873 1171 917 1205 et
935 1161 1083 1205 studio
1108 1161 1155 1204 in
1182 1160 1350 1219 aliquid
1366 1161 1523 1215 tendit,
1548 1161 1634 1204 nisi
1655 1160 1713 1204 sit
1733 1160 1775 1204 ei
1795 1156 2161 1218 praecognitum.

210 1229 334 1281 Quia
358 1242 468 1287 ergo
496 1229 550 1272 ad
579 1228 709 1272 altius
734 1228 908 1271 bonum
940 1242 1078 1286 quam
1110 1227 1299 1286 experiri
1328 1227 1375 1270 in
1406 1227 1634 1285 praesenti
1663 1227 1756 1270 vita
1787 1225 1930 1284 possit
1960 1221 2163 1270 humana

205 1294 436 1354 fragilitas,
457 1295 669 1338 homines
702 1308 781 1352 per
806 1294 1006 1338 divinam
1039 1294 1372 1353 providentiam
1406 1293 1683 1346 ordinantur,
1715 1303 1764 1337 ut
1794 1294 1840 1337 in
1873 1289 2164 1351 sequentibus

205 1362 547 1420 investigabitur
557 1362 677 1420 (Lib.
689 1361 767 1405 III.
787 1375 825 1405 c.
847 1361 980 1418 142.),
993 1361 1195 1419 oportuit
1211 1370 1413 1404 mentem
1431 1361 1613 1404 evocari
1628 1361 1675 1404 in
1689 1359 1856 1423 aliquid
1875 1358 2008 1410 altius
2026 1369 2164 1417 quam

205 1428 321 1473 ratio
347 1438 501 1472 nostra
526 1428 573 1471 in
599 1427 825 1486 praesenti
849 1428 991 1485 possit
1016 1427 1296 1486 pertingere3
1329 1437 1377 1471 ut
1402 1427 1466 1470 sic
1494 1427 1685 1471 disceret
1712 1425 1882 1485 aliquid
1908 1425 2164 1470 desiderare

208 1506 253 1540 et
277 1495 426 1539 studio
450 1494 634 1538 tendere
659 1495 705 1538 in
732 1493 915 1553 aliquid,
942 1493 1065 1552 quod
1089 1503 1238 1538 totum
1263 1503 1433 1538 statum
1465 1494 1713 1552 praesentis
1738 1493 1859 1538 vitae
1886 1490 2076 1538 excedit.
2108 1490 2166 1536 Et

205 1562 298 1607 hoc
330 1561 571 1621 praecipue
604 1561 874 1605 christianae
912 1560 1124 1618 religioni
1156 1563 1390 1619 competit,
1417 1574 1533 1619 quae
1568 1559 1855 1619 singulariter
1885 1559 2007 1604 bona
2036 1558 2166 1618 spiti-

205 1628 346 1673 tualia
371 1639 416 1672 et
441 1638 624 1672 aeterna
650 1628 885 1687 promittit.
913 1627 1048 1672 Unde
1081 1637 1125 1672 et
1155 1627 1202 1671 in
1229 1642 1283 1672 ea
1308 1627 1505 1687 plurima
1535 1629 1791 1679 humanum
1822 1636 2008 1672 sensum
2033 1638 2165 1672 exce-

207 1696 357 1740 dentia
384 1705 712 1754 proponuntur.
752 1694 846 1738 Lex
883 1704 1035 1739 autem
1060 1704 1204 1748 vetus,
1237 1709 1353 1753 quae
1385 1695 1657 1754 temporalia
1692 1695 1920 1754 promissa
1953 1692 2164 1748 habebat,

206 1775 351 1821 pauca
367 1762 616 1820 proposuit,
635 1775 750 1820 quae
765 1761 996 1805 humanae
1022 1761 1209 1806 rationis
1235 1761 1578 1820 inquisitionem
1600 1762 1883 1806 excederent.
1901 1759 2165 1807 Secundum

207 1829 347 1872 etiam
372 1828 494 1872 hunc
520 1828 728 1882 modum,
750 1827 1038 1887 philosophis
1056 1842 1164 1872 cura
1184 1827 1280 1882 fuit,
1299 1838 1347 1872 ut
1372 1837 1495 1887 patet
1517 1829 1712 1887 septimo
1730 1829 1791 1886 (c.
1815 1843 1830 1872 1
1844 1828 1905 1887 3.)
1921 1837 1968 1872 et
1981 1827 2164 1873 decimo

207 1895 476 1939 Ethicorum
502 1895 563 1952 (c.
597 1908 630 1938 1.
658 1904 703 1939 et
733 1894 806 1952 5.),
836 1895 891 1938 ad
913 1895 1004 1938 hoc
1033 1905 1082 1939 ut
1106 1895 1318 1939 homines
1346 1909 1372 1939 a
1397 1895 1679 1939 sensibilium
1706 1894 2164 1940 delectationibus-ad

207 1962 496 2006 honestatem
527 1962 838 2020 perducerent,
865 1962 1103 2006 ostendere
1131 1976 1230 2006 esse
1263 1962 1350 2006 alia
1380 1962 1503 2006 bona
1539 1962 1611 2007 his
1647 1961 1936 2007 sensibilibus
1969 1959 2165 2020 potiora,

208 2042 404 2087 quorum
429 2038 561 2086 gustu
586 2027 732 2072 multo
759 2029 939 2073 suavius
967 2029 1045 2087 qui
1068 2037 1234 2073 vacant
1257 2029 1415 2073 activis
1436 2029 1511 2073 vel
1533 2028 1901 2114 contemplativis
1925 2027 2165 2074 virtutibus

208 2095 501 2140 delectantur.

296 2162 376 2207 Est
411 2162 549 2206 etiam
581 2162 888 2207 necessarium
923 2162 1186 2239 hujusmodi
1222 2164 1460 2208 veritatem
1497 2163 1553 2206 ad
1590 2163 1868 2208 credendum
1900 2127 2164 2209 horninibus

207 2230 416 2288 proponi,
449 2229 505 2272 ad
535 2229 624 2273 Dei
656 2229 969 2288 cognitionem
993 2230 1220 2274 veriorem
1251 2230 1524 2274 habendam.
1559 2228 1693 2274 Tunc
1726 2230 1849 2274 enim
1881 2227 2033 2274 solum
2056 2242 2163 2275 vere

208 2297 360 2340 Deum
387 2295 724 2354 cognoscimus,
752 2296 935 2355 quando
966 2297 1117 2355 ipsum
1145 2310 1243 2342 esse
1277 2297 1504 2341 credimus
1536 2311 1671 2356 supra
1703 2310 1843 2341 omne
1868 2296 1928 2351 id,
1952 2297 2076 2356 quod
2107 2296 2163 2341 de

207 2363 311 2407 Deo
337 2363 530 2421 cogitari
556 2363 609 2406 ab
636 2363 824 2408 homine
850 2363 1064 2421 possibile
1092 2373 1175 2417 est,
1198 2377 1253 2408 eo
1282 2364 1405 2422 quod
1429 2363 1684 2408 naturalem
1710 2364 1913 2408 hominis
1946 2363 2165 2423 cognitio·

206 2443 315 2474 nem
342 2429 494 2473 divina
526 2429 771 2473 substantia
799 2430 988 2484 excedit,
1015 2439 1064 2474 ut
1087 2439 1229 2489 supra·
1254 2440 1490 2474 ostensum
1523 2440 1591 2475 est
1615 2431 1676 2487 (c.
1704 2430 1778 2489 3.).
1810 2430 1900 2475 Per
1928 2429 2020 2475 hoc
2047 2442 2162 2489 ergo

208 2495 330 2554 quod
356 2496 535 2540 homini
560 2496 615 2540 de
640 2496 744 2539 Deo
771 2495 921 2554 aliqua
947 2507 1275 2555 proponuntur,
1302 2510 1418 2556 quae
1444 2497 1670 2543 rationem
1697 2497 1933 2551 excedunt,
1957 2496 2164 2543 firmatur

206 2563 253 2606 in
278 2560 468 2606 homine
495 2562 666 2621 opinio,
693 2562 814 2621 quod
841 2563 966 2606 Deus
992 2564 1049 2607 sit
1075 2563 1243 2622 aliquid
1269 2577 1404 2623 supra
1425 2563 1470 2607 id
1497 2564 1620 2623 quod
1648 2564 1840 2622 cogitari
1865 2572 2032 2622 potest.

297 2641 338 2673 2.
365 2628 470 2673 Alia
493 2628 630 2673 etiam
647 2628 814 2674 utilitas
830 2628 934 2673 inde
957 2630 1180 2688 provenit,
1202 2629 1378 2675 scilicet
1393 2631 1774 2690 praesumptionis
1790 2629 2030 2690 repressio,
2046 2643 2164 2690 quae

208 2706 276 2741 est
300 2706 446 2741 mater
471 2696 648 2741 erroris.
678 2696 794 2741 Sunt
820 2697 940 2741 enim
969 2697 1155 2756 quidam
1180 2707 1357 2742 tantum
1389 2699 1446 2743 de
1479 2712 1564 2743 suo
1594 2699 1784 2756 ingenio
1807 2707 2164 2758 praesumentes,

208 2773 256 2807 ut
276 2773 421 2807 totam
444 2772 652 2807 naturam
679 2763 878 2807 divinam
898 2778 947 2808 se
964 2774 1172 2823 reputent
1187 2779 1271 2809 suo
1287 2764 1520 2810 intellectu
1538 2779 1672 2824 posse
1689 2766 1855 2820 metiri,
1872 2766 2164 2811 aestimantes

206 2829 380 2874 scilicet
404 2839 551 2874 totum
578 2844 676 2874 esse
702 2844 861 2874 verum
889 2833 1010 2889 quod
1037 2833 1101 2876 eis
1122 2831 1312 2886 videtur,
1340 2842 1385 2877 et
1408 2831 1575 2877 falsum
1601 2833 1724 2892 quod
1757 2833 1822 2877 eis
1852 2835 1952 2877 non
1970 2833 2162 2879 videtur.

207 2896 271 2940 Ut
295 2910 405 2956 ergo
433 2898 486 2940 ab
513 2898 599 2941 hac
626 2898 995 2957 praesumptione
1032 2899 1260 2943 humanus
1289 2900 1467 2944 animus
1493 2899 1707 2944 liberatus
1734 2900 1790 2944 ad
1816 2900 2077 2946 modestam
2099 2898 2165 2944 in·-

206 2963 499 3023 quisitionem
525 2964 723 3008 veritatis
750 2966 995 3024 perveniat,
1032 2967 1344 3010 necessarium
1381 2966 1466 3010 fuit
1503 2967 1683 3011 homini
1717 2967 1911 3027 proponi
1936 2966 2162 3027 quaedam

207 3026 432 3084 divinitus,
458 3044 574 3090 quae
601 3031 792 3075 omnino
819 3031 1102 3075 intellectum
1130 3035 1226 3091 ejus
1254 3033 1538 3079 excederent.

299 3110 335 3155 3
362 3097 566 3156 Apparet
591 3098 728 3142 etiam
757 3097 845 3142 alia
872 3098 1038 3143 utilitas
1057 3113 1110 3143 ex
1128 3099 1257 3144 dictis
1283 3099 1583 3159 Philosophi
1572 3114 1619 3144 m
1636 3100 1818 3145 decimo
1841 3098 1989 3146 Euhie.
2006 3103 2064 3160 (c.
2083 3101 2162 3160 7.).

208 3162 367 3216 Quum
394 3164 516 3208 enim
544 3164 804 3209 Simonides
832 3165 1014 3209 cuidam
1040 3166 1219 3210 homini
1244 3167 1693 3224 praetermittendam
1717 3167 1917 3213 divinam
1940 3168 2165 3228 cognitio-

205 3243 312 3274 nem
339 3231 643 3289 persuaderet,
662 3241 705 3275 et
720 3230 932 3275 humanis
959 3232 1092 3277 rebus
1117 3232 1354 3291 ingenium
1374 3233 1709 3292 applicandum,
1727 3244 1943 3292 oportere
1954 3232 2165 3295 inquiens

206 3297 408 3341 humana
434 3311 591 3356 sapere
618 3298 855 3342 hominem
893 3308 937 3343 et
973 3298 1185 3343 mortalia
1222 3300 1482 3355 mortalem,
1520 3310 1676 3345 contra
1712 3315 1819 3346 eum
1854 3299 2165 3362 Philosophus

207 3363 314 3407 dicit
340 3365 461 3423 quod
488 3365 631 3409 homo
660 3366 793 3410 debet
818 3379 865 3409 se
894 3365 948 3409 ad
976 3366 1254 3411 immortalia
1281 3377 1325 3411 et
1352 3367 1504 3412 divina
1529 3368 1709 3413 trahere
1742 3378 1966 3427 quantum
1998 3377 2162 3429 potest.

206 3430 339 3474 Unde
365 3431 411 3474 in
433 3430 547 3474 libro
576 3433 723 3490 primo
746 3433 817 3476 De
844 3432 1043 3490 partibus
1081 3433 1349 3477 animalium
1375 3433 1483 3479 dicit
1509 3435 1646 3494 quod,
1674 3434 2076 3496 quamvisspamm
2107 3436 2165 3480 sit

206 3496 327 3555 quod
362 3497 416 3541 de
442 3497 702 3542 substantiis
739 3499 1045 3557 superioribus
1075 3500 1363 3559 percipimus,
1393 3511 1547 3546 tamen
1574 3501 1618 3545 id
1646 3502 1883 3547 modicum
1912 3509 1984 3548 ὀἱ
2017 3501 2164 3560 magis

206 3573 409 3607 amatum
441 3573 484 3608 et
516 3565 820 3609 desideratum
853 3567 979 3610 omni
1017 3567 1280 3625 cognitione
1318 3581 1455 3627 quam
1491 3568 1547 3612 de
1584 3568 1851 3613 substantiis
1878 3566 2164 3615 inferioribus

204 3629 441 3674 habemus.
476 3631 598 3676 Dicit
624 3633 777 3686 ctiam,
805 3634 848 3677 in
877 3633 1079 3678 secundo
1108 3633 1242 3678 Coeli
1269 3645 1313 3679 et
1340 3634 1496 3678 mundi
1523 3634 1599 3693 (II.
1630 3649 1666 3678 c.
1692 3648 1755 3679 12.
1779 3646 1809 3679 t.
1838 3649 1876 3679 c.
1899 3633 2004 3694 34),
2025 3633 2165 3695 quod,
