2332 3854
782 224 935 264 num<
975 225 1047 264 1v.
1088 225 1208 264 cap,
1251 224 1420 264 xxxu.
1966 212 2078 281 607

836 458 1091 515 CAPUT
1131 459 1371 516 XXXII.

266 601 340 639 DE
372 599 584 640 ERRORE
616 599 726 639 ARII
757 600 828 639 ET
861 600 1219 641 APOLLINARIS
1252 600 1416 640 CIRCA
1446 600 1662 641 ANIMAM
1689 600 1928 641 CHRISTI·

206 721 315 767 Non
346 720 498 766 solum
529 731 683 766 autem
716 722 836 766 circa
873 736 1037 782 corpus
1070 722 1256 777 Christi,
1289 723 1368 767 sed
1404 723 1543 767 etiarn
1580 723 1700 767 circa
1736 723 1832 781 ejus
1868 722 2073 768 animam

7 793 36 838 ’ζ’
117 786 259 848 aliqui
288 786 410 832 male
436 790 630 833 sensisse
654 788 957 833 inveniuntur.

205 854 365 899 Posuit
395 853 519 899 enim
551 854 687 899 Arius
721 854 854 911 (teste
887 855 1006 913 Aug.
1038 854 1112 898 lib.
1146 855 1269 899 haer.
1306 869 1350 899 n.
1383 856 1471 912 11.)
1513 854 1636 914 quod
1669 856 1715 899 in
1748 855 1935 901 Christo
1982 869 2077 900 non

116 919 202 966 fuit
232 920 398 974 anima,
430 921 510 965 sed
542 921 664 980 quod
696 921 847 964 solum
880 935 1065 965 carnem
1106 922 1364 981 assumpsit,
1404 922 1476 967 cui
1509 922 1720 967 divinitas
1751 921 1859 967 loco
1892 922 2073 968 animae

61 1000 67 1007 ·
115 985 224 1041 fain
249 995 296 1033 et
319 986 376 1031 ad
400 987 492 1032 hoc
516 987 779 1046 ponendum
805 988 1072 1032 necessitate
1091 987 1288 1046 quadam
1307 988 1485 1032 videtur
1509 987 1647 1032 fuisse
1672 988 1896 1033 inductus.
1918 988 2078 1041 Quum

1 1043 18 1078 Ψ
42 1083 45 1085 »
92 1053 240 1110 ,enim
264 1053 403 1099 vellet
427 1067 625 1098 asserere
647 1054 768 1112 quod
795 1053 933 1098 Filius
959 1055 1047 1099 Dei
1074 1055 1131 1098 sit
1157 1065 1363 1099 creatura
1386 1064 1431 1098 et
1452 1055 1605 1098 minor
1621 1055 1769 1108 Patre,
1788 1054 1844 1098 ad
1866 1054 1957 1099 hoc
1980 1069 2079 1113 pro-

111 1119 318 1165 bandum
344 1118 420 1164 illa
448 1119 781 1179 Scripturarum
804 1121 1050 1178 assumpsit
1075 1121 1337 1164 testimonia
1355 1135 1470 1179 quae
1492 1121 1804 1165 infirmitatem
1825 1120 2078 1167 humanam

111 1185 362 1234 nstendunt
385 1187 432 1230 in
459 1185 675 1240 Christ03
701 1196 745 1231 et
769 1200 827 1230 ne
854 1187 1016 1245 aliquis
1042 1188 1138 1244 ejus
1164 1187 1483 1246 probationem
1515 1185 1754 1241 refelleret,
1787 1187 1982 1232 dicendo
2015 1202 2079 1232 as-

114 1262 296 1314 sumpta
317 1252 372 1297 ab
399 1265 455 1296 eo
480 1252 758 1306 testimonia,
786 1252 974 1297 Christo
1000 1266 1095 1296 non
1123 1253 1374 1297 secundum
1409 1252 1611 1297 divinam
1641 1262 1867 1308 naturam,
1893 1253 1972 1298 sed
1998 1253 2079 1298 hu-

114 1326 304 1363 manam
328 1319 589 1372 convenire,
614 1319 822 1378 nequiter
848 1319 1051 1363 animam
1082 1321 1278 1363 removit
1304 1333 1329 1363 a
1354 1318 1556 1373 Christo,
1584 1328 1647 1373 ut,
1673 1333 1816 1378 quum
1848 1320 2076 1378 quaedam

118 1385 301 1445 corpori
325 1385 529 1429 humano
557 1385 803 1430 convenire
827 1399 923 1430 non
943 1385 1133 1444 possint,
1160 1386 1277 1430 sicut
1300 1386 1423 1444 quod
1450 1386 1638 1430 miratus
1660 1395 1742 1440 est,
1763 1385 1887 1445 quod
1912 1386 2078 1442 timuit,

113 1451 240 1511 quod
265 1452 476 1506 oraverit,
501 1452 810 1497 necessarium
836 1452 914 1496 fiat
938 1452 1204 1510 hujusmodi
1233 1452 1280 1496 in
1313 1451 1479 1496 Filium
1510 1452 1600 1497 Dei
1625 1452 1981 1497 minorationem
2015 1454 2077 1497 in-

114 1517 246 1563 ferre.
272 1518 535 1577 Assumpsit
559 1528 712 1563 autem
738 1518 786 1562 in
812 1530 921 1563 suae
947 1518 1187 1577 positionis
1214 1519 1514 1563 assertionem
1546 1519 1849 1577 praemissum
1875 1519 2078 1564 Verbum

110 1585 298 1644 Joannis
321 1584 535 1629 dicentis:
570 1586 748 1630 Verbum
770 1599 868 1630 caro
884 1586 1053 1645 factum
1075 1591 1131 1630 est
1138 1600 1155 1638 ,·
1180 1599 1234 1630 ex
1255 1598 1346 1644 quo
1366 1585 1572 1643 accipere
1591 1584 1774 1629 volebat
1790 1585 1912 1644 quod
1929 1585 2078 1630 solam

117 1665 302 1697 carnem
336 1650 541 1696 Verbum
573 1652 882 1712 assumpserit,
912 1665 1007 1696 non
1040 1661 1193 1696 autern
1228 1651 1446 1695 animam.
1476 1651 1528 1694 In
1560 1651 1648 1695 hac
1679 1651 1906 1710 positione
1938 1651 2077 1696 etiam

116 1717 394 1778 Apollinaris
422 1718 556 1774 (teste
582 1718 702 1776 Aug.
725 1718 802 1762 ubi
825 1731 972 1778 supra,
998 1733 1042 1762 n.
1075 1719 1163 1775 55.)
1191 1732 1297 1761 eum
1323 1726 1503 1762 secutus
1530 1726 1610 1762 est.

204 1783 498 1828 Manifestum
523 1793 592 1828 est
617 1794 771 1829 autern
796 1798 850 1829 ex
876 1784 1137 1843 praemissis
1163 1784 1282 1828 hanc
1309 1783 1587 1842 positionem
1610 1783 1942 1841 impossibilem
1963 1797 2077 1829 esse.

206 1850 458 1896 Ostensum
483 1860 552 1895 est
576 1850 700 1895 enirn
726 1865 861 1909 supra
887 1851 1008 1908 (Lib.
1034 1851 1067 1894 I.
1092 1865 1131 1895 c.
1156 1851 1248 1907 27.)
1277 1850 1399 1909 quod
1421 1850 1548 1893 Deus
1569 1848 1720 1893 forma
1746 1851 1953 1908 corporis
1975 1865 2074 1895 esse

116 1929 212 1961 non
243 1926 405 1975 Potest.
441 1917 601 1970 Quum
631 1917 768 1975 igitur
792 1917 995 1960 Verbum
1027 1917 1116 1960 Dei
1147 1917 1204 1961 sit
1234 1917 1375 1970 Deus,
1408 1925 1457 1960 ut
1488 1926 1723 1960 ostensum
1750 1926 1819 1961 est
1845 1918 1906 1974 (c.
1938 1931 1974 1975 3·
2007 1931 2072 1961 11-

116 1992 159 2028 et
190 1983 293 2040 14),
319 1982 599 2043 impossibile
626 1993 694 2028 est
719 1983 842 2042 quod
859 1983 1062 2029 Verbum
1078 1983 1168 2031 Dei
1193 1982 1250 2026 sit
1274 1982 1424 2026 forma
1447 1985 1665 2040 corporis,
1689 1992 1737 2026 ut
1759 1983 1833 2027 sic·
1848 1984 1973 2029 carni
1995 1997 2077 2041 pro

117 2050 270 2094 anima
295 2064 393 2095 esse
419 2050 574 2109 possit.
602 2050 738 2094 Utilis
765 2060 918 2094 autern
944 2060 1012 2094 est
1041 2051 1155 2093 haec
1182 2049 1298 2093 ratio
1322 2058 1481 2092 contra
1507 2048 1839 2106 Apollinarem,
1863 2050 1940 2109 qui
1965 2050 2078 2094 Ver-

114 2115 225 2160 bum
250 2117 339 2160 Dei
363 2130 523 2161 verum
544 2117 695 2160 Deum
723 2130 821 2160 esse
849 2116 1173 2170 confitebatur;
1200 2125 1258 2169 et,
1284 2114 1392 2159 licet
1416 2115 1507 2158 hoc
1534 2115 1671 2158 Arius
1696 2126 1897 2174 negaret,
1923 2126 2078 2161 tamen

116 2183 254 2227 etiam
281 2193 440 2227 contra
466 2197 571 2227 eum
598 2183 828 2242 praedicta
853 2183 1059 2242 procedit
1083 2182 1214 2235 ratio,
1241 2182 1346 2240 quia
1371 2195 1465 2225 non
1492 2180 1642 2225 solum
1666 2182 1791 2226 Deus
1814 2197 1908 2226 non
1930 2192 2080 2241 potest

115 2262 215 2294 esse
239 2248 388 2293 forma
414 2249 634 2308 corporis,
661 2250 739 2293 sed
765 2263 849 2293 nec
882 2249 1020 2292 etiam
1047 2247 1208 2307 aliquis
1241 2246 1650 2306 supercoelestium
1676 2249 1929 2306 spirituum,
1962 2250 2079 2293 inter

114 2328 231 2375 quos
256 2329 520 2374 supremum
546 2315 713 2359 Filium
738 2316 828 2359 Dei
854 2315 990 2359 Arius
1016 2315 1238 2374 ponebat;
1265 2314 1354 2357 nisi
1377 2313 1494 2358 forte
1522 2314 1775 2359 secundum
1801 2315 2077 2374 positionem

116 2375 347 2442 Origenis,
373 2383 451 2442 qui
476 2383 628 2442 posuit
653 2382 829 2426 animas
854 2383 1080 2426 humanas
1103 2381 1310 2440 eiusdem
1332 2381 1502 2439 speciei
1525 2390 1570 2425 et
1590 2391 1778 2426 naturae
1803 2396 1909 2426 cum
1930 2397 2080 2442 super·

115 2448 386 2495 coelestibus
413 2449 639 2509 spiritibus
666 2462 794 2504 esse3
823 2450 952 2508 cujus
985 2448 1213 2509 opinionis
1244 2447 1488 2492 falsitatem
1521 2461 1655 2506 supra
1683 2447 1804 2505 (Lib.
1829 2449 1886 2492 II.
1914 2463 1952 2493 c.
1979 2449 2072 2509 95.)

117 2515 416 2561 ostendimus.

202 2582 344 2627 Item:
366 2582 596 2627 subtracto
628 2595 684 2627 eo
717 2583 840 2642 quod
872 2593 940 2626 est
970 2581 1024 2626 de
1056 2581 1231 2626 ratione
1263 2580 1480 2635 hominis,
1507 2594 1640 2625 verus
1672 2587 1816 2626 homo
1850 2595 1948 2626 esse
1981 2596 2073 2626 non

115 2658 279 2708 potest.
303 2647 598 2693 Manifestum
619 2657 688 2693 est
713 2658 867 2693 autem
894 2648 1096 2692 animam
1120 2646 1428 2706 principaliter
1454 2646 1509 2690 de
1536 2647 1710 2691 ratione
1733 2647 1935 2692 hominis
1957 2662 2072 2703 esse,

115 2728 258 2774 quum
281 2714 340 2759 sit
362 2715 459 2773 ejus
483 2714 644 2759 forma.
671 2714 720 2759 Si
746 2715 883 2774 igitur
905 2714 1116 2759 Christus
1143 2714 1344 2757 animam
1361 2726 1455 2757 non
1473 2713 1644 2766 habuit,
1662 2727 1795 2757 verus
1815 2714 1960 2759 homo
1978 2729 2075 2760 non

114 2781 222 2835 fuit3
248 2795 389 2840 quum
413 2790 569 2825 tamen
594 2795 700 2826 eum
726 2781 966 2826 hominem
992 2779 1244 2838 Apostolus
1273 2788 1456 2832 asserat,
1483 2779 1637 2823 dicens
1664 2779 1719 2836 (Ι.
1749 2778 1872 2824 Tim.
1900 2780 1956 2825 II.
1990 2782 2075 2840 5.):

124 2847 240 2892 Unus
266 2853 324 2892 est
347 2847 551 2892 mediator
574 2848 660 2892 Dei
684 2853 722 2892 et
747 2847 976 2901 hominum,
1004 2847 1125 2890 homo
1155 2846 1343 2891 Christus
1362 2844 1489 2901 Jesus.
2147 2902 2150 2903 ⁷

204 2913 394 2958 Adhuc:
417 2927 472 2958 ex
499 2913 653 2957 anima
684 2927 779 2970 non
811 2913 963 2958 solum
990 2913 1104 2957 ratio
1132 2912 1348 2965 hominis,
1381 2912 1460 2956 sed
1493 2922 1538 2956 et
1568 2911 1854 2970 singularum
1879 2914 2077 2972 partium

26 2998 46 3025 3
114 2980 213 3038 ejus
237 2979 481 3038 dependet3
509 2980 643 3034 unde,
660 2989 838 3024 remota
865 2980 1032 3034 anima,
1056 2978 1231 3031 oculus,
1250 2992 1356 3022 caro
1380 2988 1424 3022 et
1446 2991 1499 3022 os
1521 2978 1722 3023 hominis
1741 2980 1912 3024 mortui
1929 2982 2078 3039 aequi·

30 3074 40 3097 ς,
115 3059 231 3091 voce
256 3046 480 3100 dicuntur,
506 3046 622 3090 sicut
648 3046 808 3090 oculus
834 3048 980 3104 pictus
1007 3055 1083 3089 aut
1108 3045 1326 3102 lapideus.
1355 3045 1403 3088 Si
1429 3045 1566 3103 igitur
1590 3045 1637 3088 in
1665 3044 1852 3090 Christo
1874 3060 1968 3091 non
1989 3046 2072 3091 fuit
2101 3058 2104 3061 '

22 3134 45 3156 22.
116 3113 283 3166 anima,
307 3125 494 3157 necesse
520 3122 588 3156 est
612 3112 733 3171 quod
751 3126 836 3156 nec
863 3126 970 3156 vera
998 3126 1104 3155 caro
1132 3112 1179 3154 in
1205 3124 1260 3154 eo
1285 3110 1432 3165 fuerit,
1461 3125 1545 3154 nec
1573 3110 1724 3170 aliqua
1756 3111 1844 3155 alia
1876 3114 2075 3171 partium

116 3179 345 3233 hominis;
382 3193 522 3237 quum
562 3189 716 3223 tamen
752 3179 843 3224 hoc
876 3179 1104 3223 Dominus
1136 3179 1181 3221 in
1214 3191 1261 3221 se
1299 3190 1397 3221 esse
1442 3177 1689 3235 perhibeat,
1737 3178 1893 3223 dicens
1937 3180 2072 3238 (Luc.

118 3245 286 3290 XXIV.
317 3246 430 3304 39.):
451 3246 636 3304 Spiritus
661 3260 829 3290 carnem
860 3252 896 3290 et
922 3260 1009 3290 ossa
1041 3260 1124 3288 non
1155 3245 1291 3297 habet,
1315 3245 1423 3288 sicut
1447 3259 1511 3287 me
1536 3243 1682 3288 videti5
1714 3245 1873 3289 habere.

205 3311 438 3370 Amplius:
472 3311 593 3370 quod
626 3322 866 3370 generatur
897 3325 952 3355 ex
984 3310 1136 3369 aliquo
1171 3310 1350 3354 vivente
1383 3309 1502 3354 filius
1536 3311 1632 3367 ejus
1665 3310 1753 3354 dici
1787 3325 1879 3355 non
1914 3321 2075 3370 potest,

117 3378 204 3422 nisi
234 3378 281 3421 in
317 3377 477 3421 eadem
503 3378 654 3435 specie
686 3378 927 3436 procedat;
959 3391 1052 3420 non
1087 3377 1208 3420 enim
1241 3376 1408 3419 vermis
1440 3376 1602 3419 dicitur
1632 3375 1749 3420 filius
1782 3377 1990 3423 animalis
2022 3394 2076 3424 ex

118 3458 210 3503 quo
242 3453 495 3503 generatur.
529 3443 634 3497 Sed,
675 3446 711 3487 si
755 3443 964 3488 Christus
997 3444 1196 3486 animam
1231 3456 1323 3485 non
1357 3442 1558 3496 haberet,
1591 3456 1684 3486 non
1719 3453 1839 3487 esset
1870 3445 2075 3502 ejusdem

119 3510 286 3570 speciei
307 3524 413 3554 cum
434 3508 533 3554 aliis
549 3510 836 3563 hominibus;
862 3524 978 3568 quae
996 3509 1117 3553 enirn
1136 3508 1386 3552 secundum
1408 3507 1606 3552 formam
1623 3508 1847 3563 differunt,
1870 3511 2074 3569 ejusdem

12 3562 13 3566 Ἰ
33 3546 43 3582 ¹,
119 3576 288 3636 speciei
311 3589 409 3621 esse
431 3589 525 3620 non
550 3586 754 3635 possunt.
779 3576 887 3620 Non
912 3576 1049 3634 igitur
1074 3574 1163 3618 dici
1191 3574 1355 3633 poterit
1379 3575 1502 3633 quod
1530 3574 1740 3620 Christus
1762 3576 1820 3621 sit
1844 3576 1961 3622 filius
1983 3578 2076 3622 Ma-
