2332 3854
261 240 367 294 374
920 238 1073 276 ιιΒΕκ
1113 237 1188 274 111.
1232 236 1351 274 CAP.
1393 234 1542 273 Lxm.

257 349 355 385 tota
376 339 578 384 hominis
604 341 696 383 vita
719 339 971 383 secundum
988 337 1215 381 rationem
1238 336 1528 394 disponatur3
1551 336 1674 395 quod
1696 345 1764 390 est
1783 336 1933 380 vivere
1957 334 2210 381 secundum

256 407 484 452 virtutem.
512 405 765 465 CuJuslibet
789 406 910 448 enirn
933 404 1124 447 virtuosi
1145 402 1245 446 finis
1270 402 1317 446 in
1343 402 1576 461 operando
1602 412 1671 447 est
1694 402 1903 462 propriae
1933 401 2213 459 virtutis·bo-

257 488 384 529 num,
417 475 532 518 sicut
563 473 690 517 fortis
718 482 767 515 ut
796 470 972 515 fortiter
998 479 1118 529 agat.
1145 471 1248 514 Hoc
1276 479 1429 514 autem
1447 469 1722 514 desiderium
1746 479 1854 514 tunc
1882 470 2073 514 omnino
2091 481 2215 514 eom·

258 539 465 599 plebitur‚
493 539 675 598 quando
708 538 822 581 ratio
854 538 902 581 in
928 551 1112 583 summo
1130 537 1288 596 vigore
1322 536 1417 590 erit,
1450 536 1606 581 divino
1631 536 1805 581 lumine
1830 535 2074 591 illustrata,
2097 543 2179 619 ne
2187 549 2214 579 a

259 617 384 652 recto
412 606 604 650 deficere
637 605 792 663 possit.

350 673 673 730 Consequntur
706 671 845 715 etiam
872 670 1055 715 civilem
1079 670 1222 714 vitam
1246 670 1478 729 quaedam
1504 671 1640 724 bona,
1667 671 1827 729 quibus
1858 670 2004 716 homo
2043 669 2217 729 indiget

262 740 318 784 ad
345 739 500 784 civ-iles
533 738 838 796 operationes,
864 738 981 781 sicut
1011 738 1202 781 honoris
1234 737 1502 791 sublimitas,
1538 738 1677 796 quam
1716 737 1930 782 homines
1961 735 2216 782 inordinate

262 815 538 865 appetentes,
565 804 776 863 superflui
804 814 847 848 et
875 804 1103 848 ambitiosi
1128 804 1253 848 fiunt.
1281 804 1355 848 Ad
1380 818 1612 848 summam
1639 814 1791 849 autem
1812 804 2004 849 honoris
2026 803 2219 856 altitudi-

260 887 365 917 nem
385 887 464 931 per
479 871 606 915 illam
622 871 849 916 visionem
865 872 954 915 Dei
970 871 1181 915 homines
1208 870 1521 927 sublimantur,
1547 872 1592 915 in
1619 882 1841 931 quantum
1865 872 1969 916 Deo
1996 870 2218 930 quodam-

262 940 403 983 modo
431 939 659 991 uniuntur,
686 948 735 981 ut
777 952 913 997 supra
939 939 1000 996 (c.
1048 939 1135 995 51.)
1164 948 1396 982 ostensum
1431 948 1521 992 est;
1556 948 1602 982 et
1626 949 1812 997 propter
1835 939 1942 992 hoc,
1975 939 2091 983 sicut
2120 938 2218 997 ipse

263 1008 388 1051 Deus
420 1020 497 1050 rex
523 1005 812 1050 saeculorum
846 1015 926 1058 est,
959 1005 1021 1048 ita
1049 1015 1093 1048 et
1123 1005 1244 1049 beati
1280 1005 1322 1049 ei
1354 1005 1586 1063 conjuncti
1617 1019 1807 1064 regnare
1839 1005 2056 1091 dicuntur
2066 1004 2218 1063 (Apo-

264 1074 347 1117 cal.
374 1072 475 1116 XX.
503 1071 590 1129 6.:)
626 1074 979 1130 Regnabuntcum
1007 1071 1190 1117 Christo.
1488 1093 1489 1096 ¹
2019 1100 2022 1103 ·

353 1140 661 1198 Consequitur
688 1140 826 1183 etiam
854 1139 1036 1183 civilem
1067 1141 1210 1183 vitam
1242 1139 1363 1183 aliud
1391 1139 1644 1199 appetibile,
1670 1139 1794 1199 quod
1835 1105 1903 1184 est
1928 1139 2079 1184 famae
2098 1137 2219 1183 cele·

262 1208 416 1260 britas,
452 1221 531 1266 per
564 1207 691 1264 cujus
722 1206 1032 1250 inordinatum
1066 1206 1316 1284 appetitum
1347 1206 1558 1250 homines
1590 1207 1738 1251 inanis
1771 1206 1945 1266 gloriae
1976 1206 2129 1274 cupidi
2157 1203 2222 1249 di·

265 1285 440 1319 cuntur.
468 1274 596 1318 Beati
628 1284 781 1318 autem
807 1288 887 1333 per
913 1273 1040 1317 illam
1065 1274 1293 1318 visionem
1320 1273 1565 1318 redduntur
1596 1273 1812 1328 celebres,
1843 1284 1938 1318 non
1969 1268 2223 1318 secundum

264 1341 524 1396 hominum,
551 1341 629 1400 qui
653 1341 802 1400 decipi
831 1350 875 1385 et
907 1340 1117 1399 decipere
1142 1352 1347 1400 possunt,
1380 1341 1661 1400 opinionem,
1694 1341 1772 1384 sed
1804 1337 2058 1389 secundum
2088 1339 2226 1390 verisf

265 1411 432 1454 simam
465 1408 780 1467 cognitionem
813 1418 858 1452 et
889 1407 992 1461 Dei,
1021 1417 1065 1452 et
1090 1408 1299 1452 omniurn
1325 1408 1578 1451 beatorum.
1602 1407 1659 1451 Et
1683 1407 1787 1452 ideo
1819 1407 1899 1451 illa
1922 1401 2155 1452 beatitudo
2177 1406 2224 1450 in

267 1490 394 1521 sacra
429 1475 660 1534 Scriptura
691 1474 1055 1534 frequentissime
1080 1474 1226 1532 gloria
1251 1475 1528 1529 nominatur,
1562 1474 1678 1519 sicut
1708 1475 1755 1519 in
1787 1471 1907 1520 Psal.
1941 1473 2152 1540 CXLIX
2166 1483 2223 1530 ⁴5.

271 1543 456 1588 dicitur:
490 1543 772 1588 Exsultabunt
787 1544 893 1601 justi
919 1545 964 1586 in
987 1542 1139 1600 gloria.
1950 1574 1955 1577 -

357 1610 436 1654 Est
461 1610 600 1654 etiam
628 1619 672 1653 et
704 1608 858 1652 aliud
847 1623 893 1653 1n
921 1608 1042 1653 civili
1074 1610 1167 1653 vita
1200 1609 1463 1668 appetibile,
1489 1609 1665 1654 scilicet
1690 1609 1887 1663 divitiae,
1912 1620 1992 1668 per
2011 1574 2176 1667 cujus
2160 1618 2228 1652 ‘m-

269 1677 527 1722 ordinatum
556 1678 806 1736 appetitum
833 1685 878 1720 et
910 1690 1133 1730 amorem,
1166 1676 1379 1720 homines
1405 1675 1651 1720 illiberales
1678 1686 1723 1720 et
1743 1676 1898 1735 injusti
1922 1675 2048 1720 fiunt.
2075 1675 2138 1719 In
2148 1672 2227 1719 illa

270 1754 423 1788 autem
454 1744 732 1788 beatitudine
759 1753 827 1787 est
852 1744 1079 1787 bonorum
1106 1742 1313 1787 omnium
1341 1742 1660 1798 sufficientia,'
1650 1757 1696 1787 ιιι
1727 1753 1948 1802 quantum
1982 1739 2103 1788 beati
2133 1739 2228 1802 per-

268 1811 476 1855 fruuntur
506 1810 586 1855 illo
628 1812 705 1869 qui
747 1810 1096 1869 comprehendit
1127 1811 1337 1854 omnium
1377 1810 1605 1854 bonorum
1647 1809 2002 1869 perfectionem3
2042 1807 2227 1869 prepter

270 1878 392 1937 quod
425 1878 588 1922 dicitur
625 1878 755 1936 (Sap.
782 1877 881 1922 VII.
919 1878 1019 1935 11)·
1069 1877 1274 1921 Venerunt
1305 1877 1411 1921 mihi
1452 1879 1596 1922 omnia
1639 1879 1747 1922 bona
1781 1879 1947 1936 pariter
1989 1891 2084 1922 cum
2117 1876 2221 1929 men

271 1955 316 1989 et
336 1944 477 2002 (Psal.
511 1943 634 1987 CXI
666 1945 750 2001 3.):
777 1943 929 1988 Gloria
954 1950 993 1988 et
1023 1943 1197 1988 divitiae
1228 1946 1273 1987 in
1305 1944 1424 1988 domo
1451 1947 1549 2002 ejus.

360 2011 440 2054 Est
466 2011 604 2054 etiarn
635 2010 819 2054 tertium
846 2010 1048 2054 hominis
1075 2010 1366 2064 desiderium,
1394 2011 1516 2069 quod
1551 2020 1619 2055 est
1643 2011 1727 2055 sibi
1759 2021 1806 2056 et
1831 2010 1929 2055 aliis
1956 1990 2226 2056 animalibus

273 2091 536 2137 commune,
562 2087 612 2122 ut
633 2076 1010 2122 delectationibus
1037 2077 1312 2136 perfruatur;
1346 2079 1469 2136 quod
1490 2078 1705 2122 homines
1730 2078 1930 2123 maxime
1954 2073 2231 2156 prosequun·
2255 2134 2264 2140 .

271 2156 342 2189 tur
359 2145 610 2189 secundum
631 2144 773 2188 vitam
800 2143 1140 2203 voluptuosam,
1153 2154 1198 2189 et
1213 2159 1292 2204 per
1309 2146 1404 2203 ejus
1425 2145 1828 2189 immoderantiam
1843 2145 2085 2195 homines
2073 2154 2233 2189 intem·

276 2212 421 2271 perati
439 2221 482 2255 et
502 2212 838 2255 incontinentes
855 2210 981 2255 fiunt.
1000 2212 1051 2255 In
1065 2211 1142 2255 illa
1159 2225 1269 2256 vero
1295 2211 1511 2256 felicitate
1530 2221 1598 2256 est
1624 2212 1868 2257 delectatio
1889 2208 2233 2272 perfectissima,

271 2289 398 2323 tanto
416 2279 600 2337 quidem
627 2277 869 2336 perfectior
890 2292 944 2322 ea
966 2293 1082 2336 quae
1110 2278 1363 2322 secundum
1385 2292 1543 2323 sensus
1568 2289 1649 2332 est,
1677 2293 1766 2338 qua
1790 2289 1834 2324 et
1858 2275 1988 2324 bruta
2016 2275 2232 2324 animalia

273 2345 439 2422 perfrui
456 2355 658 2404 possunt,
685 2354 856 2403 quanto
882 2345 1140 2389 intellectus
1158 2355 1225 2389 est
1251 2344 1385 2389 altior
1409 2359 1582 2399 sensus,
1609 2356 1738 2390 tanto
1760 2346 1899 2390 etiam
1924 2345 2035 2394 illud
2048 2345 2233 2390 bonum

274 2413 321 2455 in
362 2426 453 2471 quo
487 2410 813 2462 delectabimur
846 2412 993 2469 majus
1026 2411 1091 2455 est
1118 2412 1246 2455 omni
1277 2412 1480 2456 sensibili
1510 2412 1650 2467 bono,
1678 2423 1721 2457 et
1752 2413 1899 2472 magis
1931 2412 2159 2468 intimum,
2191 2421 2235 2456 et

274 2479 420 2537 magis
448 2478 663 2523 continue
701 2477 946 2532 delectanS,
983 2488 1153 2537 quanto
1187 2479 1326 2523 etiam
1362 2478 1440 2522 illa
1473 2478 1715 2524 delectatio
1754 2489 1822 2524 est
1853 2481 2002 2539 magis
2034 2493 2146 2538 pura
2179 2479 2231 2523 ab

275 2545 404 2590 omni
429 2544 731 2603 permixtione
759 2546 1079 2598 contristantis,
1099 2555 1175 2589 aut
1191 2544 1508 2589 sollicitudinis
1527 2545 1717 2603 alicujus
1739 2545 2040 2601 molestantis,
2067 2547 2123 2591 de
2145 2561 2235 2606 qua

276 2612 438 2655 dicitur
465 2611 605 2669 (Psal.
634 2611 823 2655 XXXV.
851 2612 938 2671 9.):
967 2612 1295 2657 Inebriabuntur
1317 2613 1368 2657 ab
1391 2613 1576 2658 ubertate
1607 2612 1751 2658 domus
1773 2619 2145 2672 maantam-ente
2164 2627 2236 2658 vo·

276 2680 442 2738 luptatis
473 2685 565 2723 tuae
591 2680 756 2738 potabis
782 2694 858 2723 eos.

365 2747 445 2790 Est
470 2746 608 2790 etiam
641 2745 846 2790 naturale
880 2745 1152 2790 desiderium
1179 2745 1391 2790 omnibus
1424 2746 1556 2790 rebus
1585 2760 1831 2791 commune
1864 2761 1943 2806 per
1974 2746 2098 2807 quod
2130 2761 2237 2792 con·

276 2813 584 2858 servationem
615 2814 686 2857 sui
717 2813 989 2867 desiderant,
1012 2813 1265 2857 secundum
1298 2814 1420 2872 quod
1447 2813 1662 2872 possibile
1700 2823 1889 2873 est‚.per
1920 2815 2047 2873 cujus
2062 2814 2236 2859 'immo-

277 2881 529 2924 derantiam
546 2880 759 2924 homines
779 2880 928 2924 timidi
943 2880 1204 2933 redduntur,
1223 2890 1265 2924 et
1281 2881 1418 2924 nimis
1435 2894 1460 2924 a
1478 2879 1708 2925 laboribus
1724 2880 1809 2924 sibi
1829 2890 2078 2940 parcentes.
2094 2879 2236 2933 Quod

278 2948 463 3007 quidem
491 2947 765 2992 desiderium
790 2956 897 2991 tunc
932 2947 1123 2991 omnino
1147 2946 1463 3023 complebitur,
1491 2947 1672 3005 quando
1698 2947 1827 2991 beati
1843 2945 2099 3006 perfectum.
2119 2959 2234 2991 sem·

278 3015 584 3074 piternitatem
632 3024 981 3072 consequentur,
1031 3014 1084 3057 ab
1133 3014 1262 3058 omni
1303 3023 1585 3058 nocumento
1628 3016 1791 3068 securi,
1829 3013 2084 3059 secundum
2122 3012 2235 3058 illud

278 3082 387 3139 (lsa.
414 3080 578 3125 XLIX.
604 3094 669 3126 1o
697 3089 741 3124 et
766 3079 963 3140 Apocal.
989 3081 1088 3124 VII.
1122 3079 1230 3137 16..)
1259 3081 1358 3126 Non
1380 3082 1558 3125 esurient
1583 3095 1710 3139 neque
1733 3082 1884 3126 sitient
1889 3081 2093 3177 amplias,
2104 3079 2236 3140 «κείρω

280 3147 397 3193 cadet
420 3156 543 3207 super
567 3148 660 3192 illos
682 3148 758 3201 sol,
792 3163 917 3206 neque
943 3147 1049 3192 ullus
1075 3151 1224 3192 aestus.

369 3214 444 3258 Sic
478 3214 615 3272 igitur
647 3224 769 3273 patet
804 3214 926 3273 quod
949 3228 1029 3272 per
1056 3214 1280 3258 visionem
1308 3213 1507 3258 divinam
1537 3223 1879 3274 consequuntur
1908 3175 2238 3259 intellectuales
2284 3248 2288 3252 .

280 3281 556 3326 substantiae
582 3295 739 3324 veram
764 3280 1079 3334 felicitatem,
1068 3295 1115 3324 m
1134 3294 1223 3339 qua
1239 3280 1440 3325 omnino
1459 3280 1732 3325 desiderium
1758 3281 1998 3341 quietatur,
2013 3289 2074 3325 et
2081 3279 2237 3339 &qua

281 3358 349 3392 est
379 3347 511 3406 plena
543 3345 812 3392 sufficientia
839 3348 1047 3391 omnium
1073 3347 1317 3402 bonorum,
1342 3361 1459 3406 quae
1487 3348 1739 3392 secundum
1764 3346 2064 3392 Aristotelem
2097 3346 2162 3391 nd
2178 3344 2239 3391 fe·

281 3414 499 3458 licitatem
516 3414 769 3472 requiritur.
794 3413 927 3458 Unde
955 3423 998 3458 et
1015 3414 1200 3458 Boe'tius
1227 3414 1351 3468 dicit,
1378 3415 1501 3473 quod
1527 3414 1762 3459 beatitudo
1773 3423 2002 3487 eststatus
2028 3411 2238 3459 omnium

281 3481 509 3525 bonorum
542 3481 901 3539 congregatione
927 3479 1166 3539 perfectus.
1936 3499 1955 3521 ι

371 3547 516 3605 Hujus
548 3558 702 3592 autem
730 3546 916 3592 ultimae
952 3557 996 3592 et
1021 3546 1247 3606 perfectae
1278 3545 1505 3592 felicitatis
1537 3547 1584 3591 in
1621 3547 1708 3592 hac
1744 3547 1837 3601 vita
1870 3498 2002 3592 nihil
2021 3551 2091 3591 est
2122 3544 2238 3591 adeo
2314 3575 2316 3577 >

282 3611 446 3667 simile,
472 3613 589 3658 sicut
605 3613 697 3658 vita
720 3612 1129 3672 contemplantium
1151 3614 1405 3668 veritatem,
1430 3614 1681 3659 secundum
1708 3612 1830 3674 quod
1861 3622 1933 3658 est
1954 3611 2202 3674 possibile
2188 3624 2238 3656 m
2308 3607 2311 3610 ’
