2332 3854
299 185 404 241 252
928 187 1081 227 LIBER
1121 186 1178 226 11.
1220 185 1341 225 CAP.
1382 185 1609 227 Lxxxm.

297 287 442 332 homo
469 284 618 342 fieret3
645 288 767 348 quod
795 287 985 347 derogat
1009 287 1189 332 divinae
1212 288 1487 347 Sapientiae,
1503 289 1561 334 de
1582 303 1671 350 qua
1692 290 1855 335 dicitur
1875 290 2005 351 (Sap.
2030 291 2109 336 XI.
2133 292 2251 350 21.):

300 354 458 399 Omnia
483 357 528 399 in
553 370 759 409 mensura,
787 362 826 400 et
849 369 1035 408 numero,
1064 361 1102 399 et
1123 355 1301 413 pondere
1326 356 1572 415 disposuisti.

386 422 551 466 Adhuc
585 432 737 466 autern
769 432 814 466 et
843 422 934 465 hoc
966 431 1190 480 repugnat
1221 423 1502 480 apostolicae
1534 423 1766 469 doctrinae
1799 423 2062 479 manifeste;
2089 425 2252 470 dicitur

297 489 418 532 enim
453 489 610 545 (Rom.
636 489 714 532 IX.
747 502 812 532 11.
844 501 909 532 12.
938 499 981 532 et
1014 495 1101 547 13.)
1134 489 1188 532 de
1208 489 1349 546 Jacob
1387 500 1432 534 et
1461 490 1594 545 Esau,
1627 491 1763 550 quod,
1790 506 1918 550 quum
1947 491 2131 537 nondum
2161 494 2253 538 nati

299 562 434 609 essent,
463 562 535 599 aut
556 555 715 613 aliquid
737 556 833 598 boni
858 556 1025 613 egissent
1050 563 1123 600 aut
1143 557 1248 600 mali
1265 590 1274 600 .
1295 591 1305 601 .
1323 590 1334 600 .
1353 590 1363 600 .
1382 557 1538 602 dictum
1558 565 1615 602 est
1635 560 1734 616 quia
1754 561 1895 617 major
1914 560 2064 603 serviet
2083 561 2253 606 minori.

298 622 403 665 Non
429 622 578 680 igitur,
607 631 849 679 antequam
881 622 971 665 hoc
1004 623 1197 666 verbum
1229 623 1466 678 diceretur,
1499 625 1667 684 aliquid
1700 639 1860 669 eorum
1894 626 2074 671 animae
2098 640 2256 686 pecca-

295 699 468 741 verant,
495 703 635 746 quum
661 699 817 732 tamen
842 688 933 732 hoc
960 699 1064 748 post
1090 704 1251 734 eorum
1283 692 1634 750 conceptionem
1670 692 1841 736 dictum
1872 691 2021 748 fuerit,
2051 702 2257 753 utpatet

301 757 415 802 Gen.
445 756 588 799 XXV.
617 768 684 813 23.

388 824 503 867 Sunt
540 833 694 867 autem
726 836 875 882 supra,
908 838 1048 882 quum
1080 824 1136 872 de
1171 824 1459 870 distinctione
1492 840 1645 870 rerum
1678 836 1900 886 ageretur,
1931 826 2063 886 plura
2094 837 2256 872 contra

300 890 515 948 Origenis
552 889 830 947 positionem
861 890 1061 945 inducta,
1094 905 1210 950 quae
1243 892 1380 936 etiam
1412 893 1487 937 hic
1519 903 1705 952 possent
1736 894 1931 950 assumi;
1962 904 2009 939 et
2035 894 2157 949 ideo,
2189 894 2254 939 eis

296 957 639 1016 praetermissis,
667 957 723 1000 ad
751 956 839 1000 alia
864 959 1190 1002 transeundum
1219 969 1300 1004 est.

384 1024 524 1068 Item:
552 1037 740 1068 necesse
767 1033 835 1068 est
860 1024 1010 1069 dicere
1037 1026 1160 1084 quod
1195 1027 1347 1071 anima
1378 1027 1580 1072 humana
1614 1037 1691 1072 aut
1721 1028 1923 1087 indigeat
1947 1029 2151 1074 sensibus
2178 1037 2256 1073 aut
2325 1020 2332 1033 '

295 1105 401 1135 non.
430 1090 622 1135 Videtur
655 1100 806 1134 autem
838 1091 1093 1146 manifeste,
1125 1107 1205 1151 per
1236 1093 1282 1137 id
1314 1094 1437 1152 quod
1470 1094 1742 1153 experimur,
1774 1095 1897 1154 quod
1928 1095 2131 1154 indigeat
2160 1109 2257 1140 sen·

295 1158 441 1212 sibus;
469 1158 574 1217 quia
600 1158 678 1217 qui
705 1168 827 1202 caret
852 1172 986 1203 sensu
1015 1159 1168 1218 aliquo
1194 1174 1288 1204 non
1314 1160 1451 1205 habet
1477 1161 1715 1205 scientiam
1742 1161 1798 1205 de
1823 1161 2108 1206 sensibilibus
2139 1175 2255 1221 quae

297 1235 637 1284 cognoscuntur
668 1239 748 1284 per
773 1239 958 1269 sensum
984 1225 1139 1280 illum3
1166 1226 1283 1270 sicut
1310 1241 1474 1271 caecus
1501 1237 1632 1272 natus
1658 1226 1834 1271 nullam
1860 1228 2099 1273 scientiam
2118 1228 2257 1273 habet

293 1306 379 1336 nec
399 1291 568 1351 aliquid
586 1291 797 1350 intelligit
813 1292 868 1336 de
887 1292 1130 1337 coloribus.
1148 1293 1203 1338 Et
1218 1303 1466 1353 praeterea,
1483 1295 1521 1338 si
1536 1309 1630 1339 non
1649 1304 1753 1339 sunt
1767 1295 2012 1340 necessarii
2025 1294 2256 1340 humanae
2285 1310 2290 1314 ·

295 1359 476 1404 animae
503 1373 660 1404 sensus
688 1358 744 1403 ad
769 1358 1131 1418 intelligendum,
1157 1374 1253 1404 non
1278 1361 1557 1406 inveniretur
1574 1363 1620 1405 in
1637 1362 1828 1406 homine
1845 1361 2008 1421 aliquis
2025 1362 2140 1407 ordo
2161 1376 2259 1407 sen-

294 1426 452 1471 sitivae
481 1436 527 1471 et
551 1425 854 1470 intellectivae
874 1427 1175 1485 cognitionis;
1203 1429 1331 1486 cujus
1358 1428 1638 1472 contrarium
1668 1428 1949 1487 experimur3
1965 1442 2074 1472 nam
2092 1442 2147 1474 ex
2161 1442 2258 1474 sen-

295 1494 416 1538 sibus
444 1493 557 1538 fiunt
574 1494 621 1537 in
642 1493 774 1537 nobis
797 1494 1049 1538 memoriae
1068 1508 1121 1538 ex
1144 1494 1304 1553 quibus
1332 1495 1643 1554 experimenta
1665 1495 1721 1540 de
1737 1495 1870 1540 rebus
1894 1495 2158 1554 accipimus,
2178 1510 2258 1556 per

294 1575 410 1620 quae
438 1561 492 1605 ad
520 1561 1005 1620 comprehendendum
1030 1561 1305 1606 universalia
1328 1562 1620 1607 scientiarum
1649 1572 1694 1607 et
1719 1562 1885 1608 artium
1910 1562 2132 1622 principia
2155 1576 2255 1622 per-

294 1629 518 1672 venimus.
547 1628 597 1671 Si
623 1642 734 1686 ergo
763 1627 915 1672 anima
945 1628 1149 1673 humana
1182 1629 1235 1673 ad
1269 1628 1628 1688 intelligendum
1652 1629 1858 1673 sensibus
1883 1629 2072 1688 indiget,
2096 1639 2258 1674 natura

297 1706 450 1740 autem
471 1694 584 1739 nulli
607 1695 758 1739 deficit
781 1695 828 1739 in
854 1696 1122 1740 necessariis
1150 1695 1205 1739 ad
1231 1697 1463 1754 propriam
1491 1696 1808 1755 operationem
1829 1695 2115 1754 explendam,
2140 1695 2258 1741 sicut

296 1761 567 1808 animalibus
593 1763 863 1807 habentibus
891 1763 1093 1807 animam
1120 1764 1384 1807 sensitivam
1412 1773 1456 1807 et
1481 1763 1703 1807 motivam
1732 1763 1808 1806 dat
1833 1762 2153 1808 convenientia
2185 1776 2257 1806 or-

296 1845 415 1889 gana
442 1845 598 1875 sensus
626 1841 670 1875 et
696 1840 864 1884 motus,
889 1844 984 1874 non
1006 1829 1163 1874 fuisset
1185 1830 1339 1874 anima
1354 1830 1558 1874 humana
1574 1830 1670 1874 sine
1687 1829 1952 1874 necessariis
1970 1828 2257 1874 adminiculis

295 1911 512 1941 sensuum
547 1898 763 1942 instituta.
799 1897 968 1941 Sensus
996 1906 1148 1941 autem
1181 1911 1275 1941 non
1308 1907 1554 1956 operantur
1580 1897 1678 1941 sine
1710 1896 1894 1954 organis
1931 1895 2178 1954 corporeis,
2209 1905 2259 1940 ut

296 1978 350 2008 ex
377 1965 506 2009 dictis
535 1965 594 2022 (c.
627 1978 694 2022 57.
722 1973 765 2008 et
791 1964 882 2022 78.)
911 1974 1046 2023 patet.
1073 1964 1181 2008 Non
1213 1964 1350 2022 igitur
1375 1963 1460 2007 fuit
1485 1963 1687 2008 instituta
1720 1963 1873 2007 anima
1904 1963 2000 2008 sine
2027 1962 2258 2022 corporeis

296 2033 491 2090 organis.
521 2032 569 2075 Si
596 2041 748 2075 autem
776 2032 930 2075 anima
955 2032 1158 2075 humana
1184 2045 1279 2075 non
1305 2030 1479 2089 indiget
1505 2031 1709 2074 sensibus
1743 2030 1799 2074 ad
1829 2029 2178 2089 intelligendum
2213 2039 2258 2074 et

294 2109 479 2158 propter
508 2099 600 2143 hoc
634 2099 796 2143 dicitur
828 2099 995 2157 absque
1030 2112 1222 2157 corpore
1253 2097 1390 2141 fuisse
1433 2107 1598 2151 creata,
1631 2106 1812 2155 oportet
1842 2096 1933 2140 dici
1963 2096 2102 2156 quod,
2134 2105 2259 2142 ante-

295 2181 434 2225 quam
461 2166 644 2226 corpori
670 2167 884 2220 uniretur,
926 2166 1135 2210 omnium
1172 2165 1466 2210 scientiarum
1503 2166 1714 2209 veritates
1746 2163 2028 2223 intelligebat
2057 2177 2140 2223 per
2173 2163 2259 2209 sei-

295 2247 452 2292 psam,
479 2233 602 2292 quod
628 2232 855 2277 Platonici
881 2242 1220 2285 concesserunt,
1255 2233 1455 2276 dicentes
1477 2231 1617 2285 ideas,
1637 2245 1753 2290 quae
1777 2241 1881 2276 sunt
1901 2229 2079 2275 formae
2103 2244 2257 2275 rerum

296 2299 601 2358 intelligibiles
644 2310 894 2358 separatae,
930 2299 1182 2344 secundum
1216 2298 1420 2343 Platonis
1457 2298 1731 2343 sententiam
1769 2298 1837 2355 (in
1872 2296 2036 2355 Tim),
2072 2311 2257 2342 causam

296 2367 512 2412 scientiae
544 2380 667 2421 esse;
693 2368 813 2412 unde
843 2367 995 2410 anima
1027 2376 1247 2424 separata,
1280 2380 1421 2424 quum
1454 2365 1632 2410 nullum
1658 2364 2038 2423 impedimentum
2067 2363 2258 2418 adesset,

295 2432 496 2492 plenarie
524 2434 733 2478 omnium
760 2434 1051 2478 scientiarum
1079 2433 1394 2492 cognitionem
1427 2431 1692 2491 accipiebat.
1721 2431 1920 2490 Oportet
1944 2431 2081 2490 igitur
2107 2431 2257 2476 dicere

296 2500 433 2559 quod,
460 2501 570 2544 dum
597 2501 778 2560 corpori
805 2500 970 2554 unitur,
989 2515 1129 2559 quum
1147 2500 1402 2544 inveniatur
1417 2499 1649 2558 ignorans,
1671 2497 1952 2543 oblivionem
1968 2497 2259 2557 praehabitae

296 2567 512 2612 scientiae
538 2568 758 2627 patiatur3
784 2567 907 2626 quod
940 2567 1079 2612 etiam
1100 2566 1329 2612 Platonici
1361 2565 1649 2619 confitentur,
1674 2565 1809 2623 hujus
1841 2565 1907 2609 rei
1936 2565 2123 2624 signum
2154 2578 2254 2611 esse

296 2634 496 2679 dicentes
523 2635 646 2694 quod
667 2634 868 2694 quilibet,
893 2645 1314 2694 quantumcumque
1336 2634 1530 2692 ignoret,
1553 2632 1760 2676 ordinate
1785 2632 2089 2691 interrogatus
2110 2631 2166 2676 de
2185 2631 2258 2676 his

295 2716 411 2761 quae
433 2702 479 2746 in
501 2702 701 2746 scientiis
718 2702 969 2756 traduntur,
987 2701 1227 2746 veritatem
1245 2699 1514 2760 respondet;
1531 2700 1648 2744 sicut
1664 2713 1805 2758 quum
1822 2698 1983 2758 aliquis
2004 2699 2098 2757 jam
2115 2697 2258 2743 oblito

297 2768 555 2827 aliquorum
577 2782 694 2828 quae
716 2769 838 2828 prius
863 2769 1007 2823 scivit,
1027 2768 1229 2813 seriatim
1254 2767 1469 2827 proponit
1491 2781 1544 2811 ea
1566 2780 1683 2826 quae
1699 2766 1822 2824 prius
1842 2764 1989 2810 fuerat
2009 2764 2191 2820 oblitus,
2209 2765 2259 2810 in

297 2849 459 2880 eorum
485 2836 761 2880 memoriam
785 2836 934 2895 ipsum
961 2836 1156 2890 reducit;
1190 2849 1243 2880 ex
1276 2848 1367 2894 quo
1401 2834 1540 2879 etiam
1572 2833 1843 2891 sequebatur
1875 2833 1998 2891 quod
2025 2831 2258 2879 addiscere

295 2917 389 2946 non
416 2913 534 2947 esset
560 2902 681 2947 aliud
708 2917 846 2962 quam
878 2903 1123 2947 reminisci.
1160 2902 1236 2943 Sic
1267 2902 1404 2958 igitur
1436 2913 1489 2943 ex
1521 2899 1610 2943 hac
1642 2899 1869 2957 positione
1899 2898 1961 2943 de
1987 2898 2258 2944 necessitate

297 2969 584 3014 concluditur
606 2970 759 3022 (Plato
785 2970 831 3008 in
859 2966 1080 3022 Menone)
1109 2966 1231 3024 quod
1258 2966 1368 3010 unio
1395 2965 1600 3024 corporis
1633 2975 1677 3009 et
1708 2965 1888 3010 animae
1913 2973 2109 3025 praestet
2131 2964 2259 3010 intel-

295 3034 510 3092 ligentiae
534 3035 714 3078 animae
740 3033 1134 3092 impedimentum.
1156 3033 1286 3078 Nulli
1303 3043 1455 3078 autem
1481 3033 1547 3078 rei
1577 3042 1736 3077 natura
1763 3031 1968 3091 adjungit
1988 3030 2156 3091 aliquid
2178 3046 2259 3091 per

297 3100 420 3158 quod
446 3114 527 3145 sua
554 3100 759 3159 operatio
786 3099 1073 3158 impediatur,
1102 3100 1181 3145 sed
1204 3100 1351 3159 magis
1370 3114 1424 3144 ea
1445 3114 1525 3159 per
1542 3114 1658 3159 quae
1678 3098 1756 3143 fiat
1772 3098 2131 3151 convenientior.
2149 3097 2256 3144 Non

295 3167 432 3225 igitur
458 3167 541 3211 erit
567 3166 676 3211 unio
703 3167 908 3226 corporis
935 3177 979 3212 et
1002 3167 1183 3212 animae
1211 3166 1443 3220 naturalis,
1469 3176 1513 3211 et
1539 3167 1602 3211 sic
1635 3166 1782 3211 homo
1807 3179 1903 3210 non
1925 3165 2011 3210 erit
2034 3178 2108 3211 res
2132 3175 2258 3218 natu·

293 3234 414 3290 ralis,
445 3248 530 3278 nec
558 3235 655 3293 ejus
682 3234 917 3293 generatio
943 3234 1181 3288 naturalis3
1208 3248 1324 3293 quae
1351 3243 1506 3292 patent
1532 3247 1630 3278 esse
1655 3232 1784 3278 falsa.

383 3301 648 3346 Praeterea:
675 3301 861 3346 ultimus
888 3300 990 3345 finis
1011 3301 1076 3345 rei
1103 3300 1343 3360 cujuslibet
1368 3310 1435 3345 est
1460 3300 1504 3343 id
1524 3300 1579 3344 ad
1603 3300 1725 3359 quod
1747 3313 1819 3344 res
1839 3298 2076 3359 pervenire
2096 3297 2256 3344 nititur

296 3382 375 3426 per
392 3381 495 3412 suas
522 3368 823 3427 operationes.
844 3368 935 3412 Sed
963 3382 1042 3426 per
1067 3381 1229 3413 omnes
1249 3367 1453 3426 proprias
1480 3367 1710 3412 ordinatas
1737 3366 2026 3425 operationes
2049 3374 2094 3411 et
2108 3374 2254 3411 rectas

296 3434 440 3478 homo
467 3435 701 3494 pervenire
727 3435 882 3479 nititur
914 3435 958 3479 in
985 3435 1183 3480 veritatis
1218 3433 1677 3492 contemplationem;
1710 3445 1818 3478 nam
1851 3432 2140 3493 operationes
2170 3433 2255 3477 vir-

295 3510 444 3545 tutum
472 3501 723 3547 activarum
755 3511 860 3546 sunt
891 3502 1116 3561 quaedam
1148 3501 1516 3561 praeparationes
1549 3510 1594 3545 et
1625 3499 1946 3560 dispositiones
1978 3498 2035 3544 ad
2065 3499 2253 3546 virtutes

297 3567 692 3628 contemplativas.
719 3567 841 3614 Finis
866 3568 1003 3628 igitur
1025 3567 1227 3614 hominis
1254 3577 1322 3615 est
1345 3567 1579 3626 pervenire
1607 3566 1663 3611 ad
1689 3565 1888 3612 veritatis
1909 3564 2255 3626 contemplatio-
2326 3590 2328 3593 ·
