2332 3854
0 3405 6 3478 «Μ,
0 3110 13 3384 -ηε«,-,..-..-«-,,.Ὗ.
0 3061 3 3088 ἡ,
0 3037 2 3039 ,

0 3772 18 3854 ..ψῃ-λ
0 3744 9 3764 1.
0 3730 2 3734 ὴ
13 3711 15 3718 λ

310 201 409 271 138
996 216 1151 255 LmER
1188 216 1243 254 11.
1287 216 1407 255 CAP.
1448 216 1562 255 xm.

301 327 370 362 est
394 318 439 361 in
468 327 571 362 actu
597 317 778 372 caloris,
803 318 950 377 magis
977 318 1199 363 calefacit.
1233 317 1578 378 Cuiuscumque
1608 319 1746 378 igitur
1771 329 1898 365 actus
1935 320 2261 368 determinatur

300 385 357 428 ad
384 399 541 443 genus,
568 394 612 429 et
638 386 693 429 ad
720 388 936 445 speciem,
964 395 1008 430 et
1041 386 1251 429 accidens
1287 387 1383 443 ejus
1409 386 1623 431 virtutem
1650 397 1832 446 oportet
1863 402 1962 432 esse
1995 387 2262 435 determina-2·

298 461 393 494 tam
429 452 484 495 ad
518 451 704 496 effectus
741 452 912 496 similes
955 453 1123 509 agenti,
1155 453 1202 495 in
1229 460 1450 512 quantum
1475 453 1753 511 hujusmodi,
1780 468 1835 498 ex
1877 467 1933 498 eo
1961 454 2085 513 quod
2120 463 2259 501 omne

300 533 441 576 agens
469 519 562 577 agit
598 520 683 563 sibi
717 519 878 563 simile.
916 519 1043 563 Nihil
1076 529 1229 563 autem
1260 519 1384 578 quod
1418 520 1555 564 habet
1591 534 1689 564 esse
1728 521 2077 566 determinatum
2109 514 2261 581 potest*

298 599 397 629 esse
423 585 570 629 simile
598 585 779 629 effectui
806 586 1008 643 ejusdem
1032 587 1224 644 generis,
1250 586 1323 630 vel
1346 587 1528 645 speciei,
1550 587 1638 631 nisi
1664 588 1916 631 secundum
1938 587 2260 646 rationenge-

297 653 418 696 neris
444 652 517 695 vel
543 653 735 710 speciei;
769 667 877 695 nam
913 653 1166 697 secundum
1197 653 1321 712 quod
1357 663 1426 698 est
1460 654 1551 698 hoc
1589 653 1775 712 aliquid,
1801 654 2161 714 unumquodque
2185 663 2262 700 est

300 718 354 762 ab
382 719 473 763 alio
500 719 790 762 distinctum:
822 719 938 762 nihil
965 720 1102 777 igitur
1123 721 1250 779 cujus
1277 734 1376 765 esse
1391 719 1569 764 finitum
1598 731 1678 774 est,
1701 730 1851 779 potest
1871 735 1952 779 per
1970 721 2262 771 summum

297 800 405 829 nem
431 800 529 829 esse
563 799 699 829 causa
725 785 872 830 finalis
899 786 1097 842 alterius,
1121 788 1208 831 nisi
1235 797 1457 846 quantum
1484 788 1540 831 ad
1566 787 1657 832 hoc
1681 787 1804 846 quod
1836 788 1974 833 habet
1997 798 2165 846 genus,
2184 787 2261 832 vel

298 853 514 911 speciem,
556 867 650 896 non
689 863 841 896 autern
874 863 1096 912 quantum
1139 853 1194 898 ad
1235 854 1325 898 hoc
1364 854 1488 913 quod
1520 855 1721 899 subsistit
1754 855 1808 898 ab
1851 854 1950 899 aliis
1982 854 2260 900 distinctum.

300 920 455 964 Omne
482 919 619 977 igitur
646 933 785 977 agens
811 919 990 964 finitum
1015 921 1342 980 praesupponit
1368 921 1423 964 ad
1457 935 1588 965 suam
1617 921 1853 966 actionem
1878 921 1987 976 hoc,
2011 921 2135 968 unde
2159 935 2261 967 cau·

297 996 447 1030 satum
464 1001 599 1029 suum
615 985 951 1031 individualiter
966 988 1190 1043 subsistit3
1216 1001 1312 1032 non
1334 1002 1445 1046 ergo
1464 997 1600 1042 creat,
1619 988 1698 1032 sed
1715 987 1869 1033 solum
1884 988 1976 1033 hoc
1995 998 2064 1033 est
2083 987 2260 1047 agentis

298 1055 424 1111 cujus
452 1067 550 1097 esse
568 1063 636 1097 est
656 1053 898 1107 infinitum,
922 1054 1045 1113 quod
1068 1065 1135 1099 est
1159 1055 1310 1100 omnis
1337 1055 1452 1099 entis
1475 1055 1872 1114 comprehendens
1896 1055 2259 1108 similitudinem,

298 1130 346 1163 ut
371 1135 505 1179 supra
533 1130 768 1164 ostensum
795 1131 874 1166 est.

386 1187 574 1231 Adhuc:
604 1202 708 1231 curn
736 1202 875 1232 omne
901 1189 1026 1246 quod
1052 1188 1115 1244 fit,
1142 1189 1199 1233 ad
1235 1189 1326 1233 hoc
1362 1188 1441 1233 fiat
1471 1199 1522 1233 ut
1552 1189 1622 1243 sit,
1650 1198 1845 1248 oportet,
1882 1189 1919 1234 si
1956 1188 2126 1248 aliquid
2162 1187 2262 1232 fieri

294 1255 482 1308 dicatur,
509 1255 631 1313 quod
657 1256 779 1313 prius
810 1255 958 1310 fuerit,
993 1256 1115 1315 quod
1141 1256 1231 1300 hoc
1264 1270 1358 1300 non
1391 1256 1470 1300 fiat
1500 1271 1581 1315 per
1607 1270 1670 1310 se,
1705 1256 1785 1300 sed
1810 1270 1891 1315 per
1917 1256 2154 1301 accidens:
2180 1256 2283 1314 per'

294 1336 342 1365 se
363 1336 472 1366 vero
505 1321 616 1366 illud
644 1323 767 1381 quod
799 1325 922 1382 prius
947 1337 1043 1367 non
1068 1323 1215 1378 fuerit,
1243 1333 1291 1368 ut
1311 1324 1350 1367 si
1376 1338 1431 1368 ex
1458 1323 1561 1367 albo
1589 1323 1667 1367 fiat
1696 1325 1895 1382 nigrum,
1918 1323 1970 1368 fit
1992 1323 2178 1382 quidem
2189 1322 2260 1368 ,ni-

295 1403 427 1447 grum
465 1399 507 1433 et
540 1389 813 1444 coloratum,
844 1391 923 1434 sed
956 1391 1141 1449 nigrum
1178 1405 1258 1449 per
1293 1404 1356 1444 se,
1383 1391 1488 1450 quia
1513 1390 1564 1434 fit
1601 1405 1654 1435 ex
1684 1404 1780 1434 non
1814 1390 1977 1449 nigro:
2001 1389 2261 1435 coloratum

294 1465 447 1500 autem
473 1470 552 1515 per
578 1457 816 1502 accidens:
843 1471 951 1501 nam
984 1458 1106 1516 prius
1133 1458 1391 1502 coloratum
1429 1468 1536 1502 erat.
1576 1458 1651 1502 Sic
1693 1458 1832 1516 igitur
1862 1471 1970 1502 cum
1994 1456 2045 1501 fit
2075 1456 2261 1516 aliquod

295 1537 388 1577 ens,
415 1534 464 1568 ut
498 1524 644 1568 homo
682 1523 755 1568 vel
780 1524 923 1584 lapis;
950 1525 1096 1569 homo
1123 1526 1310 1584 quidem
1332 1539 1412 1584 per
1437 1540 1487 1569 se
1509 1524 1572 1578 fit,
1605 1524 1710 1583 quia
1743 1539 1797 1568 ex
1831 1538 1929 1569 non
1944 1524 2164 1578 homine-,³
2178 1537 2260 1568 ens

295 1600 448 1634 autem
489 1605 570 1649 per
605 1591 830 1646 accidens,
873 1592 979 1650 quia
1016 1606 1111 1636 non
1148 1606 1202 1636 ex
1235 1605 1339 1636 non.
1369 1602 1470 1636 ente
1507 1591 1788 1651 simpliciter,
1825 1591 1904 1636 sed
1940 1598 1996 1637 ex
2022 1596 2261 1636 non-'ente

292 1659 399 1713 hoc,
432 1667 480 1703 ut
511 1658 822 1718 Philosophus
855 1660 962 1703 dicit
991 1659 1039 1703 in
1071 1660 1218 1718 primo
1252 1660 1389 1718 Phys.
1417 1660 1468 1718 (t.
1502 1668 1542 1703 c.'
1574 1658 1682 1718 762).
1711 1659 1834 1703 Cum
1866 1657 2261 1718 ergoaliqnidfit

295 1726 488 1770 omnino
521 1740 575 1770 ex
609 1740 704 1770 non
738 1736 856 1781 ente,
893 1741 972 1771 ens
1004 1742 1084 1785 per
1120 1741 1169 1771 se
1210 1726 1311 1770 fiet:
1349 1736 1530 1786 oportet
1560 1727 1697 1785 igitur
1727 1726 1851 1786 quod
1893 1727 1949 1770 ab
1980 1739 2039 1781 eo
2062 1725 2154 1784 kqni
2190 1734 2260 1770 est

295 1807 374 1852 per
399 1808 447 1837 se
485 1807 622 1837 causa
658 1794 860 1837 essendi:
893 1808 1002 1837 nam
1035 1792 1223 1838 effectus
1259 1793 1662 1853 proportionaliter
1698 1793 1975 1838 reducuntur
2005 1793 2053 1837 in
2085 1805 2259 1851 causas.

295 1861 398 1904 Hoc
432 1870 584 1904 autem
612 1871 678 1904 est
703 1861 903 1918 primum
930 1875 1009 1905 ens
1032 1860 1199 1914 solum,
1226 1861 1349 1920 quod
1375 1871 1443 1905 est
1469 1875 1606 1905 causa
1633 1860 1764 1914 entis,
1790 1861 1839 1904 in
1862 1859 2259 1920 quantumhuju&

294 1927 445 1970 modi:
473 1926 561 1971 alia
586 1942 696 1971 vero
734 1938 839 1971 sunt
871 1941 1008 1971 causa
1045 1928 1222 1971 essendi
1255 1942 1334 1987 per
1361 1928 1587 1982 accidens,
1614 1937 1659 1972 et
1683 1942 1778 1971 non
1805 1941 1904 1971 esse
1929 1941 2010 1986 per
2035 1940 2098 1971 se.
2132 1925 2255 1971 Cum

293 1994 429 2052 igitur
455 1994 707 2053 producere
734 2009 813 2039 ens
838 2008 933 2038 non
966 2008 1021 2038 ex
1048 2004 1150 2038 ente
1182 1995 1535 2054 praeexsistente
1563 1995 1620 2039 sit
1645 2007 1813 2048 creare,
1838 2003 2021 2054 oportet
2042 1992 2165 2053 quod
2186 2006 2259 2038 so-

293 2061 379 2105 lius
406 2061 493 2105 Dei
519 2061 576 2105 sit
602 2076 770 2106 creare.

383 2129 503 2172 Huic
531 2138 684 2173 autem
709 2129 888 2173 veritati
915 2143 1071 2173 sacrae
1105 2129 1364 2187 Scripturae
1397 2129 1643 2174 auctoritas
1675 2137 1923 2182 attestatur,
1948 2140 2067 2187 quae
2101 2127 2256 2172 Deum

298 2196 454 2239 omnia
477 2209 653 2240 creasse
672 2195 868 2240 affirmat
890 2196 1030 2254 (Gen.
1055 2197 1087 2240 1.
1120 2195 1200 2253 1.):
1220 2197 1271 2240 In
1282 2198 1494 2255 principio
1518 2197 1679 2241 creavit
1698 2196 1815 2240 Deus
1838 2194 1996 2240 coelum
2021 2200 2060 2240 et
2083 2200 2260 2240 emamt

292 2264 609 2308 Damascenus
628 2265 767 2308 etiam
787 2265 835 2308 in
851 2264 1053 2308 secundo
1072 2264 1141 2307 sui
1166 2263 1268 2307 libri
1285 2264 1356 2307 De
1375 2264 1492 2308 orth.
1520 2263 1607 2307 fide
1625 2263 1756 2307 dicit':
1785 2261 2121 2321 «Quicumque
2145 2272 2257 2307 vero

293 2331 420 2389 ajunt
445 2330 634 2389 angelos
669 2341 899 2375 creatores
934 2345 1032 2375 esse
1061 2332 1387 2389 cujuscumque
1417 2331 1707 2384 substantiae,
1732 2329 1783 2373 hi
1809 2343 1970 2374 omnes
1989 2338 2097 2375 sunt
2120 2328 2260 2389 patris

293 2399 361 2442 sui
387 2397 559 2442 diaboli
580 2397 683 2442 filii:
713 2408 946 2443 creaturae
974 2398 1098 2442 enim
1125 2398 1389 2442 exsistentes
1414 2412 1509 2441 non
1533 2407 1637 2442 sunt
1659 2407 1886 2442 creatores
1913 2412 1953 2441 ι).

381 2465 469 2509 Per
494 2466 584 2510 hoc
613 2475 765 2509 autem
783 2466 1024 2510 destruitur
1047 2465 1353 2524 quorumdam
1379 2463 1763 2523 philosophorum
1791 2478 1930 2517 error,
1948 2463 2026 2524 qui
2044 2462 2258 2509 dixer-unt

294 2534 446 2576 Deum
474 2547 651 2577 creasse
685 2533 881 2591 primam
915 2532 1214 2576 substantiam
1252 2542 1525 2591 separatam,
1549 2542 1592 2576 et
1619 2532 1673 2575 ab
1701 2546 1755 2576 ea
1790 2531 1928 2576 fuisse
1966 2539 2167 2577 creatam
2194 2543 2260 2575 se-

294 2600 508 2654 cundam,
536 2610 581 2644 et
605 2600 669 2644 sic
697 2601 898 2660 quodam
926 2600 1083 2644 ordIne
1110 2613 1252 2658 usque
1281 2599 1336 2642 ad
1363 2598 1587 2642 ultimam.

1034 2776 1287 2833 CAPUT
1329 2776 1512 2831 XXII.

865 2913 1026 2959 QUOD
1069 2913 1210 2951 DEus
1254 2913 1431 2952 OMNIA
1472 2896 1679 2950 possrr.

485 3017 540 3074 (I.
558 3023 674 3077 part.
701 3023 853 3075 quaest.
876 3017 1010 3062 XXV.
1039 3023 1120 3062 art.
1142 3033 1178 3077 3.
1207 3024 1244 3062 et
1268 3018 1313 3061 in
1340 3017 1373 3062 I.
1404 3017 1511 3061 Sent.
1539 3017 1630 3061 dist.
1663 3030 1733 3061 20.
1767 3021 1848 3060 art.
1875 2998 1910 3062 ι’.
1937 3020 1975 3060 et
1999 3016 2077 3075 2.).

382 3129 448 3172 Ex
481 3128 572 3172 hoc
601 3139 755 3172 autem
783 3139 967 3186 apparet
993 3129 1115 3187 quod
1142 3129 1294 3172 divina
1329 3129 1468 3172 virtus
1495 3142 1589 3172 non
1616 3129 1943 3173 determinatur
1965 3127 2022 3179 ad
2050 3126 2278 3186 aliquem*
2325 3168 2328 3172 .

293 3210 435 3240 unum
463 3195 692 3241 effectum.
720 3195 768 3239 Si
795 3196 917 3239 enim
944 3195 1085 3239 solius
1111 3196 1200 3239 Dei
1223 3209 1375 3239 creare
1410 3205 1490 3250 est,
1524 3196 1577 3238 ab
1606 3197 1704 3254 ipso
1730 3194 1996 3242 immediate
2034 3194 2259 3254 producta

294 3277 392 3307 esse
420 3273 600 3322 oportet
626 3277 942 3322 quaecumque
966 3278 991 3306 a
1018 3276 1096 3307 sua
1126 3277 1262 3306 causa
1286 3262 1476 3320 produci
1502 3277 1595 3306 non
1618 3271 1822 3321 possunt,
1848 3261 1936 3307 nisi
1957 3275 2038 3320 per
2063 3259 2258 3315 modum

295 3331 558 3375 creationis:
581 3330 846 3388 hujusmodi
865 3339 1017 3374 autem
1035 3339 1137 3374 sunt
1156 3343 1318 3374 omnes
1339 3329 1615 3374 substantiae
1632 3339 1881 3389 separatae,
1903 3342 2021 3388 quae
2036 3341 2135 3379 nou
2146 3336 2256 3380 ,sunt

295 3398 579 3455 compositae
611 3413 665 3442 ex
697 3398 887 3442 materia
920 3406 964 3441 et
994 3395 1158 3450 forma,
1192 3410 1303 3455 quas
1350 3410 1446 3441 esse
1487 3411 1609 3440 nunc
1642 3405 2020 3456 supponaturyet
2050 3393 2262 3446 similiter.

295 3465 444 3508 omnis
473 3466 662 3509 materia
689 3464 952 3524 corporalis.
982 3464 1108 3508 Haec
1131 3464 1267 3523 igitur
1292 3464 1468 3508 diversa
1495 3463 1769 3518 exsistentia,
1794 3462 2053 3523 praedictae
2078 3460 2257 3515 viminis

295 3531 559 3575 immediate
597 3531 783 3576 effectus
823 3542 940 3577 sunt.
976 3531 1115 3576 Nulla
1153 3541 1304 3576 autem
1340 3530 1481 3575 virtus
1519 3531 1779 3590 producens
1810 3528 2078 3582 immediate
2105 3527 2256 3587 plures

295 3597 483 3643 effectus
508 3613 602 3643 non
630 3613 682 3644 ex
710 3600 916 3654 materia,
944 3610 1010 3644 est
1033 3599 1332 3644 determinata
1351 3598 1407 3643 ad
1433 3612 1575 3642 unum
1604 3597 1840 3643 effectum:
1864 3596 1971 3650 dico
1994 3606 2151 3643 nutem
2175 3595 2258 3647 im·

2318 3617 2332 3755 l

2310 3754 2332 3854 ἐ
