2332 3854
835 252 989 297 Lmen
1029 253 1100 296 tv.
1142 252 1264 296 car.
1306 254 1378 293 xr.
1977 240 2082 308 569

1744 324 1757 340 .

129 362 284 409 soium
299 362 405 422 quia
422 359 717 419 intelligibilis
740 362 982 420 conceptio
1005 369 1049 405 et
1066 367 1225 419 partus-
1239 367 1319 413 est,
1342 357 1421 403 sed
1447 356 1553 417 quia
1570 356 1615 401 in
1634 356 1899 401 aeternitate
1916 357 2087 402 exsistit

131 428 471 489 utrumque,'in-
492 439 587 486 qua·
605 427 728 487 prius
754 436 807 471 et⁴
823 427 1048 486 posterius
1076 439 1174 471 esse
1206 440 1298 471 non
1325 432 1529 485 possunt.
1556 422 1674 468 Hinc
1707 433 1777 468 est
1805 423 1943 483 quod,
1969 433 2088 482 post-—

131 509 269 558 quam
296 511 352 541 ex
378 509 457 539 ore
484 494 744 553 Sapientiae
770 494 942 538 dictum
970 504 1060 538 est:
1088 495 1199 539 Ante
1225 494 1342 538 colles
1361 493 1652 553 parturiebar,
1675 503 1733 535 ne
1759 490 2088 549 intelligeretur

130 563 268 624 quod,
296 563 404 607 dum
431 563 737 620 parturiretur,
763 575 857 605 non
885 570 1016 614 esset,
1041 561 1265 605 subditur:
1296 559 1478 616 Quando
1500 559 1787 619 praeparabat
1819 558 1961 610 coelos,
1990 558 2085 601 ade-

130 642 250 682 mm:
280 639 328 673 ut
350 630 429 683 sic,
451 642 590 688 quum
608 628 654 671 in
674 628 971 687 generatione
987 627 1156 671 carnali
1180 626 1447 670 animalium
1465 626 1587 685 prius
1606 625 1779 684 aliquid
1790 624 2088 682 concipiatur,

131 696 295 742 deinde
321 697 605 755 parturiatur,
632 705 677 739 et
702 695 863 739 deinde
891 695 1134 738 conveniat
1160 693 1241 737 sibi
1267 694 1423 737 adesse
1440 693 1703 752 parturienti
1730 691 1858 751 quasi
1883 691 1967 735 sibi
1985 703 2091 735 con-

130 764 355 809 sociatum
382 776 466 808 nec
494 763 548 807 ab
568 776 624 807 eo
651 762 927 816 distinctum,
952 761 1068 805 haec
1097 760 1253 804 omnia
1279 760 1494 806 indivina
1520 759 1816 818 generatione
1835 757 1973 803 simul
1990 771 2088 803 esse

130 829 465 888 intelligantur3
491 843 599 872 nam
616 828 818 872 Verbum
843 828 933 872 Dei
959 827 1096 872 simul
1113 827 1381 886 concipitur,
1408 827 1651 886 parturitur
1677 835 1721 871 et
1749 826 1887 870 adest.
1910 825 1969 869 Et
1982 824 2089 884 quia

130 897 254 958 quod
279 896 524 955 parturitur
540 909 593 939 ex
620 906 749 939 utero
775 895 994 953 procedit,
1022 895 1138 938 sicut
1155 894 1389 952 generatio
1406 894 1545 937 Verbi
1566 893 1668 947 Dei,
1695 893 1750 937 ad
1767 891 2087 937 insinuandam

130 962 378 1024 perfectam
404 962 744 1006 distinctionem
763 963 859 1020 ejus
886 975 909 1004 a
924 970 1186 1019 generante,
1205 961 1368 1004 dicitur
1384 970 1548 1019 partus,
1575 959 1713 1004 simili
1734 959 1908 1004 ratione
1925 959 2097 1002 dicitur

63 1039 68 1046 '
130 1030 364 1089 generatio
391 1042 445 1072 ex
470 1040 616 1082 utero,
648 1028 899 1073 secundum
918 1027 1026 1071 illud
1054 1027 1245 1086 (Psalm.
1275 1027 1393 1071 CIX.
1421 1027 1503 1084 3.):
1523 1028 1590 1072 Ex
1607 1034 1722 1072 utero
1739 1032 1835 1071 ant'e
1865 1026 2099 1085 lucifermn·

125 1096 250 1155 genui
275 1102 323 1141 to.
349 1094 473 1147 Quia
508 1104 662 1139 tamen
690 1108 783 1138 non
811 1104 878 1139 est
905 1094 1008 1138 talis
1043 1094 1273 1138 distinctio
1299 1094 1425 1138 verbi
1461 1107 1486 1137 a
1513 1094 1699 1137 dicente*
1723 1106 1840 1152 quae
1871 1092 2088 1152 impediat

127 1162 317 1220 verbum
347 1176 446 1207 esse
472 1162 518 1205 in
544 1162 737 1216 dicente,
765 1171 814 1205 ut
840 1176 894 1205 ex
921 1162 1052 1205 dictis
1078 1171 1216 1220 patet,
1248 1161 1363 1205 sicut
1391 1161 1446 1204 ad
1483 1161 1803 1205 insinuandam
1840 1159 2089 1204 distinctio·

128 1229 374 1275 nern‘verbi
390 1229 551 1274 dicitur
569 1229 776 1289 parturiri
792 1228 866 1273 vel
883 1243 937 1273 ex
954 1238 1083 1272 utero
1107 1228 1311 1287 genitum
1330 1242 1445 1282 esse,
1462 1228 1523 1272 ita
1542 1228 1597 1271 ad
1614 1227 1946 1272 ostendendum
1964 1226 2097 1286 quod-

127 1295 231 1341 talis
257 1296 487 1341 distinctio
510 1309 605 1340 non
632 1295 830 1340 excludit
851 1296 1042 1340 verbum
1068 1308 1166 1340 esse
1193 1295 1239 1338 in
1266 1295 1460 1349 dicente,
1492 1295 1664 1339 dicitur.
1680 1294 1863 1352 (Joann.
1880 1293 1938 1351 I'.)
1963 1293 2087 1353 quod

128 1369 184 1408 est
207 1365 253 1408 in
276 1364 370 1408 sinu
396 1364 548 1407 Patris.

172 1483 182 1491 ι
219 1430 561 1474 Attendendum
603 1441 756 1474 autem
783 1429 904 1488 quod
942 1429 1177 1488 generatio
1215 1429 1410 1473 carnalis
1444 1428 1710 1473 animalium
1742 1427 1970 1488 perficitur
2010 1441 2089 1487 per

129 1497 340 1542 virtutem
370 1497 568 1541 activam
594 1506 637 1540 et
663 1497 914 1555 passivam;
942 1506 991 1541 et
1020 1497 1073 1540 ab
1109 1497 1256 1540 activa
1289 1496 1474 1555 quidem
1506 1496 1671 1547 virtute
1704 1495 1865 1540 dicitur
1890 1504 2031 1555 pater,
2063 1508 2088 1538 a

128 1565 308 1624 passiva
334 1577 443 1608 vero
469 1563 632 1607 dicitur
654 1572 822 1617 mater3
850 1563 969 1607 unde
996 1577 1157 1607 eorum
1184 1577 1299 1622 quae
1327 1564 1381 1607 ad
1409 1563 1751 1621 generationem
1777 1562 1916 1622 prolis
1941 1562 2089 1621 requi-

129 1641 300 1685 runtur,
326 1631 551 1690 quaedam
579 1630 860 1675 conveniunt-
877 1630 994 1688 patri
1020 1640 1065 1675 et
1090 1630 1316 1689 quaedam
1340 1630 1617 1674 conveniunt
1642 1631 1800 1684 matri3
1825 1630 1932 1674 dare
1964 1629 2087 1674 enim

127 1707 338 1742 naturam
364 1707 409 1742 et
433 1698 634 1755 speciem
659 1697 776 1755 proli
793 1697 1011 1756 competit
1037 1698 1180 1756 patri;
1204 1699 1447 1755 concipere
1475 1707 1628 1741 autem
1657 1707 1701 1741 et
1726 1697 1947 1756 parturire
1963 1710 2087 1740 com-

132 1765 244 1824 petit
267 1764 416 1819 matri,
437 1775 671 1824 tamquam
696 1764 884 1823 patienti
906 1773 951 1808 et
975 1765 1224 1823 recipienti.
1255 1764 1412 1816 Quum
1432 1774 1587 1809 autem
1604 1764 1839 1823 processio
1855 1764 1996 1808 Verbi
2024 1778 2089 1808 se·

134 1832 333 1877 cundum
358 1831 449 1876 hoc
473 1832 593 1876 dicta
619 1831 677 1876 sit
698 1845 797 1876 esse
824 1831 947 1890 quod
973 1831 1108 1875 Deus
1126 1832 1325 1891 seipsum
1352 1831 1585 1890 intelligit3
1611 1831 1770 1890 ipsum·
1796 1840 1949 1875 autem
1981 1831 2090 1874 divi—

132 1907 244 1943 num
265 1898 520 1958 intelligere
545 1912 639 1942 non
662 1908 728 1943 est
755 1913 834 1958 per
859 1898 1058 1957 aliquam
1086 1899 1299 1942 virtutem
1327 1899 1570 1957 passivam,
1597 1898 1675 1942 sed
1713 1898 1842 1957 quasi
1875 1898 2087 1951 activam,

135 1967 241 2026 quia
265 1966 522 2011 intellectus
549 1966 726 2010 divinus
751 1979 845 2010 non
873 1975 941 2010 est
966 1967 1011 2009 in
1037 1965 1255 2024 potentia,
1282 1966 1359 2010 sed
1386 1966 1432 2009 in
1460 1973 1563 2010 actu
1589 1975 1781 2020 tantum,
1807 1966 1911 2010 ideo
1942 1966 1989 2009 in
2016 1979 2091 2024 ge·

135 2033 530 2078 iteratione-Verbi
550 2033 638 2077 Dei
660 2047 753 2077 non
776 2033 997 2092 competit
1012 2033 1103 2077 hoc
1130 2034 1307 2077 ratione
1330 2034 1500 2086 matris,
1518 2033 1597 2077 sed
1610 2033 1761 2077 solum
1784 2034 1935 2092 patris.
1951 2033 2090 2077 Unde

134 2113 251 2160 quae
276 2100 323 2144 in
349 2100 644 2159 generatione
678 2099 846 2144 carnali
873 2100 1120 2144 distinctim
1147 2100 1260 2159 patri
1292 2110 1336 2144 et
1368 2101 1502 2144 matri
1535 2100 1826 2154 conveniunt,
1853 2100 2010 2144 omnia
2041 2100 2088 2143 in

130 2167 424 2227 generatione
452 2166 591 2211 Verbi
617 2167 740 2211 Patri
767 2167 1068 2211 attribuuntur
1093 2169 1138 2211 in
1162 2167 1301 2211 sacris
1329 2167 1597 2226 Scripturis;
1625 2167 1788 2212 dicitur
1805 2167 2089 2212 enim-Pater

130 2241 178 2279 et
198 2234 311 2279 d‘are
331 2228 447 2278 Filio
474 2234 631 2289 vitam,
658 2244 703 2279 et
729 2235 987 2293 concipere,
1013 2243 1059 2279 et
1084 2234 1318 2293 parturire

409 2520 697 2572 QUOMODO
736 2526 911 2564 FILIUS
951 2527 1047 2565 DEI
1086 2525 1335 2566 DICATUR
1373 2526 1468 2565 DEI
1509 2526 1813 2566 SAPIENTIA.

214 2633 346 2694 ,Quia
370 2648 480 2679 vero
517 2648 570 2679 ea
596 2648 712 2694 quae
745 2635 801 2679 de
828 2635 1056 2695 sapientia
1074 2636 1227 2680 divina
1254 2637 1467 2681 dicuntur
1491 2637 1546 2681 ad
1580 2637 1922 2696 generationem
1947 2636 2100 2682 Verbi

131 2702 416 2756 adduximus,
443 2705 728 2761 consequens
755 2712 823 2746 est
840 2703 1079 2748 ostendere
1107 2704 1229 2762 quod
1251 2718 1332 2763 per
1357 2704 1558 2748 divinam
1580 2705 1865 2762 sapientiam,
1888 2718 1943 2748 ex
1960 2705 2092 2762 cujus

130 2783 327 2829 persona
353 2769 611 2828 praemissa·
633 2769 771 2813 verba
801 2780 1130 2829 proponuntur,
1157 2770 1360 2814 Verbum
1387 2771 1476 2815 Dei
1501 2770 1691 2830 intelligi
1719 2771 1873 2830 possit.
1906 2770 1961 2816 Et
1983 2781 2031 2815 ut
2063 2785 2088 2815 a

130 2836 264 2882 rebus
289 2836 503 2880 humanis
530 2837 585 2880 ad
608 2836 875 2880 divinorum·
894 2837 1206 2895 cognitionem
1229 2838 1562 2896 perveniamus,
1596 2837 1883 2882 considerare
1909 2848 2089 2896 oportet

131 2902 500 2964 quodsssapientia
528 2902 573 2946 in
599 2903 788 2947 homine
816 2902 978 2947 dicitur
993 2903 1174 2947 habitus
1195 2903 1378 2962 quidam
1407 2918 1498 2963 quo
1522 2918 1652 2949 mens
1678 2915 1834 2949 nostra
1859 2905 2089 2964 perficitur

128 2971 186 3014 in⁴
202 2970 464 3029 cognitione
482 2968 823 3022 altissimorum,
841 2979 885 3014 et
905 2970 1171 3028 hujusmodi
1197 2980 1300 3014 sunt
1316 2970 1481 3015 divina.
1504 2970 1664 3023 Quum
1690 2986 1815 3025 vero,
1838 2972 2101 3016 secundum·

128 3035 378 3096 sapientiae
401 3036 625 3090 habiturn,
643 3037 689 3080 in
717 3035 949 3080 intellectu
980 3047 1138 3081 nostro
1167 3036 1315 3096 aliqua
1337 3036 1560 3082 formatur
1582 3039 1824 3098 conceptio
1843 3039 1898 3083 de
1913 3039 2088 3094 divinis,

127 3102 233 3162 ipsa
250 3103 493 3162 conceptio
515 3103 787 3156 intellectus,
814 3117 930 3162 quae
956 3113 1023 3147 est
1048 3104 1235 3148 interius
1260 3105 1465 3158 verbum,
1498 3105 1744 3164 sapientiae
1770 3119 1942 3149 nomen
1975 3106 2101 3151 acci-¹

129 3179 237 3228 pere
261 3169 392 3223 solet,
418 3170 668 3214 secundum
691 3169 821 3213 illum
845 3170 1035 3214 modum
1062 3170 1278 3229 loquendi
1296 3185 1387 3231 quo
1411 3181 1536 3216 actus
1563 3182 1606 3216 et
1632 3172 1805 3230 species
1827 3172 2089 3217 nominibus

130 3234 379 3279 habituum·
414 3250 447 3279 a·
477 3237 637 3295 quibus
675 3236 927 3295 procedunt
961 3238 1280 3292 nominantur;
1317 3239 1438 3297 quod
1481 3239 1603 3283 enirn
1634 3240 1750 3297 juste
1781 3238 1829 3283 fit
1861 3239 2088 3284 interdum

130 3301 304 3360 justitia
323 3303 500 3356 dicitur,
528 3313 572 3347 et
597 3303 719 3362 quod
742 3302 791 3347 fit
812 3302 989 3348 fortiter
1020 3303 1253 3359 fortitudo,
1286 3316 1331 3349 et
1353 3305 1625 3364 generaliter
1656 3307 1778 3365 quod
1810 3306 2014 3351 virtuose
2042 3306 2098 3351 fir

130 3367 275 3412 virtus
296 3368 482 3423 diuitum
509 3379 567 3423 et,
598 3384 681 3428 per
705 3369 831 3413 hunc
862 3370 1067 3424 modum,
1101 3371 1223 3430 quod
1258 3372 1483 3430 sapienter
1516 3372 1801 3432 excogitatur
1831 3373 1996 3416 dicitur
2024 3387 2101 3417 sa«

132 3433 300 3492 pientia
339 3434 542 3492 alicuius.
585 3434 637 3479 In
674 3436 776 3480 Deo
809 3446 965 3480 autem·
995 3437 1215 3495 sapientia
1250 3438 1432 3496 quidem
1467 3448 1647 3498 oportet
1679 3438 1766 3481 dici
1798 3452 1852 3483 ex
1884 3451 1941 3483 eo
1966 3440 2089 3498 quocl

89 3543 92 3547 ,
133 3500 331 3559 seipsum
359 3502 612 3560 cognoscit.
640 3502 745 3556 Sed,
772 3503 986 3562 quia³non
1014 3505 1256 3563 cognoscit
1272 3519 1320 3549 se
1347 3518 1427 3564 per
1453 3504 1654 3564 aliquam
1681 3504 1883 3564 speciem
1905 3505 1991 3549 nisi
2008 3515 2104 3565 per*

134 3568 394 3621 essentiam,
419 3569 527 3627 quin
554 3569 700 3613 immo
734 3579 779 3614 et
803 3570 960 3629 ipsum
983 3571 1084 3628 ejus*
1111 3571 1366 3630 intelligere
1398 3581 1467 3616 est
1497 3572 1593 3630 ejus
1625 3572 1835 3625 essentia,
1867 3572 2088 3631 sapientia

135 3631 225 3677 Det
247 3633 428 3679 habitus
453 3648 552 3680 esse
577 3648 671 3680 non
688 3645 851 3695 potest}
878 3637 956 3681 sed
982 3648 1050 3682 est
1070 3638 1168 3697 ipsa
1194 3638 1282 3682 Dei
1304 3638 1511 3683 essentia.
1538 3636 1832 3683 Manifestum
1849 3647 2086 3683 estautern
