2332 3854
797 177 951 217 Lmen
989 176 1025 216 1.
1066 176 1186 215 cAP.
1227 175 1372 214 inx.
1998 161 2061 230 83

57 279 221 346 j‘spm*
240 288 321 326 est.
349 280 470 329 Cum
502 281 637 339 igitur
666 280 792 325 Deus
823 279 1023 339 perfecte
1053 279 1254 338 seipsum
1284 287 1552 337 cognoscat,
1585 276 1700 321 nihil
1724 276 1936 335 prohibet
1960 291 2067 331 eum

112 346 250 413 etiarn
276 360 503 401 summam
530 345 814 396 infinitorum
841 359 1139 406 cognoscere.

63 407 88 475 ᾗῇ
128 454 182 479 Α
192 412 388 474 Adhuc:
414 421 584 473 quanto
602 410 766 471 aliquis
781 412 1040 458 intellectus
1058 422 1127 458 est
1142 411 1371 465 efficacior
1388 420 1433 456 et
1447 409 1643 456 lucidior
1659 410 1705 454 in
1724 412 2067 470 cognoscendo,

108 489 237 545 κῇῃῐο
259 493 314 524 ex
334 493 426 524 uno
449 487 598 539 potest
622 477 750 539 plura
777 493 1082 538 cognoscere:
1109 479 1227 524 sicut
1252 478 1402 524 omnis
1427 477 1567 522 virtus
1595 486 1765 536 quanto
1794 486 1862 522 est
1891 476 2069 533 fortior,

54 548 239 605 'tamo
261 556 329 594 est
354 547 500 606 magis
531 546 670 590 unita.
702 546 965 591 Intellectus
997 556 1153 591 autem
1192 546 1369 590 divinus
1402 544 1656 590 secundum
1688 542 1941 589 efficaciam
1972 544 2069 588 sive

108 606 438 680 perfectionem
470 623 538 659 est
566 612 782 667 infinituS,
815 623 862 658 ut
895 627 949 657 ex
981 613 1287 672 superioribus
1318 611 1467 672 (ibid.)
1498 620 1645 671 patet3
1667 620 1819 671 potest
1850 624 1961 670 ergo
1988 625 2070 670 per

64 694 253 749 Qm
278 681 400 740 quod
427 689 494 725 est
519 694 600 725 sua
627 679 821 738 essentia
838 679 1021 745 infinita
1047 693 1341 738 cognoscere.

65 771 68 773 Δ
197 746 460 792 Praeterea:
486 746 743 791 intellectus
775 746 951 791 divinus
985 756 1051 790 est
1082 745 1307 805 perfectus
1339 744 1619 804 simpliciter,
1651 744 1770 792 sicut
1800 744 1940 790 etiam
1968 745 2064 803 eius

109 814 317 876 essentia.
343 813 483 859 Nulla
512 814 650 872 igitur
674 813 893 873 perfectio
919 812 1216 871 intelligibilis
1243 812 1285 857 ei
1325 811 1466 866 deest,
1492 812 1572 856 sed
1602 811 1650 855 id
1682 811 1738 856 ad
1770 811 1894 871 quod
1926 820 1994 856 est
2023 811 2070 855 in

47 885 65 941 '7
107 872 312 944 potentia
334 879 592 927 intellectus
617 890 784 935 noster,
812 890 881 925 est
907 881 1004 938 ejus
1029 878 1245 938 perfectio
1272 878 1584 937 intelligibilis.
1616 879 1696 923 Est
1728 887 1882 924 autem
1914 878 1962 923 in
1992 892 2071 937 po-

109 945 331 1011 tentiabad
359 961 520 992 omnes
546 947 719 1005 species
750 941 1082 1006 intelligibiles:
1109 946 1283 1005 species
1317 955 1470 989 autem
1503 946 1769 1004 huiusmodi
1793 954 1897 990 sunt
1926 945 2072 990 infini-

107 1024 200 1077 ἤιε,
220 1028 333 1060 nam
358 1014 496 1060 etiam
521 1028 822 1059 numerorum
847 1013 1022 1073 species
1047 1012 1249 1057 infinitae
1282 1023 1387 1057 sunt
1418 1023 1463 1057 et
1494 1013 1756 1072 figurarum.
1779 1012 2069 1074 Relinquitur

105 1081 245 1144 igitur
269 1082 393 1142 quod
416 1082 543 1127 Deus
568 1082 725 1126 omnia
749 1081 1015 1139 hujusmodi
1039 1080 1214 1124 infinita
1237 1090 1502 1139 cognoscat.

51 1156 59 1203 j
144 1198 146 1201 f
196 1149 338 1208 Item:
364 1163 472 1195 cum
510 1147 768 1195 intellectus
799 1158 956 1193 noster
987 1148 1045 1193 sit
1076 1148 1417 1207 cognoscitivus
1444 1146 1734 1191 *infinitorum
1764 1147 1812 1192 in
1845 1148 2069 1207 potentia,

43 1216 63 1277 J>
109 1224 259 1287 ρρῑεξζ
282 1215 407 1269 enim
429 1215 476 1260 in
501 1215 729 1264 infinitum
762 1217 936 1274 species
967 1229 1268 1260 numerorum
1299 1213 1619 1274 multiplicare,
1651 1214 1689 1259 si
1719 1214 1977 1260 intellectus
2004 1213 2072 1262 di-

41 1286 64 1333 '³5
107 1282 360 1347 tipus-non
380 1294 684 1343 cognosceret
706 1282 882 1328 infinita
905 1283 1043 1327 etiam
1061 1292 1180 1336 actu,
1198 1291 1461 1341 sequeretur
1482 1281 1606 1341 quod
1632 1280 1708 1327 vel
1731 1281 1929 1341 plurium
1953 1289 2074 1328 esset

46 1355 61 1397 ζ-
109 1350 450 1410 cognoscitivus
474 1350 732 1410 intellectus
756 1350 986 1395 humanus
1018 1364 1158 1410 quam
1184 1349 1378 1405 divinus,
1402 1348 1478 1394 vel
1508 1349 1632 1408 quod
1673 1349 1932 1395 intellectus
1963 1349 2074 1395 divi·

47 1441 67 1478 -g
107 1431 194 1463 nus
217 1431 313 1463 non
339 1428 641 1478 cognosceret
664 1410 821 1462 bmnia
850 1428 952 1462 actu
978 1431 1175 1477 quorum
1193 1426 1260 1461 est
1277 1417 1619 1475 cognoscitivus
1641 1416 1689 1460 in
1715 1417 1939 1475 potentia3
1962 1431 2072 1477 quo-

108 1498 212 1531 rum
231 1493 473 1544 utrumque
500 1494 567 1530 est
590 1484 888 1544 impossibile,
914 1494 964 1528 ut
989 1499 1043 1528 ex
1068 1483 1335 1543 supradictis
1363 1483 1423 1541 (c.
1460 1495 1529 1540 55.
1560 1493 1605 1527 et
1633 1481 1724 1540 56.)
1751 1493 1889 1542 patet.

58 1554 65 1602 'j
123 1578 125 1580 v
196 1551 386 1598 Adhuc:
411 1551 638 1596 infinitum
657 1551 911 1611 cognitioni
936 1561 1160 1611 repugnat
1183 1551 1231 1594 in
1253 1560 1475 1609 quantum
1491 1559 1714 1609 repugnat
1735 1550 2070 1607 numerationi;

10 1626 13 1630 ’
45 1620 72 1675 j
109 1633 219 1666 nam
255 1629 404 1680 partes
433 1619 599 1664 infiniti
633 1633 875 1664 numerare
901 1633 982 1679 per
1007 1633 1054 1663 se
1081 1617 1363 1677 impossibile
1390 1627 1471 1671 est,
1499 1618 1629 1676 quasi
1656 1618 2070 1662 contradictionem

50 1705 78 1743 ς
109 1685 363 1747 implicans.
391 1687 690 1745 Cognoscere
717 1696 870 1731 autem
897 1685 1067 1745 aliquid
1093 1698 1174 1744 per
1189 1683 1560 1728 numerationem
1583 1698 1769 1728 suarum
1791 1685 1988 1743 partium
2005 1695 2073 1729 est

56 1802 61 1805 ,
108 1752 365 1799 intellectus
390 1754 646 1798 successive
673 1753 997 1814 cognoscentis
1022 1763 1200 1813 partem
1231 1758 1338 1810 post'
1365 1760 1557 1811 partem,
1588 1765 1683 1795 non
1717 1761 1870 1796 autem
1902 1751 2075 1797 intelle-

111 1830 211 1866 ctus
235 1819 374 1866 simul
399 1819 599 1865 diversas
625 1830 775 1879 partes
813 1819 1257 1881 comprehendentis.
1282 1818 1405 1863 Cum
1437 1818 1575 1877 igitur
1607 1818 1786 1862 divinus
1817 1818 2074 1864 intellectus

53 1894 70 1949 J?
93 1886 281 1948 ¹⁵¹absque
303 1887 594 1935 successione
621 1896 874 1946 cognoscat
900 1887 1059 1932 omnia
1075 1886 1226 1941 simul,
1244 1900 1338 1930 non
1355 1886 1502 1944 magis
1521 1885 1767 1944 impeditur
1788 1900 2071 1945 cognoscere

106 1950 283 2005 infinita
308 1966 447 2014 quam
473 1954 612 1999 finita.

192 2020 430 2080 Amplius:
456 2021 607 2066 omnis
635 2020 859 2080 quantitas
885 2021 933 2064 in
965 2020 1165 2080 quadam
1198 2019 1579 2079 multiplicatione
1612 2019 1809 2079 partium
1848 2020 2072 2075 consistit,

59 2102 66 2113 ⁵
110 2096 160 2141 et,
180 2098 364 2148 propter
387 2087 480 2132 hoc
505 2102 722 2132 numerus
750 2097 819 2132 est
853 2087 1001 2146 prima
1029 2088 1356 2146 quantitatum;
1391 2086 1468 2130 ubi
1499 2100 1610 2145 ergo
1637 2086 1870 2145 pluralitas
1895 2086 2074 2132 nullam

1 2152 4 2161 ⁴
109 2153 409 2216 differentiam
441 2165 667 2214 operatur,
705 2154 765 2198 ibi
790 2169 875 2199 nec
903 2154 1072 2214 aliquid
1095 2155 1217 2214 quod
1236 2154 1536 2214 quantitatem
1554 2155 1848 2214 consequitur
1870 2154 2071 2214 aliquam

0 2217 1 2232 ³
47 2253 62 2280 -3
109 2220 413 2275 differentiam
436 2221 558 2266 facit.
589 2221 643 2265 In
677 2221 942 2280 cognitione
977 2231 1129 2266 autem
1154 2222 1245 2266 Dei
1269 2221 1399 2279 plura
1424 2221 1516 2265 hoc
1554 2221 1696 2266 modo
1731 2232 2074 2280 cognoscuntur

0 2299 1 2310 ¹
49 2283 59 2293 ³
110 2298 164 2350 ut,
184 2302 342 2343 unum,
368 2303 475 2333 cum
495 2302 590 2333 non
606 2302 687 2347 per
708 2288 907 2332 diversas
934 2288 1125 2347 species,
1152 2288 1230 2332 sed
1257 2303 1336 2348 per
1362 2303 1503 2332 unam
1529 2289 1746 2347 speciem,
1763 2302 1880 2348 quae
1898 2299 1967 2333 est
1982 2289 2071 2333 Dei

0 2374 1 2408 ξ
109 2354 319 2410 essentia,
346 2365 707 2414 cognoscantur:
735 2355 853 2400 unde
877 2365 921 2400 et
946 2355 1083 2400 simul
1109 2355 1253 2401 multa
1280 2365 1624 2413 cognoscuntur
1657 2371 1680 2400 a
1707 2356 1827 2410 De0,
1855 2365 1900 2402 et
1930 2357 1993 2401 ita
2024 2356 2072 2399 in

0 2417 1 2446 ³
108 2422 203 2482 Dei
224 2422 489 2482 cognitione
514 2422 689 2469 nullam
716 2421 1019 2471 differentiam
1037 2421 1270 2481 pluralitas
1285 2422 1419 2477 facit3
1447 2437 1558 2481 ergo
1576 2437 1661 2468 nec
1688 2423 1933 2479 infinitum,
1950 2425 2073 2483 quod

0 2481 1 2532 ἶ
57 2495 78 2544 'j
102 2489 410 2551 *quantitatem
436 2490 741 2550 consequitur.
767 2489 897 2534 Nihil
922 2504 1033 2549 ergo
1056 2489 1204 2534 differt
1237 2490 1292 2534 ad
1317 2489 1603 2535 intellectum
1640 2490 1846 2535 divinum
1878 2491 2074 2536 infinito·
2145 2519 2160 2535 .

0 2556 1 2562 ’
110 2570 212 2602 rum
239 2566 284 2602 et
309 2556 542 2601 finitorum
569 2557 788 2616 cognitio,
816 2567 860 2601 et
885 2558 949 2602 sic
983 2571 1088 2601 cum
1116 2567 1370 2616 cognoscat
1400 2557 1540 2611 finita,
1572 2557 1687 2602 nihil
1723 2558 1934 2617 prohibet
1966 2572 2072 2603 eum

0 2624 1 2638 ³
112 2637 393 2683 cognoscere
421 2624 561 2668 etiam
584 2623 773 2668 infinita.

0 2742 1 2747 ¹
201 2691 321 2736 Huic
348 2700 502 2750 autem
527 2701 756 2736 ‘consonat
781 2690 904 2750 quod
944 2691 990 2735 in
1016 2690 1136 2736 Psal.
1177 2691 1383 2737 CXLVI.
1419 2691 1604 2736 dicitur:
1638 2693 1696 2737 Et
1718 2693 1946 2751 sapientiae
1977 2695 2068 2751 ejus

112 2772 196 2811 mm
227 2764 283 2804 esi
306 2773 514 2804 numerus.

59 2819 81 2873 ‘i
124 2872 153 2886 ἱ,
201 2825 334 2870 Patet
358 2820 513 2870 autem
538 2839 591 2869 ex
617 2825 859 2884 praedictis
886 2840 1024 2884 quare
1052 2825 1306 2870 intellectus
1339 2835 1496 2870 noster
1520 2825 1749 2870 infinitum
1774 2840 1868 2870 non
1902 2840 2071 2886 cogno-

110 2890 199 2946 scit
218 2891 335 2942 sicut
361 2891 617 2937 intellectus
640 2892 832 2936 divinus.
856 2892 1022 2937 Differt
1048 2893 1172 2937 enim
1198 2892 1454 2939 intellectus
1479 2903 1635 2938 noster
1661 2894 1715 2938 ab
1741 2893 1974 2939 intellectu
2008 2894 2069 2939 di-

63 2955 87 3008 ἒ
112 2960 220 3013 vino
242 2969 463 3020 quantum
490 2961 547 3006 ad
568 2970 776 3020 quatuor,
804 2975 920 3019 quae
946 2961 1065 3005 hanc
1089 2959 1390 3005 differentiam
1407 2960 1600 3005 faciunt:
1629 2961 1828 3020 primum
1845 2971 1926 3015 est,
1943 2961 2067 3020 quod

113 3025 368 3079 intellectus
394 3037 550 3072 noster
580 3027 847 3086 simpliciter
871 3027 1024 3072 finitus
1050 3037 1131 3081 est,
1158 3027 1336 3072 divinus
1371 3037 1526 3073 autem
1559 3027 1782 3082 infinitus;
1812 3028 2067 3074 secundum

58 3100 75 3131 ὲ
114 3104 195 3148 φῖ,
219 3093 343 3153 quod
365 3108 471 3138 cum
497 3093 753 3139 intellectus
780 3105 934 3138 noster
960 3094 1136 3139 diversa
1163 3109 1242 3153 per
1265 3095 1463 3139 diversas
1485 3097 1659 3154 species
1687 3106 1953 3153 cognoscat,
1974 3103 2073 3141 non

55 3167 65 3182 ·’
115 3170 267 3220 potest
300 3160 347 3204 in
379 3160 554 3205 infinita
585 3161 838 3206 secundum
874 3175 1013 3205 unam
1054 3161 1382 3219 cognitionem,
1422 3162 1539 3205 sicut
1578 3160 1833 3223 intellectus
1870 3162 2070 3218 divinus;

33 3281 35 3284 ι
55 3224 77 3281 ’ζ-
113 3226 298 3281 tertium
324 3236 392 3271 est
415 3241 471 3271 ex
495 3227 586 3272 hoc
612 3228 896 3285 proveniens,
924 3228 1046 3287 quod
1069 3228 1326 3273 intellectus
1352 3238 1507 3272 noster
1533 3228 1638 3286 quia
1654 3242 1733 3286 per
1750 3227 1950 3273 diversas
1973 3243 2072 3288 spe-

61 3301 85 3353 }x
116 3292 208 3338 cies
246 3293 422 3338 diversa
449 3294 703 3353 cognoscit,
739 3309 833 3338 non
870 3305 1020 3353 potest
1056 3294 1193 3338 simul
1226 3294 1369 3338 multa
1397 3309 1693 3353 cognoscere,
1721 3304 1766 3339 et
1800 3295 1863 3339 ita
1897 3295 2072 3341 infinita

60 3368 81 3414 'r'
117 3373 395 3419 cognoscere
420 3374 515 3405 non
541 3370 694 3419 posset
717 3361 805 3406 nisi
831 3362 1088 3407 successive
1115 3376 1167 3405 ea
1194 3362 1496 3414 numerando,
1515 3361 1637 3419 quod
1657 3375 1752 3405 non
1779 3371 1846 3406 est
1871 3362 1918 3407 in
1942 3362 2072 3408 intel·

115 3424 237 3490 lectu
254 3427 432 3482 divino,
454 3428 532 3487 qui
557 3427 695 3472 simul
720 3428 863 3474 multa
888 3430 1085 3474 intuetur
1112 3429 1240 3487 quasi
1271 3443 1351 3487 per
1383 3442 1522 3472 unam
1557 3428 1760 3487 speciem
1793 3430 1913 3484 visa3
1940 3443 2072 3489 quar-

54 3488 80 3535 ἓ.
113 3501 213 3542 mm
234 3503 319 3548 est,
345 3494 451 3554 quia
475 3493 730 3540 intellectus
756 3495 935 3541 divinus
961 3505 1028 3541 est
1059 3509 1220 3540 eorum
1256 3509 1371 3555 quae
1398 3505 1516 3549 sunt,
1550 3505 1594 3540 et
1625 3509 1786 3540 eorum
1821 3510 1939 3555 quae
1972 3510 2067 3541 non

118 3569 235 3615 sunt,
259 3570 311 3607 ut
332 3571 568 3610 ostensum
588 3570 658 3609 est
685 3562 746 3618 (c.
773 3559 883 3619 66.).
