2332 3854
854 243 1010 282 LIBER
1046 242 1083 280 1.
1124 242 1244 281 CAP.
1285 241 1397 279 XVI.
2034 240 2099 278 21

238 345 280 392 6.
304 346 443 391 Item:
469 344 677 390 videmus
702 344 872 403 aliquid
894 358 992 389 esse
1017 345 1064 389 in
1090 343 1280 398 mundo,
1307 342 1429 402 quod
1457 342 1547 386 exit
1569 341 1624 386 de
1646 341 1849 400 potentia
1870 341 1917 385 in
1941 350 2110 387 actum.

147 413 256 458 Non
283 421 433 457 autem
467 411 620 457 educit
644 425 692 455 se
717 410 773 455 de
799 411 1003 470 potentia
1028 412 1075 455 in
1102 421 1276 465 actum3
1304 410 1408 469 quia
1437 408 1561 468 quod
1590 418 1658 452 est
1682 408 1728 452 in
1755 408 1971 466 potentia,
1998 422 2110 453 non-

149 480 259 525 dum
284 489 371 533 est;
397 478 517 524 unde
542 492 626 523 nec
654 492 789 536 agere
815 488 978 537 potest.
1006 479 1127 536 Ergo
1156 486 1336 537 oportet
1362 490 1460 521 esse
1495 475 1662 534 aliquid
1697 474 1816 518 aliud
1842 475 1978 534 prius,
2016 489 2107 534 quo

148 546 365 591 educatur
396 545 452 589 de
476 545 678 604 potentia
703 546 750 589 in
778 554 945 589 actum.
973 545 1029 588 Et
1052 545 1234 599 iterum,
1260 545 1298 588 si
1324 544 1414 587 hoc
1432 543 1516 587 'est
1550 542 1704 586 exiens
1742 542 1798 586 de
1834 542 2036 600 potentia
2061 542 2107 585 in

148 622 315 670 actum,
341 621 521 671 oportet
554 621 656 655 ante
688 611 777 655 hoc
806 610 975 669 aliquid
1008 611 1127 655 aliud
1170 611 1293 670 poni,
1336 624 1427 669 quo
1469 609 1710 653 reducatur
1734 608 1782 652 in
1810 618 1976 652 actum.
2005 609 2107 652 Hoc

147 688 301 724 autem
326 678 372 722 in
397 677 624 722 infinitum
650 677 897 737 procedere
923 691 1017 721 non
1044 687 1217 736 potest;
1245 691 1355 736 ergo
1388 686 1569 735 oportet
1594 675 1807 721 devenire
1836 675 1891 718 ad
1924 674 2108 733 aliquid,

146 745 269 805 quod
295 755 364 790 est
387 755 564 790 tantum
591 754 708 800 actu,
735 754 780 789 et
804 743 932 789 nullo
960 744 1101 788 modo
1133 745 1180 788 in
1207 744 1433 803 potentia;
1461 754 1506 788 et
1530 743 1621 787 hoc
1647 742 1840 787 dicimus
1865 742 2034 786 Deum.

890 898 1146 955 CAPUT
1180 899 1363 955 XVII.

666 1035 825 1081 QUOD
860 1035 1000 1073 DEUS
1035 1036 1152 1076 NON
1184 1035 1284 1073 EST
1327 1035 1585 1074 MATERIA.

236 1143 439 1204 Apparet
464 1143 603 1189 etiam
630 1158 683 1188 ex
707 1145 814 1200 hoc,
847 1146 1000 1190 Deum
1026 1159 1121 1189 non
1148 1159 1246 1189 esse
1280 1145 1543 1189 materiam:

242 1224 278 1257 1.
306 1210 430 1263 Quia
455 1213 646 1256 materia
669 1212 715 1256 id
748 1213 870 1271 quod
897 1223 965 1258 est
988 1213 1035 1256 in
1062 1212 1264 1270 potentia
1291 1222 1373 1257 est.

235 1290 277 1322 2.
302 1278 439 1323 Item:
467 1279 656 1323 materia
681 1293 776 1323 non
802 1289 871 1324 est
896 1279 1061 1339 agendi
1087 1279 1385 1338 principium;
1408 1278 1529 1323 unde
1552 1277 1752 1323 efficiens
1779 1286 1824 1322 et
1847 1278 2039 1323 materia
2063 1278 2110 1323 in

147 1343 271 1389 idem
309 1359 404 1390 non
442 1345 661 1400 incidunt,
702 1347 954 1391 secundum
1001 1346 1341 1405 Philosophum
1373 1346 1466 1404 (De
1500 1359 1601 1404 gen.
1637 1355 1681 1390 et
1707 1356 1906 1405 corrupt.
1933 1346 1966 1389 Ι.
2000 1360 2039 1390 c.
2067 1357 2110 1404 7.

147 1410 206 1455 ΙΙ.
230 1424 270 1455 c.
295 1410 375 1471 9.).
401 1412 504 1457 Deo
532 1422 686 1457 autem
719 1414 934 1458 convenit
964 1427 1063 1458 esse
1090 1413 1287 1472 primam
1324 1427 1512 1457 causam
1554 1411 1812 1457 effectivam
1853 1426 2022 1467 rerum,
2062 1422 2112 1456 ut

147 1491 282 1536 supra
306 1478 479 1523 dictum
510 1489 591 1524 est.
622 1480 724 1539 Ipse
749 1480 887 1538 igitur
912 1480 1103 1524 materia
1129 1494 1223 1524 non
1251 1489 1330 1524 est.
1947 1479 1954 1483 ’

241 1558 278 1603 3.
305 1544 534 1604 Amplius:
564 1546 765 1605 sequitur
788 1560 859 1590 res
884 1546 1114 1591 naturales
1152 1561 1259 1590 casu
1298 1546 1511 1590 exsistere
1553 1545 1623 1590 his
1666 1545 1743 1604 qui
1781 1546 1830 1589 in
1869 1545 2110 1590 materiam

147 1610 304 1655 omnia
328 1612 618 1666 reducebant,
643 1613 760 1656 sicut
789 1613 835 1656 in
863 1627 1050 1658 causam
1083 1615 1301 1672 primam3
1330 1608 1489 1657 contra
1521 1626 1636 1671 quos
1663 1612 1811 1671 agitur
1835 1612 1883 1656 in
1909 1611 2110 1656 secundo

135 1677 328 1736 -Physic.
360 1678 438 1735 (ΙΙ.
469 1688 500 1723 t.
528 1693 566 1724 c.
595 1679 702 1736 77.).
730 1678 779 1723 Si
805 1680 942 1738 igitur
966 1680 1108 1734 Deus,
1136 1680 1213 1738 qui
1239 1690 1307 1724 est
1332 1680 1480 1738 prima
1507 1693 1658 1733 causa,
1691 1679 1751 1723 sit
1787 1693 1926 1724 causa
1959 1689 2108 1723 mate-

146 1743 270 1790 rialis
294 1757 461 1799 rerum,
487 1746 689 1804 sequitur
721 1747 878 1790 omnia
905 1761 930 1790 a
957 1761 1065 1791 casu
1092 1748 1321 1792 exsistere.

233 1810 376 1858 Item:
402 1813 594 1857 materia
618 1827 714 1857 non
745 1813 796 1858 fit
826 1828 964 1858 causa
990 1813 1181 1872 alicujus
1206 1815 1254 1858 in
1281 1823 1399 1867 actu,
1436 1813 1525 1858 nisi
1555 1813 1809 1858 secundum
1850 1812 1970 1872 quod
2003 1812 2114 1857 alte-

145 1887 269 1924 ratur
294 1889 339 1923 et
362 1888 574 1924 mutatur.
603 1879 653 1924 Si
678 1881 814 1939 igitur
838 1881 965 1925 Deus
989 1890 1055 1926 est
1075 1880 1341 1935 immobilis,
1358 1890 1407 1925 ut
1423 1880 1666 1939 probatum
1685 1890 1753 1924 est
1774 1881 1835 1939 (c.
1858 1880 1961 1939 13.),
1983 1879 2112 1924 nullo

146 1945 288 1991 modo
314 1955 464 2005 potest
488 1960 588 1991 esse
613 1961 767 1991 rerum
793 1962 931 1992 causa
956 1963 1036 2007 per
1062 1948 1254 1992 modum
1282 1948 1514 1992 materiae.

236 2012 367 2057 Hanc
394 2022 546 2058 autem
571 2014 812 2059 veritatem
838 2014 949 2059 fides
976 2014 1204 2060 catholica
1227 2015 1482 2070 confitetur,
1506 2028 1622 2073 quae
1648 2014 1802 2058 Deum
1827 2028 1922 2058 non
1949 2014 2006 2059 de
2028 2028 2109 2058 sua

146 2079 410 2134 substantia,
435 2080 514 2125 sed
541 2081 596 2125 de
620 2081 767 2125 nihilo
806 2082 965 2126 asserit
997 2092 1161 2126 cuncta
1187 2096 1380 2127 creasse.
1406 2082 1459 2125 In
1484 2082 1576 2125 hoc
1620 2090 1773 2125 autem
1804 2081 1981 2125 insania
2022 2082 2113 2124 Da-

146 2146 262 2191 vidis
293 2147 350 2191 de
373 2147 589 2192 Dinando
622 2147 926 2203 confunditur,
960 2149 1038 2207 qui
1064 2161 1198 2194 ausus
1226 2159 1293 2194 est
1318 2149 1468 2193 dicere
1494 2149 1649 2192 Deum
1685 2162 1784 2192 esse
1823 2147 1947 2191 idem
1989 2148 2110 2206 quod

146 2214 294 2273 prima
318 2214 523 2268 materia,
550 2229 604 2259 ex
629 2215 720 2259 hoc
747 2216 884 2274 quod,
911 2216 950 2260 si
965 2230 1060 2260 non
1077 2226 1195 2261 esset
1216 2216 1354 2270 idem,
1372 2225 1604 2274 oporteret
1621 2214 1799 2259 differre
1817 2229 1870 2259 ea
1889 2214 2112 2273 aliquibus

148 2279 437 2336 differentiis3
454 2292 499 2327 et
514 2282 580 2327 sic
606 2297 701 2327 non
724 2293 876 2327 essent
900 2283 1150 2342 simplicia;
1173 2298 1282 2327 nam
1307 2283 1355 2327 in
1382 2297 1454 2336 eo,
1481 2282 1604 2341 quod
1631 2296 1710 2341 per
1733 2281 2033 2326 differentiam
2058 2282 2109 2326 ab

148 2347 240 2394 alio
271 2348 433 2403 differt,
457 2349 557 2408 ipsa
588 2349 841 2394 differentia
883 2351 1270 2410 compositionem
1310 2350 1432 2395 facit.
1474 2350 1577 2393 Hoc
1611 2359 1764 2393 autem
1796 2349 2018 2408 processit
2058 2362 2110 2392 ex

145 2414 419 2474 ignorantia,
446 2430 536 2476 qua
560 2418 753 2462 nescivit
771 2417 885 2476 quid
911 2418 1026 2462 inter
1058 2417 1362 2462 differentiam
1389 2427 1434 2461 et
1465 2417 1773 2461 diversitatem
1799 2416 1986 2460 intersit.
2013 2415 2111 2459 Dif-

147 2481 297 2527 ferens
328 2483 466 2538 enim,
492 2494 542 2528 ut
565 2484 612 2528 in
639 2485 820 2529 decimo
853 2485 1110 2544 Metaphys.
1137 2487 1198 2544 (c.
1225 2485 1303 2528 III.
1330 2495 1360 2528 t.
1390 2499 1428 2528 c.
1461 2485 1549 2541 12.)
1576 2484 1916 2538 determinatur,
1949 2483 2112 2527 dicitur

149 2549 206 2594 ad
232 2548 424 2609 aliquid;
446 2564 555 2595 nam
581 2565 720 2596 omne
746 2551 972 2606 differens,
999 2551 1152 2611 aliquo
1176 2562 1243 2596 est
1260 2551 1485 2596 differens.
1503 2551 1749 2595 Diversum
1767 2559 1922 2594 autern
1941 2549 2110 2608 aliquid

149 2615 355 2661 absolute
381 2617 557 2672 dicitur,
583 2632 638 2662 ex
662 2618 753 2662 hoc
781 2619 903 2678 quod
927 2632 1023 2662 non
1060 2629 1127 2662 est
1161 2618 1300 2662 idern.
1340 2617 1608 2662 Differentia
1648 2618 1785 2676 igitur
1810 2618 1857 2660 in
1882 2617 1952 2660 his
1981 2630 2114 2675 quae-

148 2683 289 2728 renda
314 2694 396 2738 est,
422 2698 537 2743 quae
567 2685 615 2729 in
642 2684 795 2745 aliquo
823 2685 1123 2740 conveniunt;
1157 2695 1338 2745 oportet
1363 2685 1487 2729 enim
1520 2684 1688 2743 aliquid
1710 2685 1757 2728 in
1779 2684 1851 2728 his
1878 2683 2111 2742 assignari,

147 2750 401 2797 secundum
425 2752 547 2811 quod
584 2751 806 2807 differant,
842 2753 961 2798 sicut
991 2753 1107 2797 duae
1147 2753 1322 2811 species
1363 2751 1642 2796 conveniunt
1681 2751 1728 2795 in
1770 2765 1950 2809 genere,
1992 2750 2111 2794 unde

148 2827 331 2878 oportet
353 2818 475 2877 quod
493 2818 754 2864 differentiis
772 2820 1117 2878 distinguantur.
1136 2821 1187 2862 In
1204 2820 1275 2863 his
1292 2829 1460 2872 autem,
1478 2832 1593 2877 quae
1610 2818 1656 2861 in
1674 2817 1801 2862 nullo
1820 2818 2111 2871 conveniunt,

147 2898 243 2930 non
268 2894 337 2930 est
361 2886 672 2944 quaerendum
704 2900 795 2945 quo
822 2885 1053 2941 differant;
1077 2886 1155 2930 sed
1182 2886 1340 2945 seipsis
1367 2886 1546 2930 diversa
1572 2895 1690 2932 sunt.
1718 2886 1793 2928 Sic
1822 2886 1944 2928 enim
1967 2895 2012 2929 et
2032 2899 2113 2943 op-

147 2952 323 3012 positae
355 2951 634 2997 differentiae
661 2953 715 2997 ab
742 2953 942 2998 invicem
968 2954 1326 3012 distinguuntur3
1353 2967 1447 2997 non
1476 2952 1598 2997 enim
1640 2952 1912 3010 participant
1954 2966 2111 3010 genus,

149 3018 279 3078 quasi
302 3028 479 3078 partem
504 3033 613 3064 suae
640 3022 885 3074 essentiae;
919 3030 964 3065 et
989 3021 1092 3064 ideo
1119 3035 1213 3064 non
1247 3030 1314 3065 est
1340 3020 1652 3079 quaerendum
1685 3019 1845 3077 quibus
1880 3017 2111 3072 differant3

150 3085 310 3144 seipsis
334 3086 457 3131 enirn
484 3086 662 3132 diversa
687 3097 804 3132 sunt.
833 3087 909 3132 Sic
943 3087 1080 3132 etiam
1102 3088 1239 3132 -Deus
1267 3096 1310 3131 et
1342 3087 1534 3132 materia
1574 3086 1720 3144 prima
1761 3086 2112 3143 distinguuntur,

151 3165 346 3211 quorum
371 3166 515 3198 unum
546 3163 616 3199 est
640 3164 766 3199 actus
793 3168 945 3213 purus,
973 3153 1094 3198 aliud
1126 3153 1330 3213 potentia
1355 3168 1482 3213 pura,
1509 3153 1555 3197 in
1587 3152 1715 3196 nullo
1743 3152 2109 3196 convenientiam

151 3218 384 3264 habentes.

881 3325 1136 3382 CAPUT
1176 3325 1388 3381 XVIII.

547 3453 705 3499 QUOD
747 3453 805 3494 m
844 3454 957 3492 1)Εο
990 3454 1177 3494 NULLA
1218 3453 1303 3490 s1T
1345 3450 1709 3490 comosrrm.

241 3551 309 3598 Ex
333 3553 593 3613 praemissis
618 3564 771 3600 autem
796 3554 1011 3600 concludi
1041 3563 1205 3613 potest,
1231 3553 1353 3613 quod
1378 3553 1425 3597 in
1450 3553 1554 3597 Deo
1578 3551 1704 3597 nulla
1730 3552 1788 3596 sit
1824 3552 2112 3612 compositio.

246 3633 283 3664 1.
307 3620 444 3674 Nam,
469 3622 516 3665 in
543 3620 672 3665 omni
696 3621 969 3680 composito,
996 3630 1175 3680 oportet
1211 3633 1310 3664 esse.
1343 3629 1494 3664 actum
1516 3629 1560 3663 et
1576 3620 1839 3677 potentiam.
1858 3619 1965 3664 Non
1988 3618 2112 3663 enim
