2332 3854
796 214 952 254 LIBER
990 214 1046 252 11.
1090 213 1210 253 CAP.
1251 212 1378 251 XXV.
1970 211 2066 267 143

854 424 1112 483 CAPUT
1145 426 1325 484 XXV.

270 561 551 610 QUALITER
589 559 946 600 OMNIPOTENS
986 560 1233 599 DICATUR
1267 559 1539 607 QUAEDAM
1576 559 1693 599 NON
1734 559 1916 598 POSSE.

660 662 715 720 (I.
738 667 853 722 part.
877 669 1028 721 quaest.
1051 663 1187 707 XXV.
1210 668 1290 708 art.
1312 678 1349 722 3.
1377 669 1415 708 et
1438 662 1519 720 4.)

170 777 265 824 Ex
290 775 550 837 praemissis
584 785 736 820 autem
769 774 913 833 accipi
945 784 1093 833 potest
1126 774 1248 833 quod
1282 775 1489 834 quamvis
1520 775 1646 820 Deus
1678 773 1736 820 sit
1767 773 2074 833 omnipotens,

61 827 262 956 &aliqua
286 855 442 889 tamen
468 843 629 887 dicitur
654 857 748 887 non
775 855 922 901 posse.
949 841 1200 887 Ostensum
1219 852 1286 886 est
1307 843 1431 886 enirn
1449 857 1583 901 supra
1606 843 1667 899 (c.
1692 855 1732 900 7.
1734 842 1797 900 ),⁶
1786 856 1833 886 m
1849 842 1953 886 Deo
1975 855 2074 886 esse

194 911 363 957 entiam
389 910 610 964 activam;
636 910 888 968 potentiam
915 923 1025 954 vero
1049 909 1277 968 passivam
1309 909 1357 952 in
1389 924 1445 954 eo
1478 923 1571 954 non
1605 923 1704 954 esse
1735 910 1828 968 jam
1859 923 1995 968 supra
2026 908 2074 952 in

52 992 258 1044 mmo
284 979 345 1037 (c.
378 975 466 1036 16.)
492 976 639 1021 fuerat
664 977 920 1035 probatum.
949 975 1214 1020 Secundum
1242 986 1394 1020 autem
1420 986 1658 1053 utramque
1680 977 1932 1036 potentiam
1964 975 2074 1020 dici-

75 1059 214 1092 mur
237 1058 385 1105 posse.
412 1043 493 1089 Illa
519 1044 655 1103 igitur
680 1043 805 1086 Deus
832 1057 926 1086 non
953 1052 1102 1101 potest
1128 1057 1242 1101 quae
1270 1057 1403 1101 posse
1426 1044 1656 1102 potentiae
1683 1044 1889 1101 passivae
1914 1051 2035 1088 sunt.

56 1166 64 1171 Α
201 1111 336 1165 Quae
362 1121 514 1156 autem
541 1110 804 1168 hujusmodi
829 1110 933 1163 sint,
959 1109 1326 1186 investigandum
1355 1120 1434 1154 est.
1462 1110 1620 1153 Primo
1640 1110 1852 1169 quidem
1841 1111 1978 1168 igitur
1997 1124 2075 1170 po-

63 1173 251 1236 jgsaentia
275 1179 423 1224 activa
449 1178 505 1222 ad
533 1193 667 1236 agere
694 1188 775 1230 est,
801 1177 1004 1237 potentia
1030 1188 1183 1221 autem
1207 1177 1385 1235 passiva
1409 1177 1464 1221 ad
1491 1191 1612 1231 esse3
1636 1176 1788 1221 unde⁶
1776 1192 1823 1220 m
1849 1176 1938 1222 illis
1963 1175 2075 1222 solis

106 1257 182 1306 ost
201 1246 405 1306 potentia
421 1245 476 1290 ad
495 1259 591 1290 esse
606 1259 722 1305 quae
740 1245 981 1289 materiam
997 1244 1167 1290 habent
1189 1243 1497 1288 contrarIetati
1513 1243 1780 1302 subjectam.
1799 1243 1949 1288 Cum
1938 1244 2076 1302 igitur

106 1314 285 1369 infssDeo
311 1312 513 1372 potentia
538 1312 717 1371 passiva
741 1326 836 1355 non
862 1311 932 1366 sit,
959 1311 1176 1370 quidquid
1204 1311 1260 1354 ad
1287 1325 1421 1354 suum
1456 1325 1553 1355 esse
1585 1324 1680 1355 non
1706 1312 1913 1370 pertinet,
1945 1311 2072 1355 Deus

63 1377 206 1438 &finon
230 1390 392 1441 potest.
419 1380 526 1424 Non
553 1389 702 1438 potest
726 1379 862 1438 igitur
886 1379 1013 1423 Deus
1040 1392 1138 1423 esse
1167 1392 1346 1437 corpus,
1374 1388 1452 1422 aut
1477 1377 1645 1437 aliquid
1668 1378 1947 1455 hujusmodi.

71 1490 125 1519 .‹
198 1447 387 1495 Adhuc:
421 1446 687 1506 hujusmodi
708 1446 938 1505 potentiae
960 1445 1167 1503 passivae
1193 1455 1361 1499 motus,
1389 1455 1516 1489 actus
1543 1455 1623 1489 est.
1656 1445 1783 1490 Deus
1814 1445 1969 1503 igitur,
2001 1445 2075 1489 cui

63 1514 315 1578 potentia
340 1516 519 1573 passiva
543 1528 638 1558 non
665 1513 897 1573 competit,
920 1512 1087 1557 mutari
1112 1526 1207 1557 non
1229 1523 1392 1572 potest.

74 1598 148 1632 t>
197 1581 356 1627 Potest
380 1590 534 1627 autem
562 1579 749 1625 ulterius
775 1580 953 1624 ostendi
978 1590 1024 1624 et
1050 1579 1277 1633 concludi,
1298 1580 1422 1638 quod
1439 1593 1533 1624 non
1559 1588 1710 1638 potest
1732 1580 1898 1624 mutari
1919 1593 2075 1624 secun-

71 1648 219 1704 dnm
239 1647 442 1707 singulas
468 1647 734 1692 mutationis
760 1647 948 1706 species,
975 1656 1023 1691 ut
1049 1646 1173 1705 quod
1206 1661 1301 1690 non
1328 1656 1478 1706 potest
1505 1646 1676 1706 augeri,
1708 1646 1783 1691 vel
1808 1647 1967 1701 minui,
1999 1656 2076 1691 aut

60 1716 304 1771 {alter-ari,
331 1725 408 1760 aut
432 1715 654 1774 generari,
672 1724 754 1759 aut
779 1715 1026 1774 corrumpi.

198 1783 433 1843 Amplius:
462 1796 568 1827 cum
596 1782 789 1827 deficere
812 1781 1044 1842 quoddam
1071 1781 1303 1841 corrumpi
1324 1781 1395 1836 sit,
1421 1782 1621 1841 sequitur
1645 1781 1801 1842 quod⁶
1788 1796 1835 1826 m
1851 1782 1980 1828 nullo
2003 1782 2074 1827 de-

69 1847 249 1899 ficere
275 1859 438 1910 potest.

66 1934 86 1953 f
109 1943 127 1962 ·.
175 1917 465 1962 Praeterea:
491 1915 693 1961 defectus
714 1916 865 1961 omnis
883 1915 1135 1960 secundum
1156 1915 1460 1974 privationem
1479 1899 1679 1975 aliquam
1698 1926 1788 1971 est;
1808 1916 2073 1976 privationis

69 1983 270 2054 {kf-autem
295 1983 549 2043 subiectum
570 1984 771 2043 potentia
797 1984 1014 2028 materiae
1042 1993 1136 2036 est3
1163 1981 1290 2026 nullo
1315 1983 1453 2042 igitur
1477 1983 1620 2027 modo
1646 1993 1796 2042 potest
1819 1983 2029 2029 deficere.

84 2050 140 2100 »ξι
200 2050 397 2096 Adhuc:
418 2065 527 2095 cum
549 2049 757 2110 fatigatio
778 2050 836 2095 sit
860 2064 940 2109 per
970 2048 1199 2094 defectum
1229 2049 1421 2104 virtutis,
1454 2050 1626 2094 oblivio
1660 2059 1813 2095 autem
1844 2065 1925 2110 per
1956 2050 2077 2098 dese-2

69 2082 238 2184 {mum
264 2118 498 2172 scientiae,
522 2128 646 2177 patet
666 2118 789 2177 quod
815 2131 963 2176 neque
988 2116 1183 2175 fatigari,
1209 2130 1358 2176 neque
1384 2116 1594 2162 oblivisci
1620 2127 1784 2176 potest.

198 2184 434 2244 Amplius·
460 2198 608 2244 neque
634 2185 769 2238 vinci,
801 2198 948 2243 neque
980 2183 1249 2228 violentiam
1281 2185 1396 2243 pati:
1429 2185 1543 2229 haec
1577 2185 1699 2230 enim
1730 2199 1825 2229 non
1850 2195 1954 2230 sunt
1985 2185 2074 2230 nisi

66 2228 207 2317 ’ἑζῶυ
232 2251 358 2312 quod
381 2261 541 2297 natum
568 2261 635 2296 est
660 2252 850 2296 moveri.

72 2314 130 2376 τέ’·ῑῙ
194 2318 421 2364 Similiter
453 2328 606 2363 autem
638 2332 786 2378 neque
818 2318 1051 2378 poenitere
1083 2328 1248 2376 potest,
1280 2332 1428 2378 neque
1459 2318 1608 2373 irasci,
1643 2329 1720 2363 aut
1750 2319 1930 2375 tristari,
1965 2334 2072 2365 cum

75 2410 120 2445 J
243 2385 410 2431 omnia
433 2384 830 2462 imperfectionem
857 2396 901 2431 et
926 2385 1205 2445 passionem,
1231 2395 1276 2431 et
1306 2384 1535 2431 defectum
1567 2396 1744 2431 sonent.

79 2469 174 2508 w
183 2450 398 2499 “Rau-sus:
423 2452 530 2530 quia
555 2453 785 2511 potentiae
813 2452 989 2498 activae
1016 2452 1261 2511 objectum,
1288 2463 1333 2498 et
1349 2452 1536 2498 effectus
1554 2463 1623 2499 est
1639 2467 1719 2499 ens
1734 2453 1931 2510 factum;
1947 2454 2074 2500 nulla

96 2528 265 2612 utem
280 2519 483 2579 potentia
509 2522 824 2579 operationem
850 2520 988 2564 habet
1013 2519 1089 2563 ubi
1104 2519 1257 2564 deficit
1281 2519 1396 2564 ratio
1419 2521 1490 2564 sui
1507 2521 1688 2579 objecti,
1709 2522 1824 2565 sicut
1839 2522 1962 2567 visus
1978 2537 2074 2567 non

198 2586 494 2632 deficiente
518 2587 718 2632 visibili
706 2602 754 2632 ιιι
781 2597 908 2642 actu;
933 2596 1114 2646 oportet
1139 2587 1262 2646 quod
1293 2587 1420 2631 Deus
1452 2587 1627 2632 dicatur
1658 2602 1752 2632 non
1783 2602 1919 2665 posse
1951 2589 2075 2648 quid-

141 2610 219 2712 wid
243 2663 315 2699 est
334 2663 494 2708 contra
518 2654 744 2699 rationem
770 2654 886 2699 entis
909 2653 958 2698 in
983 2664 1205 2714 quantum
1227 2664 1294 2698 est
1315 2668 1410 2709 ens,
1431 2653 1505 2699 vel
1520 2653 1629 2699 facti
1646 2656 1761 2700 entis
1782 2656 1830 2699 in
1851 2666 2072 2715 quantum

160 2719 391 2766 factum.

79 2789 172 2836 »Ὗ
198 2785 339 2840 Quae
364 2797 518 2832 autem
543 2786 632 2832 sint
646 2786 926 2846 hujusmodi,
942 2786 1263 2845 inquirendum
1281 2797 1361 2832 est
1384 2788 1541 2832 Primo
1559 2788 1772 2847 quidem⁶
1759 2790 1898 2848 igitur
1913 2799 2072 2835 contra

242 2866 340 2897 ·em
365 2852 481 2897 entis
507 2862 576 2897 est
600 2853 721 2911 quod
749 2854 863 2897 entis
889 2852 1115 2896 rationem
1145 2852 1278 2897 tollit.
1314 2851 1513 2897 Tollitur
1539 2864 1692 2899 autern
1718 2855 1834 2899 ratio
1862 2855 1977 2900 entis
1991 2870 2074 2934 per

81 2915 155 2965 ’ἶῖἒ
148 2933 258 2969 nm
271 2918 549 2979 oppositum,
574 2919 690 2963 sicut
715 2919 831 2964 ratio
857 2918 1060 2963 hominis
1085 2933 1165 2977 per
1190 2920 1452 2979 oppositum
1479 2922 1590 2979 ejus,
1612 2921 1686 2965 vel
1702 2922 1899 2980 partium
1917 2922 2073 2982 ipsius.

80 2983 393 3051 appositum
425 2995 579 3030 autem
611 2985 725 3029 entis
759 2995 827 3030 est
856 2998 951 3029 non
982 2998 1075 3029 ens·
1110 2985 1211 3030 Hoc
1244 2986 1381 3045 igitur
1412 2987 1538 3032 Deus
1569 3001 1663 3032 non
1689 2997 1838 3047 potest
1863 2998 1912 3033 ut
1936 2987 2074 3034 faciat

75 3045 253 3102 amad
272 3065 415 3099 unum
439 3061 486 3096 et
509 3051 632 3097 idem
660 3066 775 3128 esse,
801 3062 846 3096 et
870 3066 964 3096 non
991 3066 1104 3106 esse,
1131 3052 1253 3111 quod
1283 3061 1350 3097 est
1376 3053 1731 3099 contradictoria
1753 3069 1851 3100 esse
1873 3054 2023 3100 simul.

83 3134 173 3172 ,ι
175 3117 388 3166 Adhuc.
421 3119 723 3165 contradictio
755 3119 802 3163 in
835 3118 1088 3195 contrariis,
1121 3130 1164 3163 et
1196 3120 1415 3178 privative
1448 3121 1668 3180 oppositis
1700 3122 1967 3177 includitun:
2001 3136 2070 3167 se-

101 3183 259 3231 uitur
283 3185 421 3240 enim,
446 3185 486 3229 si
511 3195 579 3231 est
603 3185 757 3231 album
785 3195 829 3230 et
849 3186 1046 3244 nigrum,
1073 3186 1195 3245 quod
1223 3186 1280 3230 sit
1306 3186 1460 3231 album
1487 3197 1531 3232 et
1555 3202 1650 3232 non
1678 3187 1858 3243 album3
1885 3199 1930 3234 et
1947 3189 1983 3234 si
2001 3198 2070 3236 est

0 3253 4 3311 ξ
78 3250 148 3298 ’ΞΑ-7
157 3272 170 3312 j
195 3271 198 3273 >
222 3272 255 3291 ·
252 3261 335 3296 et
355 3265 560 3307 caecum,
587 3252 708 3311 quod
734 3252 792 3297 sit
816 3252 989 3306 videns,
1017 3263 1061 3297 et
1091 3267 1186 3297 non
1212 3253 1396 3308 videns3
1424 3254 1542 3298 unde
1566 3255 1770 3312 ejusdem
1791 3256 1979 3301 rationis
1996 3267 2065 3302 est

0 3314 4 3328 ‘
206 3317 378 3367 Deus
416 3331 511 3364 non
536 3321 679 3377 possit
702 3318 854 3364 facere
881 3320 1090 3378 opposita
1119 3319 1293 3364 simul⁶
1281 3335 1429 3365 messe
1456 3321 1605 3364 eidem
1647 3322 1899 3367 secundum
1925 3322 2068 3373 idem.

114 3383 442 3462 Amplius.
466 3384 522 3429 ad
548 3385 854 3431 remotionem
878 3386 1117 3445 cujuslibet
1142 3387 1350 3446 principii
1379 3387 1628 3434 essentialis
1645 3388 1847 3448 sequitur
1871 3390 2068 3435 remotio

127 3497 129 3499 ,
101 3398 197 3528 ’ἐξῇ
276 3451 356 3497 rei.
384 3450 436 3495 Si
457 3450 595 3510 igitur
618 3451 746 3497 Deus
770 3466 864 3498 non
891 3462 1042 3512 potest
1062 3452 1212 3498 facere
1238 3468 1334 3498 rem
1358 3452 1495 3499 simul
1521 3468 1635 3509 esse,
1657 3466 1702 3500 et
1726 3469 1820 3501 non
1843 3470 1957 3510 esse,
1980 3470 2068 3503 nec

77 3515 418 3582 mmpotest
441 3515 594 3564 facer-e
616 3518 740 3578 quod
764 3519 830 3565 rei
855 3519 971 3565 desit
996 3518 1165 3579 aliquid
1197 3534 1387 3565 suorum
1411 3521 1738 3581 principiorum
1760 3523 2075 3571 essentialium

75 3587 165 3619 ι
187 3617 190 3620 -
234 3594 516 3641 remanente,
541 3585 662 3630 sicut
682 3585 808 3646 quod
833 3586 979 3632 homo
1003 3600 1099 3632 non
1125 3586 1291 3631 habeat
1317 3587 1533 3638 animam.

7 2144 71 2203 ξ
71 2191 73 2194 »

0 3206 5 3233 S
