2332 3854
766 208 921 246 unna
960 207 1036 246 111.
1078 206 1199 246 CAP.
1241 206 1406 246 extu.
1973 208 2078 261 509

125 312 216 357 hoc
243 321 412 366 autem,
439 309 643 370 corporis
668 317 1026 363 nocumentum;
1047 307 1234 353 demum
1261 317 1430 363 autem,
1455 307 1731 352 exteriorum
1756 307 1984 351 bonorum
2010 321 2079 351 su-

126 377 283 424 blatio.

215 443 321 497 Sed,
353 443 459 503 quia
491 443 546 487 de
582 441 756 487 ratione
789 455 965 501 poenae
1007 450 1089 496 est,
1121 455 1215 485 non
1247 440 1399 485 solum
1439 440 1562 499 quod
1603 441 1660 484 sit
1699 439 1920 498 privativa
1959 439 2082 493 boni,

124 511 203 556 sed
235 510 374 555 etiam
407 510 528 569 quod
568 509 626 554 sit
657 508 885 553 contraria
916 508 1155 561 voluntati,
1187 521 1282 552 non
1314 518 1468 552 autem
1501 506 1741 565 cujuslibet
1770 506 1973 551 hominis
2004 519 2082 550 vo-

123 576 272 622 luntas
305 576 531 621 existimat
554 576 674 619 bona
692 575 943 619 secundum
970 575 1091 632 quod
1109 584 1226 627 sunt,
1253 573 1478 633 contingit
1502 574 1729 618 interdum
1747 574 1868 632 quod
1890 573 1934 617 id
1958 572 2082 631 quod

124 653 192 689 est
216 644 402 702 maioris
423 643 531 686 boni
553 641 824 701 privativum
848 651 915 685 est
941 641 1089 684 minus
1117 641 1396 684 contrarium
1421 640 1659 694 voluntati,
1686 650 1745 694 et,
1771 650 1954 699 propter
1975 639 2081 693 hoc,

123 711 274 755 minus
302 709 496 769 poenale
528 722 625 753 esse
656 708 861 760 videtur;
896 717 940 751 et
970 707 1075 751 inde
1122 717 1190 751 est
1220 707 1343 766 quod
1383 707 1534 765 plures
1577 707 1807 760 homines,
1853 707 1931 765 qui
1960 707 2083 750 bona

123 776 352 822 sensibilia
384 786 428 821 et
460 775 714 834 corporalia
745 775 891 833 magis
937 775 1178 818 aestimant
1210 784 1254 818 et
1286 782 1571 832 cognoscunt
1602 787 1740 832 quam
1779 772 2082 831 intelligibilia

124 853 169 888 et
198 843 459 903 spiritualia,
492 842 592 902 plus
623 842 787 886 timent
819 838 1080 898 corporales
1112 853 1282 898 poenas
1322 853 1461 898 quam
1502 838 1783 898 spirituales3
1827 840 2082 884 secundum

124 924 319 971 quorum
352 909 716 954 aestimationem
745 907 995 952 contrarius
1022 906 1136 950 ordo
1158 906 1334 950 videtur
1356 919 1609 964 poenarum
1632 906 1781 949 ordini
1806 906 2079 965 supradicto.

54 1001 59 1008 ·
122 976 259 1036 Apud
298 976 385 1021 hos
426 978 548 1020 enim
590 975 791 1018 maxima
822 987 969 1033 poena
1003 973 1298 1017 aestimantur
1330 972 1556 1017 laesiones
1600 973 1803 1031 corporis
1836 982 1881 1017 et
1912 973 2080 1017 damna

123 1057 274 1089 rerum
305 1045 604 1095 exteriorum;
638 1041 922 1086 deordinatio
955 1050 1109 1084 autem
1142 1040 1337 1093 animae,
1366 1049 1410 1084 et
1431 1039 1652 1083 damnum
1670 1040 1860 1093 virtutis,
1883 1049 1928 1083 et
1950 1040 2081 1084 amis-

123 1109 192 1155 sio
216 1108 441 1153 fruitionis
468 1108 660 1161 divinae‚
678 1109 724 1151 in
750 1122 838 1166 qua
861 1106 1066 1151 consistit
1087 1106 1246 1150 ultima
1267 1106 1469 1150 hominis
1495 1105 1700 1159 felicitas,
1727 1116 1804 1150 aut
1829 1106 2080 1161 modicum,

124 1183 201 1221 aut
229 1174 344 1220 nihil
374 1184 604 1234 reputatur
635 1174 688 1218 ab
722 1174 799 1218 eis.
834 1173 951 1216 Hinc
986 1182 1138 1216 autem
1170 1173 1375 1232 procedit
1406 1173 1529 1231 quod
1561 1172 1806 1216 hominum
1838 1183 2027 1231 peccata
2054 1187 2080 1216 a

121 1242 227 1290 Deo
257 1241 404 1302 puniri
434 1255 528 1285 non
560 1241 815 1293 aestimant,
842 1240 945 1298 quia
978 1239 1134 1283 vident
1165 1239 1433 1298 plerumque
1466 1248 1731 1297 peccatores
1763 1238 2080 1284 incolumitate

123 1308 328 1368 corporis
367 1307 523 1366 vigere
555 1318 599 1352 et
641 1306 851 1351 exteriori
882 1305 1062 1350 fortuna
1093 1305 1243 1364 potiri,
1276 1306 1438 1364 quibus
1479 1305 1707 1350 interdum
1738 1305 1951 1350 homines
1982 1306 2081 1350 vir-

121 1374 243 1420 tuosi
273 1374 529 1433 privantur;
560 1373 683 1433 quod
715 1382 836 1417 recte
859 1372 1249 1417 considerantibus
1275 1372 1442 1416 mirum
1464 1372 1607 1416 videri
1631 1386 1725 1416 non
1749 1372 1896 1417 debet.
1920 1371 2081 1425 Quum

124 1441 247 1486 enim
280 1441 436 1485 omnia
476 1440 699 1484 exteriora
731 1439 788 1484 ad
818 1438 1033 1483 interiora
1070 1439 1351 1493 ordinentur,
1384 1453 1548 1497 corpus
1581 1448 1733 1483 autem
1765 1439 1821 1483 ad
1862 1439 2080 1494 animam,

121 1508 169 1552 in
199 1518 375 1552 tantum
408 1507 632 1551 exteriora
665 1516 709 1550 et
751 1505 1007 1565 corporalia
1038 1505 1160 1549 bona
1191 1515 1296 1549 sunt
1330 1505 1508 1549 homini
1538 1506 1661 1549 bona
1691 1506 1738 1549 in
1771 1516 1991 1565 quantum
2024 1506 2080 1550 ad

121 1575 294 1619 bonum
320 1574 506 1619 rationis
539 1572 807 1631 proficiunt:
838 1572 1090 1616 secundum
1117 1585 1226 1616 vero
1255 1573 1376 1630 quod
1403 1574 1575 1616 bonurn
1601 1572 1789 1617 rationis
1811 1573 2080 1631 impediunt,

120 1641 300 1686 homini
325 1650 559 1685 vertuntur
589 1640 636 1684 in
669 1639 858 1683 malurn.
881 1638 1021 1682 Novit
1048 1648 1199 1682 autem
1221 1652 1373 1682 rerum
1400 1639 1646 1698 dispositor
1667 1640 1793 1683 Deus
1815 1653 2078 1683 mensuram

120 1707 295 1752 virtutis
321 1707 575 1760 humanae;
617 1706 735 1750 unde
775 1705 1002 1749 interdum
1033 1705 1212 1749 homini
1242 1705 1446 1750 virtuoso
1491 1706 1747 1764 corporalia
1779 1716 1824 1750 et
1854 1706 2078 1750 exteriora

121 1774 241 1818 bona
274 1773 497 1817 ministrat
527 1773 573 1816 in
606 1772 880 1830 adjutorium
912 1771 1102 1825 virtutis,
1129 1781 1173 1815 et
1202 1772 1249 1815 in
1281 1772 1371 1816 hoc
1405 1772 1447 1815 ei
1477 1771 1749 1817 beneficium
1778 1782 1990 1830 praestat,
2016 1774 2082 1817 in-

121 1841 299 1886 terdum
330 1854 441 1884 vero
475 1840 517 1884 ei
548 1839 777 1898 praedicta
808 1838 1044 1892 subtrahit,
1077 1852 1133 1882 eo
1166 1838 1288 1896 quod
1323 1838 1579 1882 considerat
1605 1839 1783 1882 homini
1809 1838 1876 1882 illi
1902 1853 1999 1884 esse
2023 1839 2079 1883 ad

120 1907 500 1966 impedimentum
531 1907 706 1949 virtutis
739 1916 783 1949 et
813 1905 1037 1949 fruitionis
1070 1906 1261 1948 divinae.
1296 1905 1361 1948 Ex
1393 1906 1484 1949 hoc
1519 1916 1671 1950 autern
1705 1907 1927 1950 exteriora
1959 1907 2080 1951 bona

121 1984 354 2018 vertuntur
384 1974 564 2017 homini
595 1974 640 2016 in
674 1972 862 2024 malum,
896 1982 944 2015 ut
975 1973 1145 2015 dictum
1181 1983 1271 2026 est;
1298 1973 1417 2016 unde
1445 1983 1489 2016 et
1511 1987 1669 2016 eorum
1699 1974 1900 2029 amissio,
1918 1975 2079 2019 eadem

121 2041 312 2093 ratione,
338 2040 518 2084 homini
541 2041 728 2084 vertitur
753 2039 799 2082 in
826 2040 1012 2082 bonum.
1048 2039 1096 2082 Si
1129 2040 1264 2098 igitur
1296 2041 1447 2084 omnis
1480 2054 1627 2098 poena
1660 2041 1834 2084 malum
1868 2051 1948 2095 est,
1981 2056 2075 2086 non

125 2117 276 2151 autem
309 2106 481 2150 malum
516 2107 754 2150 hominem
788 2106 1082 2150 exterioribus
1115 2117 1160 2150 et
1191 2107 1501 2165 corporalibus
1541 2108 1673 2151 bonis
1706 2108 1885 2166 privari,
1906 2123 2080 2152 ‘secun-

123 2174 233 2218 dum
276 2173 398 2233 quod
441 2174 622 2232 expedit
660 2172 716 2216 ad
756 2172 1012 2231 profectum
1053 2173 1242 2226 virtutis,
1274 2187 1368 2217 non
1408 2175 1491 2217 erit
1521 2174 1611 2218 hoc
1649 2175 1830 2218 homini
1874 2175 2078 2220 virtuoso

122 2253 271 2300 poena
302 2240 340 2284 si
369 2240 568 2299 privetur
599 2239 893 2283 exterioribus
925 2239 1056 2283 bonis
1087 2239 1133 2282 in
1177 2240 1490 2298 adjumentum
1530 2241 1732 2295 virtutis;
1774 2255 1798 2286 e
1843 2232 2082 2286 contrariov

121 2315 273 2351 autem
305 2306 390 2350 erit
419 2305 551 2350 malis
575 2306 622 2349 in
654 2319 852 2364 poenam
879 2306 916 2349 si
949 2307 1013 2350 eis
1045 2306 1268 2350 exteriora
1293 2307 1415 2350 bona
1438 2308 1765 2362 conceduntur,
1791 2309 1951 2367 quibus
1979 2323 2078 2368 pro·

120 2381 342 2418 vocantur
373 2373 428 2417 ad
460 2372 649 2417 malum.
684 2372 817 2416 Unde
851 2372 980 2431 (Sap.
1017 2371 1139 2416 XIV.
1178 2376 1267 2427 11.)
1300 2373 1463 2417 dicitur
1496 2374 1618 2432 quod
1665 2380 1879 2431 creaturae
1918 2376 2004 2419 Dei
2033 2377 2079 2419 in

121 2439 264 2485 odium
279 2441 423 2500 sactae
452 2446 562 2494 sunt,
595 2445 631 2484 et
662 2440 707 2483 in
740 2441 1006 2485 tentationem
1042 2441 1262 2485 animabus
1302 2441 1534 2495 hominum,
1568 2442 1673 2485 etin
1698 2442 1974 2501 muscipulam
1994 2450 2080 2502 pe-

120 2506 237 2551 dibus
267 2508 562 2566 insipientium.

212 2572 336 2625 Quia
365 2586 475 2616 vero
497 2573 551 2617 de
577 2572 754 2617 ratione
785 2586 962 2631 poenae
992 2582 1060 2616 est
1083 2586 1178 2616 non
1209 2572 1361 2617 solum
1385 2572 1506 2631 quod
1539 2573 1596 2617 sit
1622 2573 1812 2628 malum,
1838 2575 1917 2618 sed
1935 2574 2075 2619 etiam

122 2639 244 2699 quod
276 2640 332 2683 sit
363 2639 640 2683 contrarium
672 2638 909 2692 voluntati,
932 2638 1119 2682 amissio
1147 2639 1457 2698 corporalium
1474 2650 1519 2683 et
1540 2641 1816 2684 exteriorum
1833 2642 2078 2696 bonorum,

123 2706 261 2750 etiarn
292 2706 475 2765 quando
508 2716 575 2749 est
614 2705 793 2749 homini
824 2705 870 2748 in
903 2704 1156 2763 profectum
1188 2706 1364 2750 virtutis
1401 2716 1446 2750 et
1485 2721 1579 2750 non
1612 2707 1657 2750 in
1690 2707 1880 2760 malum,
1917 2709 2079 2752 dicitur

122 2786 286 2832 poena,
319 2773 515 2826 abusive,
549 2787 602 2816 ex
634 2786 690 2816 eo
718 2772 841 2830 quod
867 2782 935 2816 est
962 2782 1119 2815 contra
1140 2773 1441 2816 voluntatem.
1469 2773 1533 2817 Ex
1559 2773 1896 2818 inordinatione
1924 2786 2074 2820 autem

121 2839 323 2884 hominis
354 2839 576 2897 contingit
612 2839 733 2898 quod
766 2839 910 2882 homo
943 2852 1037 2881 non
1073 2839 1280 2883 aestimet
1312 2852 1381 2882 res
1413 2839 1664 2883 secundum
1698 2841 1820 2898 quod
1852 2852 1971 2896 sunt,
1997 2843 2075 2886 sed

122 2905 376 2964 corporalia
408 2905 712 2964 spiritualibus
742 2903 976 2963 praeferat.
1004 2905 1284 2950 Inordinatio
1321 2915 1471 2949 autem
1497 2905 1600 2949 talis
1634 2916 1711 2949 aut
1742 2917 1809 2950 est
1835 2906 1968 2966 culpa
2001 2918 2078 2952 aut

123 2986 176 3017 ex
193 2970 344 3031 aliqua
365 2971 498 3030 culpa
524 2971 822 3030 praecedente
839 2971 1105 3030 procedens.
1130 2972 1263 3015 Unde
1288 2982 1618 3031 consequenter
1640 2982 1762 3030 patet
1783 2974 1905 3032 quod
1928 2988 2077 3033 poena

121 3051 214 3083 non
246 3038 303 3083 sit
328 3038 374 3082 in
405 3038 609 3092 homine,
633 3038 771 3081 etiarn
803 3038 1055 3082 secundum
1082 3038 1203 3096 quod
1229 3048 1297 3082 est
1323 3049 1482 3083 contra
1509 3039 1807 3094 voluntatem,
1833 3040 1921 3084 nisi
1943 3040 2077 3099 culpa

121 3104 432 3164 praecedente.

214 3170 315 3214 Hoc
345 3171 483 3215 etiam
516 3184 570 3214 ex
597 3169 687 3214 alio
719 3181 855 3227 patet,
888 3171 993 3229 quia
1026 3184 1079 3214 ea
1101 3185 1216 3230 quae
1242 3182 1347 3215 sunt
1373 3171 1624 3216 secundum
1647 3187 1695 3216 se
1716 3173 1837 3216 bona
1863 3188 1957 3217 non
1983 3188 2078 3218 ver-

120 3248 320 3283 terentur
350 3238 528 3282 homini
554 3238 600 3281 in
626 3237 801 3282 malum
828 3252 908 3297 per
931 3239 1136 3292 abusum,
1162 3238 1246 3282 nisi
1274 3238 1425 3298 aliqua
1451 3239 1790 3283 inordinatione
1812 3240 1859 3283 in
1885 3240 2076 3285 homine

123 3306 374 3350 exsistente.

209 3371 348 3416 Item:
382 3370 503 3429 quod
544 3379 751 3429 oporteat
784 3384 839 3414 ea
871 3384 987 3430 quae
1017 3370 1228 3415 voluntas
1262 3381 1482 3430 acceptat,
1515 3386 1570 3415 eo
1604 3372 1725 3430 quod
1757 3382 1860 3416 sunt
1901 3382 2077 3417 natura-

124 3436 225 3482 liter
254 3437 390 3490 bona,
422 3437 601 3480 homini
631 3435 832 3480 subtrahi
866 3437 921 3480 ad
961 3436 1215 3495 profectum
1256 3437 1447 3492 virtutis,
1480 3439 1689 3497 provenit
1720 3453 1773 3482 ex
1807 3438 1957 3497 aliqua
1990 3440 2074 3484 ho-

124 3503 259 3549 minis
290 3503 649 3557 deordinatione,
680 3518 797 3562 quae
828 3502 903 3548 vel
934 3514 1002 3548 est
1032 3504 1179 3563 culpa,
1212 3504 1284 3548 vel
1315 3506 1518 3565 sequitur
1545 3505 1741 3565 culpam.
1779 3506 2073 3551 Manifestum

126 3579 192 3615 est
221 3570 344 3615 enim
376 3569 498 3630 quod
530 3584 609 3630 per
638 3580 878 3629 peccatum
904 3570 1180 3630 praecedens
1203 3571 1252 3616 fit
1277 3573 1501 3632 quaedam
1528 3572 1804 3618 inordinatio
1836 3573 1884 3618 in
1907 3573 2071 3619 affectu
