2332 3854
237 164 308 219 40
932 160 1086 198 LmER
1126 159 1161 198 1.
1204 160 1322 197 CAP.
1365 158 1495 197 xxx.

225 278 334 308 nam
368 263 551 307 cuilibet
583 262 751 322 speciei
785 260 971 305 debetur
1002 260 1209 319 proprius
1243 259 1408 302 modus
1439 258 1730 318 perfectionis
1754 268 1798 303 et
1823 272 1935 302 esse.
1965 258 2187 304 Similiter

226 331 364 374 etiam
391 342 707 388 quaecumque
733 329 922 371 nomina
949 327 1246 385 proprietates
1283 339 1435 369 rerum
1469 325 1721 383 designant,
1758 339 1873 384 quae
1908 339 1961 369 ex
1994 325 2186 384 propriis

226 397 454 455 principiis
488 396 741 454 specierum
771 404 1027 446 causantur,
1060 393 1115 435 de
1142 393 1244 436 Deo
1272 392 1361 435 dici
1386 405 1481 434 non
1506 402 1696 451 possunt
1737 392 1824 435 nisi
1859 390 2185 450 metaphorice.

319 463 453 515 Quae
472 476 581 505 vero
604 461 864 519 hujusmodi
886 459 1187 518 perfectiones
1205 459 1461 518 exprimunt
1480 472 1584 502 cum
1604 457 2031 517 supereminentiori
2048 457 2188 502 modo

225 544 315 588 quo
342 530 444 572 Deo
468 529 759 580 conveniunt,
787 528 840 570 de
869 526 970 570 solo
998 527 1100 569 Deo
1128 525 1350 579 dicuntur,
1373 526 1490 570 sicut
1514 539 1749 569 summum
1769 525 1957 582 bonum,
1984 524 2188 583 primum

226 610 319 649 ens,
354 606 398 639 et
431 595 519 639 alia
544 594 821 652 hujusmodi.

314 663 432 706 Dico
468 672 619 705 autem
654 661 803 719 aliqua
836 659 1170 717 praedictorum
1196 659 1438 703 nominum
1461 658 1787 718 perfectionem
1814 658 1982 718 absque
2009 656 2188 703 defectu

224 730 485 786 importare,
513 738 732 786 quantum
760 726 815 769 ad
842 725 952 769 illud
981 726 1035 769 ad
1063 726 1185 784 quod
1218 726 1568 784 significandum
1594 739 1765 770 nomen
1791 725 1874 769 fuit
1897 723 2188 784 imposimm3

224 805 444 853 quantum
471 795 593 837 enim
628 794 682 836 ad
716 793 908 836 modum
934 791 1233 850 significandi,
1262 806 1401 836 omne
1426 805 1599 836 nomen
1627 807 1731 836 cum
1764 791 1942 836 defectu
1969 800 2051 845 est,
2075 804 2187 835 nam

222 861 411 905 nomine
437 875 507 904 res
526 860 819 917 exprimimus
837 872 893 902 eo
912 857 1053 902 modo
1073 873 1164 917 quo
1183 857 1415 904 intellectu
1436 859 1736 918 concipimus.
1753 858 2018 903 Intellectus
2035 866 2188 902 autem

223 938 378 971 noster
405 941 429 969 a
462 925 746 970 sensibilibus
781 925 1092 983 cognoscendi
1127 925 1306 968 initium
1333 939 1534 979 sumens,
1569 923 1700 968 illum
1727 924 2040 968 modumnon
2070 933 2189 968 tran—

224 994 396 1038 scendit
415 994 490 1052 qui
508 994 552 1036 in
572 994 703 1036 rebus
730 991 1016 1036 sensibilibus
1033 992 1273 1046 invenitur,
1300 992 1346 1035 in
1373 992 1534 1050 quibus
1559 991 1680 1036 aliud
1704 1002 1771 1036 est
1785 991 1937 1036 forma
1953 1001 1999 1036 et
2014 991 2189 1035 habens

222 1061 435 1114 formam,
470 1070 652 1118 propter
698 1058 875 1106 formae
909 1068 953 1103 et
985 1059 1203 1102 materiae
1245 1059 1647 1117 compositionem.
1680 1058 1847 1102 Forma
1886 1072 1997 1102 vero
2038 1057 2086 1102 in
2117 1056 2189 1101 his

223 1128 356 1171 rebus
390 1127 614 1170 invenitur
647 1125 831 1184 quidem
864 1124 1072 1184 simplex,
1100 1125 1178 1169 sed
1204 1139 1297 1168 non
1330 1123 1543 1182 perfecta,
1586 1133 1741 1184 utpote
1782 1138 1877 1168 non
1917 1124 2187 1168 subsistens:

221 1194 394 1237 habens
427 1203 576 1236 autem
604 1191 802 1235 formam
826 1192 1051 1235 invenitur
1077 1191 1262 1249 quidem
1288 1182 1557 1235 subsistens}
1580 1191 1659 1234 sed
1690 1205 1784 1234 non
1807 1190 2015 1250 simplex,
2041 1190 2188 1234 immo

224 1260 566 1304 concretionem
593 1259 790 1312 habens3
818 1257 938 1301 unde
964 1257 1219 1301 intellectus
1256 1267 1426 1310 noster,
1464 1257 1681 1316 quidquid
1714 1256 1941 1315 significat
1971 1266 2020 1304 ut
2051 1256 2192 1302 subsi-

222 1337 358 1380 stens,
385 1328 429 1369 in
458 1325 750 1368 concretione
778 1323 1024 1382 significat;
1053 1325 1175 1382 quod
1203 1338 1311 1368 vero
1338 1334 1387 1367 ut
1413 1323 1606 1382 simplex
1624 1323 1864 1382 significat,
1881 1337 1976 1367 non
1997 1333 2047 1368 ut
2067 1323 2189 1383 quod

223 1402 304 1448 est,
330 1392 410 1436 sed
442 1402 491 1436 ut
517 1406 607 1450 quo
636 1401 715 1436 est.
743 1391 799 1435 Et
830 1391 894 1435 sic
927 1391 973 1433 in
1000 1391 1128 1434 omni
1155 1390 1342 1434 nomine
1376 1405 1401 1433 a
1433 1391 1566 1434 nobis
1599 1390 1737 1444 dicto,
1765 1399 1985 1449 quantum
2010 1389 2069 1434 ad
2095 1403 2192 1434 mo-

176 1464 178 1466 *
203 1461 332 1503 ·dum
360 1458 659 1517 significandi,
686 1457 970 1516 imperfectio
992 1458 1219 1501 invenitur
1246 1471 1362 1516 quae
1384 1457 1487 1501 Deo
1514 1471 1608 1500 non
1633 1457 1867 1516 competit,
1888 1458 2098 1516 quamvis
2117 1469 2190 1501 res

224 1526 478 1585 significata
506 1525 659 1584 aliquo
687 1526 905 1568 eminenti
932 1525 1073 1568 modo
1100 1525 1204 1568 Deo
1232 1525 1487 1577 conveniat,
1525 1535 1573 1568 ut
1609 1533 1732 1583 patet
1762 1525 1809 1568 in
1841 1524 2031 1569 nomine
2061 1524 2189 1569 boni·

222 1594 327 1637 tatis
364 1602 408 1636 et
439 1591 572 1646 boni;
603 1605 713 1635 nam
746 1591 923 1635 bonitas
957 1590 1181 1648 significat
1222 1601 1271 1635 ut
1301 1605 1395 1635 non
1437 1591 1697 1644 subsistens,
1738 1591 1913 1636 bonum
1945 1599 2099 1636 autem
2140 1601 2190 1635 ut

225 1669 518 1713 concretum3
550 1668 595 1702 et
619 1668 839 1718 quantum
868 1659 922 1702 ad
949 1658 1038 1702 hoc
1065 1657 1242 1701 nullum
1277 1672 1450 1702 nomen
1493 1659 1596 1702 Deo
1620 1653 1966 1702 ‘convenienter
1999 1659 2190 1718 aptatur,

224 1728 303 1771 sed
335 1726 488 1771 solum
521 1735 740 1785 quantum
769 1725 824 1768 ad
856 1725 901 1768 id
930 1725 984 1768 ad
1012 1726 1134 1784 quod
1167 1724 1518 1783 significandum
1552 1739 1725 1769 nomen
1756 1725 2022 1785 imponitur.

313 1795 511 1837 Possunt
535 1793 685 1851 igitur,
712 1802 761 1836 ut
785 1792 1036 1850 Dionysius
1065 1792 1198 1835 docet
1225 1792 1280 1850 (I.
1308 1802 1351 1836 et
1377 1791 1454 1835 IV.
1484 1806 1582 1850 cap.
1608 1793 1680 1836 De
1698 1792 1786 1836 div.
1803 1792 2017 1849 nemim),
2037 1792 2191 1851 huius-
2216 1795 2223 1798 ’

223 1861 351 1906 modi
381 1861 572 1904 nomina
599 1869 643 1903 et
675 1858 889 1902 affirmari
921 1859 975 1902 de
1001 1859 1104 1902 Deo
1128 1868 1171 1902 et
1193 1859 1370 1917 negari:
1411 1857 1626 1902 affirmari
1665 1859 1849 1918 quidem
1891 1869 2076 1918 propter
2110 1872 2191 1903 no-

223 1928 360 1971 minis
386 1927 636 1978 rationem3
668 1925 827 1984 negari
857 1939 968 1969 vero
995 1935 1177 1984 propter
1202 1925 1486 1983 significandi
1512 1925 1717 1969 modum.

311 1994 477 2038 Modus
495 2003 648 2037 autem
665 1993 1077 2052 supereminentiae
1100 2005 1191 2050 quo
1219 1992 1264 2035 in
1281 1992 1383 2035 Deo
1407 1992 1553 2035 dictae
1580 1991 1882 2050 perfectiones
1899 1993 2187 2038 inveniantur

221 2075 301 2120 per
327 2061 518 2105 nomina
546 2074 570 2103 a
602 2060 734 2104 nobis
761 2060 990 2118 imposita,
1022 2058 1271 2118 significari
1302 2073 1397 2102 non
1429 2068 1620 2117 possunt
1651 2058 1738 2103 nisi
1769 2058 1844 2103 vel
1876 2073 1958 2118 per
1982 2059 2186 2119 negatio·
2260 2061 2264 2066 ’

222 2142 344 2182 nem,
371 2128 488 2172 sicut
514 2141 620 2170 cum
643 2126 837 2170 dicimus
863 2127 1017 2170 Deum
1051 2135 1284 2170 aeternum
1318 2125 1392 2169 vel
1423 2125 1667 2179 infinitum,
1693 2125 1767 2169 vel
1799 2126 1939 2170 etiam
1971 2140 2053 2187 per
2075 2126 2189 2171 rela-

220 2197 397 2241 tionem
423 2196 562 2255 ipsius
591 2195 646 2238 ad
671 2194 773 2249 alia,
797 2204 845 2238 ut
867 2208 973 2238 cum
996 2190 1159 2237 dicitur
1177 2195 1323 2252 prima
1351 2207 1488 2237 causa
1515 2192 1589 2237 vel
1606 2206 1843 2245 summurn
1867 2193 2067 2249 bonum3
2090 2206 2187 2237 non

224 2264 347 2308 enim
374 2263 428 2306 de
455 2263 559 2306 Deo
583 2275 744 2319 capere
771 2275 1016 2320 possumus
1043 2259 1150 2318 quid
1178 2269 1259 2314 est,
1283 2260 1361 2304 sed
1389 2259 1496 2319 quid
1518 2274 1611 2303 non
1636 2270 1716 2314 est,
1738 2269 1782 2304 et
1808 2259 2000 2319 qualiter
2025 2260 2115 2304 alia
2135 2274 2185 2306 se

222 2330 422 2375 habeant
449 2329 503 2373 ad
527 2329 692 2388 ipsum,
718 2337 767 2372 ut
794 2342 849 2372 ex
874 2327 1116 2387 praedictis
1143 2337 1281 2386 patet.

956 2483 1210 2540 CAPUT
1246 2483 1456 2538 XXXI.

447 2616 607 2661 QUOD
646 2606 838 2654 DIVINA
873 2613 1178 2652 PERFECTIO
1214 2613 1284 2651 ET
1318 2612 1656 2651 PLURALITAS
1696 2611 1960 2653 NOMINUM

645 2690 873 2728 DIVINAE
907 2688 1280 2726 SIMPLICITATI
1311 2688 1428 2727 NON
1462 2687 1772 2725 REPUGNAT.

314 2792 378 2836 Ex
400 2792 640 2851 praedictis
668 2792 808 2835 etiam
833 2791 976 2835 videri
1002 2800 1153 2850 potest
1179 2790 1302 2850 quod
1335 2790 1487 2834 divina
1519 2789 1738 2848 perfectio
1772 2798 1816 2834 et
1841 2788 1971 2849 plura
1996 2788 2188 2833 nomina

226 2860 344 2904 dicta
371 2859 426 2903 de
453 2859 572 2912 Deo,
600 2858 738 2917 ipsius
758 2857 1038 2917 simplicitati
1057 2872 1152 2901 non
1170 2868 1448 2916 repugnant;
1471 2858 1534 2901 sic
1559 2858 1681 2901 enim
1701 2870 1863 2901 omnes
1884 2855 2188 2916 perfectiones

224 2927 270 2970 in
297 2926 430 2971 rebus
458 2925 557 2969 aliis
582 2926 790 2969 inventas
816 2925 918 2968 De'o
948 2925 1128 2968 attribui
1155 2925 1348 2969 diximus
1376 2926 1492 2969 sicut
1519 2924 1706 2969 effectus
1738 2925 1785 2968 in
1817 2923 1909 2968 suis
1943 2921 2090 2969 causis
2119 2937 2190 2968 ae·

226 2993 432 3052 quivocis
458 2992 762 3037 inveniuntur.
785 2991 880 3043 Qui
899 2992 1084 3050 quidem
1102 2991 1289 3036 effectus
1308 2994 1352 3035 in
1379 2992 1472 3035 suis
1499 2991 1646 3035 causis
1673 3000 1777 3035 sunt
1802 2991 1980 3045 virtute,
1998 3000 2046 3035 ut
2062 2989 2190 3035 calor

224 3062 270 3104 in
298 3059 420 3119 sole3
446 3060 587 3103 virtus
621 3069 774 3103 autem
801 3059 1067 3116 hujusmodi
1092 3059 1179 3102 nisi
1203 3058 1459 3117 aliqualiter
1491 3068 1609 3102 esset
1636 3059 1690 3102 de
1718 3071 1886 3117 genere
1913 3057 2098 3111 caloris,
2114 3056 2187 3102 sol

225 3141 304 3186 per
331 3141 436 3171 eum
466 3141 605 3185 agens
631 3140 725 3170 non
752 3126 836 3170 sibi
862 3125 1010 3170 simile
1044 3135 1304 3183 generaret:
1340 3140 1393 3169 ex
1426 3126 1512 3169 hac
1545 3125 1681 3184 igitur
1713 3127 1876 3170 virtute
1908 3123 1981 3170 sol
2013 3124 2187 3170 calidus

226 3194 402 3247 dicitur,
436 3208 530 3237 non
557 3193 707 3237 solum
737 3195 841 3252 quia
871 3192 1072 3237 calorem
1104 3192 1227 3246 facit,
1260 3193 1338 3237 sed
1378 3193 1482 3251 quia
1517 3193 1658 3236 virtus
1692 3207 1771 3251 per
1797 3206 1936 3252 quam
1961 3192 2053 3238 hoc
2078 3190 2190 3238 facit

228 3271 294 3304 est
321 3260 490 3318 aliquid
519 3259 757 3305 conforme
786 3258 950 3313 calori3
978 3273 1058 3319 per
1081 3256 1277 3304 eandem
1296 3270 1448 3303 autem
1471 3259 1699 3314 virtutem,
1721 3273 1800 3318 per
1817 3273 1956 3318 quam
1981 3257 2056 3304 soi
2077 3257 2187 3303 facit

228 3326 446 3381 calorem,
472 3327 580 3371 facit
606 3337 650 3371 et
676 3326 845 3372 multos
874 3326 989 3371 alios
1016 3325 1203 3371 effectus
1229 3327 1274 3370 in
1301 3326 1588 3371 inferioribus
1621 3326 1903 3384 corporibus,
1927 3333 2086 3386 utpote
2106 3322 2189 3372 sio·

227 3394 437 3448 citatem3
465 3403 508 3438 et
535 3394 598 3438 sic
628 3394 754 3438 calor
781 3405 824 3438 et
850 3394 1046 3448 siccitas,
1074 3407 1190 3453 quae
1216 3394 1262 3437 in
1296 3395 1400 3452 igne
1434 3403 1536 3438 sunt
1569 3393 1809 3452 qualitates
1842 3393 2064 3447 diversae,
2094 3389 2185 3438 soli

228 3461 528 3505 attribuuntur
553 3475 631 3519 per
648 3475 787 3504 unam
810 3461 1037 3506 virtutem.
1066 3461 1132 3505 Ita
1159 3470 1203 3505 et
1226 3462 1435 3504 omnium
1458 3460 1760 3520 perfectiones
1786 3473 1904 3520 quae
1925 3452 2059 3505 rebus
2084 3456 2185 3504 aliis

227 3528 477 3573 secundum
503 3527 701 3572 diversas
729 3527 899 3573 formas
925 3528 1216 3581 conveniunt,
1249 3528 1352 3571 Deo
1385 3527 1637 3572 secundum
1670 3541 1811 3572 unam
1842 3526 1942 3586 ejus
1970 3524 2185 3571 uirtutem
