2332 3854
301 176 408 246 634
975 188 1128 227 LIBER
1167 188 1238 226 1v.
1281 166 1401 227 cip.
1441 187 1566 226 va.

293 291 585 335 terminatam
611 305 706 335 non
729 299 1005 335 coarctatur.
1038 287 1258 333 Similiter
1284 287 1422 332 etiam
1453 301 1538 332 nec
1565 300 1645 346 per
1675 287 1767 332 hoc
1790 286 1960 346 aliquid
1986 286 2157 347 deperit
2186 286 2251 332 di-

295 358 457 415 gnitati
488 359 646 402 matris
665 358 851 411 Christi,
878 356 999 415 quod
1021 356 1152 414 virgo
1179 355 1390 414 concepit
1417 364 1462 399 et
1486 354 1674 414 peperit,
1700 354 1808 413 quin
1833 367 1941 398 vera
1966 363 2012 398 et
2033 353 2252 402 naturalis

295 434 442 468 mater
466 425 567 468 Filii
606 425 695 468 Dei
727 424 925 476 dicatur3
957 422 1122 465 virtute
1155 422 1278 465 enim
1313 421 1467 464 divina
1497 420 1693 465 faciente
1725 421 1966 464 materiam
1997 419 2252 465 naturalem

296 491 352 534 ad
379 491 721 549 generationem
751 489 953 547 corporis
996 488 1170 532 Christi
1201 487 1488 540 ministravit,
1521 487 1643 546 quod
1670 486 1822 531 solum
1847 500 1906 529 ex—
1937 495 2064 562 parte
2095 485 2252 536 matris

292 557 555 615 requiritur;
580 571 632 600 ea
653 570 763 600 vero
787 569 903 613 quae
925 555 973 597 in
996 554 1094 598 aliis
1121 554 1340 598 matribus
1363 553 1420 597 ad
1438 553 1780 612 corruptionem
1795 551 2066 611 virginitatis
2080 550 2255 602 &ciunt
2330 610 2332 612 ῃ

294 637 389 667 non
423 624 687 667 ordinantur
719 622 774 665 ad
800 622 845 664 id
878 621 1001 680 quod
1027 621 1185 665 matris
1212 631 1293 674 est,
1319 621 1399 664 sed
1431 619 1582 664 solum
1610 620 1665 665 ad
1698 619 1743 663 id
1769 618 1892 678 quod
1924 619 2064 678 patris
2092 627 2178 673 ent,
2203 627 2254 663 ut

296 704 454 733 semen
480 689 617 732 maris
646 687 701 731 ad
733 687 891 732 locum
917 687 1223 746 generationis
1248 687 1494 747 perveniat.

1025 841 1522 899 CAPUT·XLVL

535 979 695 1026 QUOD
738 978 1005 1019 CHRISTUS
1044 978 1226 1018 NATUS
1265 978 1367 1017 EST
1406 979 1481 1016 DE
1522 976 1736 1016 SPIRITU
1769 975 2003 1018 SANCTO.

383 1089 610 1141 Quamvis
638 1099 791 1134 autem
823 1089 974 1133 omnis
1000 1088 1153 1133 divina
1179 1089 1385 1148 operatio
1411 1103 1501 1147 qua
1521 1087 1688 1148 aliquid
1714 1088 1762 1132 in
1788 1088 2005 1133 creaturis
2031 1087 2180 1147 agitur
2196 1087 2254 1133 sit
2324 1112 2331 1142 ς

292 1156 378 1200 toti
400 1155 615 1200 Trinitati
648 1156 922 1209 communis,
955 1166 1004 1200 ut
1029 1169 1084 1200 ex
1111 1170 1246 1214 supra
1271 1155 1436 1199 habitis
1469 1165 1703 1200 ostensum
1736 1165 1817 1209 est,
1840 1153 2066 1200 formatio
2095 1163 2253 1199 tamen
2280 1174 2283 1177 ·
2325 1203 2329 1212 ,

295 1224 499 1282 corporis
527 1223 713 1277 Christi,
730 1237 846 1282 quae
862 1223 1061 1267 divina
1033 1237 1061 1266 v
1063 1223 1198 1267 irtute
1214 1222 1415 1282 perfecta
1431 1232 1512 1277 est,
1531 1222 1857 1267 convenienter
1875 1222 2060 1314 Spiritui
2079 1221 2251 1268 Sancto
2328 1218 2332 1252 ἕ

294 1290 563 1343 attribuitur,
589 1289 694 1333 licet
720 1291 775 1333 sit
804 1291 889 1334 toti
917 1288 1131 1333 Trinitati
1158 1290 1434 1333 communis.
1486 1322 1491 1326 -
2329 1325 2332 1336 2

381 1357 484 1401 Hoc
518 1358 639 1400 enim
665 1370 917 1415 congruere
943 1355 1120 1400 videtur
1150 1356 1454 1400 incarnationi
1485 1355 1638 1400 Verbi.
1663 1355 1785 1400 Nam
1818 1356 1935 1401 sicut
1954 1355 2146 1401 verbum
2165 1369 2252 1401 no-

293 1433 437 1468 strum
462 1424 510 1466 in
526 1432 679 1467 mente
703 1433 978 1482 conceptum
1003 1423 1228 1467 invisibile
1255 1433 1336 1477 est,
1365 1423 1558 1468 exterius
1585 1432 1738 1467 autem
1759 1435 1877 1468 voce
1901 1422 2133 1483 prolatum
2156 1437 2256 1469 sen·
2330 1467 2332 1471 .

293 1490 421 1535 sibile
447 1490 511 1544 fit,
537 1490 600 1534 ita
630 1490 834 1534 Verbum
866 1490 956 1533 Dei
980 1490 1234 1534 secundum
1256 1491 1599 1549 generationem
1617 1494 1850 1540 aeternam
1870 1490 1919 1535 in
1945 1489 2093 1535 corde*
2108 1489 2254 1535 Patris
2322 1488 2332 1538 ’ς

292 1556 577 1601 invisibiliter
609 1557 792 1611 exsistit,
815 1570 895 1615 per
911 1556 1276 1600 incarnationem
1293 1566 1446 1600 autem
1472 1556 1604 1600 nobis
1621 1554 1798 1599 visibile
1821 1554 1995 1601 factum
2020 1559 2111 1611 est3
2131 1556 2253 1614 unde
2324 1556 2332 1607 j

293 1623 436 1668 Verbi
459 1623 817 1683 Dei-incarnatio
845 1633 911 1667 est
929 1624 1045 1667 sicut
1061 1623 1234 1667 vocalis
1260 1623 1387 1667 verbi
1411 1623 1555 1667 nostri
1572 1623 1815 1682 expressio.
1837 1622 2081 1682 Expressio
2098 1632 2252 1672 autem

295 1691 470 1735 vocalis
501 1691 628 1735 verbi
658 1691 803 1735 nostri
838 1690 887 1734 fit
918 1704 998 1749 per
1029 1691 1235 1749 spiritum
1267 1700 1489 1745 nostrum,
1521 1704 1602 1748 per
1643 1703 1780 1748 quem
1819 1703 1911 1734 vox
1944 1689 2071 1745 verbi
2108 1688 2255 1734 nostri
2318 1687 2332 1746 »Ξ

295 1757 531 1802 formatur.
559 1757 902 1801 Convenienter
922 1757 1059 1816 igitur
1085 1767 1128 1801 et
1149 1770 1229 1816 per
1247 1757 1466 1816 Spiritum
1492 1755 1594 1799 Filii
1618 1756 1709 1800 Dei
1731 1757 1826 1814 ejus
1860 1756 2010 1801 carnis
2034 1754 2252 1801 formatio
2316 1746 2332 1787 3²-

294 1825 457 1869 dicitur
487 1824 622 1869 facta.
2087 1844 2090 1847 ,
2313 1798 2332 1898 ξ

385 1891 615 1936 Convenit
651 1891 787 1935 etiam
815 1891 906 1935 hoc
939 1900 984 1935 et
1015 1890 1301 1949 generationi
1344 1890 1588 1934 humanae.
1620 1889 1775 1934 Virtus
1807 1889 1932 1945 enim
1959 1889 2107 1934 activa
2137 1902 2253 1949 quae

294 1967 363 2002 est
394 1959 439 2001 in
476 1957 651 2001 semine
676 1958 903 2010 humano,
941 1958 997 2000 ad
1034 1972 1081 2001 se
1113 1957 1297 2001 trahens
1328 1957 1570 2000 materiam
1605 1970 1721 2015 quae
1756 1955 1891 2000 fuerit
1921 1969 1949 2000 a
1983 1965 2143 2011 matre,
2166 1969 2255 2014 per
2314 1950 2323 1973 ⁵²

293 2025 500 2084 spiritum
532 2034 765 2083 operatur;
799 2023 1013 2068 fundatur
1039 2025 1162 2067 enim
1194 2023 1460 2082 hujusmodi
1493 2023 1634 2067 virtus
1652 2024 1699 2067 in
1725 2023 1897 2082 spiritu,
1918 2031 2103 2081 propter
2118 2024 2253 2082 cuius
2321 2021 2323 2023 ’

294 2092 623 2136 continentiam
649 2105 806 2136 semen
838 2105 1109 2168 spumosum
1142 2099 1321 2150 oportet
1354 2104 1453 2135 esse
1486 2099 1530 2134 et
1563 2089 1732 2134 album.
1755 2089 1960 2133 Verbum
1989 2089 2127 2148 igitur
2146 2089 2252 2145 Dei,-
2305 2085 2321 2146 j

292 2159 377 2203 sibi
409 2173 592 2203 carnem
615 2172 854 2204 assumens
891 2171 945 2202 ex
969 2158 1161 2216 virgine,
1189 2157 1516 2202 convenienter
1546 2157 1638 2201 hoc
1665 2171 1744 2215 per
1771 2155 1991 2230 Spiritum
2027 2155 2251 2202 Sanctum

293 2225 439 2278 debet,
466 2239 651 2270 carnem
679 2224 970 2278 assumendo,
996 2224 1211 2268 formare.
2113 2244 2115 2246 ·
2307 2217 2317 2282 Ϊῑ

382 2293 612 2337 Convenit
652 2292 789 2336 etiam
821 2292 912 2335 hoc
945 2291 1001 2334 ad
1032 2291 1353 2335 insinuandam
1387 2304 1574 2335 causam
1622 2290 1679 2334 ad
1709 2267 2075 2335 incarnationem
2109 2250 2255 2336 Verbi
2306 2317 2315 2349 s

300 2369 589 2413 moventem3
616 2373 731 2418 quae
759 2358 943 2417 quidem
969 2357 1095 2402 nnlla
1121 2357 1210 2401 alia
1236 2371 1334 2402 esse
1356 2357 1504 2416 potuit
1528 2356 1616 2401 nisi
1645 2370 1775 2400 amor
1798 2356 1888 2400 Dei
1913 2356 1971 2400 ad
1995 2355 2252 2409 hominem,
2307 2360 2309 2362 ’

298 2427 434 2486 cujus
450 2435 658 2470 naturam
677 2425 762 2470 sibi
782 2424 929 2469 voluit
954 2425 1000 2468 in
1027 2425 1196 2468 unitate
1214 2437 1436 2483 personae
1454 2423 1682 2482 copulare.
1709 2423 1762 2467 In
1787 2422 1950 2467 divinis
1973 2420 2252 2480 autem-Spi-
2303 2433 2318 2443 *

295 2495 405 2538 ritus
425 2494 618 2538 Sanctus
641 2502 708 2537 est
733 2492 810 2551 qui
827 2492 1033 2551 procedit
1049 2501 1097 2536 ut
1114 2505 1258 2546 amor,
1283 2501 1333 2535 ut
1358 2505 1492 2549 supra
1514 2491 1684 2534 dictum
1703 2499 1783 2534 est.
1808 2489 2101 2536 Conveniens
2116 2488 2254 2547 igitur

295 2559 378 2605 fuit
409 2571 459 2604 ut
487 2559 813 2604 incarnationis
841 2573 954 2618 opus
989 2558 1173 2618 Spiritui
1206 2558 1376 2602 Sancto
1411 2557 1688 2602 attribuatur.
1902 2576 1904 2578 ’
2072 2579 2074 2581 -
2243 2578 2245 2581 ν
2291 2567 2292 2570 ’

387 2626 517 2671 Solet
542 2627 683 2671 etiam
708 2626 755 2670 in
773 2639 900 2670 sacra
924 2625 1156 2684 Scriptura
1175 2625 1324 2669 omnis
1351 2624 1495 2683 gratia
1523 2623 1709 2682 Spiritui
1728 2623 1900 2668 Sancto
1928 2598 2135 2676 attribui,
2145 2621 2251 2680 quia

299 2694 422 2753 quod
455 2694 591 2752 gratis
624 2693 754 2737 datur
785 2707 838 2737 ex
871 2706 1029 2736 amore
1061 2691 1272 2735 donantis
1303 2691 1480 2735 videtur
1516 2704 1614 2735 esse
1651 2689 1884 2734 collatum.
1920 2687 2061 2735 Nulla
2097 2697 2251 2735 autem
2296 2689 2311 2711 '³

299 2763 447 2820 major
474 2771 542 2805 est
562 2760 705 2820 gratia
730 2759 911 2804 homini
942 2758 1111 2804 collata
1143 2772 1281 2817 quam
1307 2757 1430 2817 quod
1461 2757 1602 2802 Deo‘
1591 2771 1638 2801 m
1665 2769 1860 2816 persona
1885 2755 2109 2813 uniretur·-r
2130 2753 2252 2801 Con·
2292 2755 2306 2791 ’-

296 2830 530 2872 venienter
554 2827 690 2887 igitur
714 2827 805 2871 hoc
839 2840 953 2886 opus
981 2825 1167 2886 Spiritui
1193 2825 1365 2870 Sancto
1393 2824 1718 2884 appropriatur.
2170 2844 2175 2850 =·
2289 2822 2291 2824 ’

941 3022 1247 3081 CAPUT
1313 3021 1608 3077 XLVII.

521 3171 680 3218 QUOD
722 3170 989 3210 CHRISTUS
1021 3169 1141 3209 NON
1172 3169 1300 3207 FUIT
1334 3166 1508 3205 FILIUS
1543 3164 1785 3205 SPIRITUS
1827 3162 2024 3205 SANCTI
2088 3187 2103 3205 e

983 3242 1283 3284 SECUNDUM
1323 3241 1561 3282 CARNEM.

388 3362 613 3415 Quamvis
647 3370 799 3408 autem
832 3362 1042 3407 Christus
1069 3361 1124 3406 de
1158 3361 1325 3419 Spiritu
1360 3360 1531 3404 Sancto
1564 3367 1609 3403 et
1639 3356 1831 3416 Virgine
1855 3363 2123 3415 conceptus
2134 3352 2252 3399 ἀίοι-
2234 3362 2295 3411 -3325
2330 3404 2331 3407 Ἴ

298 3439 384 3483 tur,
404 3444 498 3474 non
530 3439 679 3489 potest
703 3439 858 3474 tamen
886 3428 975 3474 dici
1008 3428 1199 3488 Spiritus
1222 3428 1416 3472 Sanctus
1441 3436 1567 3485 pater
1600 3424 1774 3470 Christi
1801 3421 2054 3470 secundum
2068 3424 2332 3480 gene&

299 3497 471 3541 tionem
497 3497 763 3550 humanam,
791 3497 907 3541 sicut
936 3495 1081 3555 Virgo
1103 3494 1267 3540 dicitur
1292 3503 1438 3539 mater
1463 3494 1573 3551 ejus.
2277 3543 2281 3546 ,
2303 3541 2304 3544 ¹

392 3563 581 3634 Spiritus
599 3564 718 3609 enirn
749 3563 942 3607 Sanctus
968 3573 1061 3607 non
1079 3560 1289 3620 produxit
1313 3559 1565 3605 humanam
1590 3567 1799 3604 naturam
1822 3557 1870 3603 in
1890 3531 2080 3603 Chatta
2099 3565 2165 3600 en
2169 3558 2315 3612 ou
