2332 3854
239 231 347 284 544
943 200 1486 261 L113ER1V.<:AP.1Vv

232 334 474 391 potestatem
496 329 610 388 filios
635 329 719 373 Dei
741 328 850 383 fieri,
885 326 945 369 his
970 325 1042 383 qui
1074 322 1282 368 credunt
1266 338 1311 367 ιη
1338 324 1502 367 nomine
1524 325 1640 382 esum
1670 332 1715 367 et
1740 322 1897 381 (Rom.
1924 315 2046 366 VIII.
2079 313 2206 390 16)

237 398 327 456 Ipse
360 397 467 441 enim
499 397 680 454 Spiritus
712 393 986 439 testimonium
1029 389 1163 434 reddit
1204 390 1376 449 spiritui
1407 395 1546 434 nostro
1564 389 1688 448 quod
1723 403 1861 434 sumus
1892 390 1974 447 filii
2005 380 2140 442 Dei:
2152 395 2205 438 et

240 464 295 520 (I.
314 464 476 522 Joann.
510 463 586 506 ΙΙΙ.
620 475 654 505 1.
658 462 701 517 ):
739 459 872 503 Videte
894 457 1055 516 qualem
1078 457 1297 501 caritatem
1322 454 1358 499 d
1360 455 1429 499 dit
1453 457 1570 500 nobis
1602 455 1743 508 Pater,
1773 461 1819 499 ut
1838 452 1930 513 filii
1948 456 2035 517 Dei
2060 457 2203 503 nomi<
2206 470 2209 472 ·

238 545 386 574 nemur
405 536 444 574 et
463 531 601 573 simus.
638 527 770 579 Quos
797 526 934 568 etiarn
969 537 994 566 a
1019 523 1124 567 Deo
1151 523 1331 582 genitos
1360 535 1459 566 esse
1487 512 1720 582 Scriptura
1745 534 1840 565 non
1866 521 2009 566 tacet:
2021 514 2200 570 dicitur

240 597 363 641 enim
389 595 567 654 (Jacob.
593 595 626 637 Ι.
659 592 770 649 15.:)
806 591 1048 635 Voluntaria
1079 591 1189 634 enim
1213 591 1356 648 genuit
1385 603 1459 634 nos
1489 591 1615 633 verbo
1641 588 1859 641 veritatis·
1889 597 1934 632 et
1959 587 2014 648 (Ι.
2035 584 2200 657 Jdann.

240 663 317 707 III.
350 663 413 721 9.)
442 662 621 705 dicitur:
653 660 802 704 Omnis
832 659 903 715 qui
929 663 1048 701 natus
1069 662 1124 700 est
1144 671 1194 700 ex
1217 657 1321 709 De0,
1339 662 1555 715 peccatum
1578 669 1662 699 non
1689 655 1817 712 facit5
1846 656 2057 714 quoniam
2055 648 2212 704 senten}

240 731 366 788 ipsius
384 730 427 771 in
445 742 488 771 eo
506 734 656 770 manet.
684 725 740 768 Et
756 724 877 783 quod
906 731 972 767 est
998 722 1262 777 mirabilius,
1289 722 1463 766 eisdem
1480 734 1652 766 nomen
1670 721 1915 765 divinitatis
1935 718 2211 773 adscribitur·

244 795 406 852 (Exod.
434 793 533 836 VII.
573 794 653 849 1.)·
686 792 897 835 Dominus
921 792 1032 834 enim
1065 790 1174 834 dixit
1197 789 1253 833 ad
1279 790 1476 848 Moy55en
1503 790 1609 834 Ecce
1635 788 1828 844 constitui
1853 794 1890 833 te
1914 781 2062 846 Deum
2087 782 2202 838 Pha·

242 863 409 912 raonis;
439 869 483 903 et
500 857 639 916 (Psal
669 857 878 902 CXXXI.
903 855 1002 914 6..)
1022 857 1110 914 Ego
1133 855 1246 899 dixi.
1266 856 1346 899 Du
1361 857 1464 907 estis
1499 862 1536 900 et
1545 855 1579 913 s
1581 855 1630 899 ln
1651 854 1985 907 excelsiomnes,·
2006 851 2075 908 et,
2065 851 2204 904 sicut

240 929 470 972 Dominus
497 926 606 969 dicit
632 925 812 983 (Joann.
838 923 895 967 X.
917 937 966 980 35
974 923 1028 980 .):
1051 923 1150 967 Illos
1174 922 1280 966 dixit
1296 922 1386 966 deos
1407 921 1461 965 ad
1482 936 1580 980 quos
1599 934 1732 966 sermo
1751 921 1836 966 Dei
1850 921 1994 981 factus
2019 927 2095 966 est.
2100 913 2203 966 Per

243 997 363 1039 hunc
392 993 597 1047 modum,
624 992 862 1050 opinantes
875 991 1031 1049 Jesum
1054 989 1289 1034 Christum
1322 1003 1485 1048 purum
1512 988 1734 1033 hominen
1767 991 1867 1032 esse
1888 980 2202 1033 ‘'etex'Maria

243 1061 432 1120 Virgine
458 1060 638 1104 initium
666 1058 927 1116 sumpsisse,
947 1067 990 1101 et
1012 1070 1091 1114 per
1119 1057 1275 1100 beatae
1297 1056 1416 1100 vitae
1449 1056 1663 1100 meritum
1697 1055 1944 1099 divinitatis
1974 1054 2205 1100 honorem

247 1143 355 1188 prae
383 1127 542 1171 ceteris
560 1125 695 1170 fuisse
716 1126 945 1184 adeptum,
963 1124 1336 1168 existimaverunt
1355 1123 1480 1167 enim
1503 1121 1709 1167 similiter
1731 1122 1830 1167 aliis
1846 1122 2109 1167 hominibus
2126 1137 2207 1182 per

247 1194 504 1253 adoptionis
538 1193 745 1252 spiritum
771 1192 858 1236 Dei
884 1191 1045 1244 filium,
1073 1199 1118 1234 et
1138 1203 1218 1249 per
1250 1189 1444 1249 gratiam
1471 1189 1525 1234 ab
1554 1203 1609 1233 eo
1637 1189 1857 1247 genitum,
1880 1199 1924 1233 et
1949 1202 2029 1248 per
2049 1203 2206 1248 quam-

246 1261 352 1305 dam
387 1259 765 1304 assimilationem
799 1257 857 1302 ad
886 1258 1053 1301 Deum
1073 1258 1118 1300 in
1153 1255 1396 1316 scripturis
1433 1255 1524 1299 dici
1554 1256 1724 1310 Deum,
1749 1269 1845 1299 non
1869 1269 1949 1314 per
1980 1265 2207 1310 naturam,

247 1329 326 1373 sed
352 1342 431 1387 per
469 1326 751 1370 consortium
790 1324 1021 1384 quoddam
1059 1324 1240 1368 divinae
1271 1323 1507 1377 bonitatis;
1540 1322 1657 1367 sicut
1693 1332 1737 1367 et
1762 1322 1817 1366 de
1843 1322 2012 1367 sanctis
2043 1322 2206 1367 dicitur

247 1394 322 1453 (ΙΙ.
351 1393 470 1438 Petr.
498 1393 540 1450 Ι..
558 1393 654 1451 4²)
695 1393 751 1437 Ut
775 1391 1016 1451 efficiamini
1040 1390 1212 1435 divinae
1237 1395 1439 1435 consortes
1469 1392 1662 1444 naturae,
1686 1388 1908 1477 fugientes
1919 1388 2026 1448 esus
2034 1385 2157 1479 'q'uae
2162 1390 2210 1468 in

246 1461 400 1507 mundo
427 1467 482 1506 est
507 1451 869 1519 concupiscentiae
883 1459 1204 1518 corruptionem.

335 1528 466 1572 Hanc
490 1537 642 1571 autem
665 1526 955 1586 positionem
959 1538 1114 1578 sacrae
1134 1524 1393 1582 Scripturae
1416 1522 1684 1567 auctoritate
1711 1522 1990 1579 confirmare
2004 1511 2211 1568 niteban-

247 1606 332 1640 tur.
365 1595 488 1640 Dicit
521 1593 643 1638 enim
669 1594 898 1637 Dominus
929 1591 1114 1651 (Matth.
1138 1590 1351 1635 XXVIII.
1385 1589 1496 1648 18.):
1529 1579 1649 1634 Data
1673 1596 1730 1636 est
1753 1590 1859 1642 mihi
1883 1590 2212 1667 omntspotestas

247 1665 303 1707 in
317 1662 424 1707 coelo
442 1668 479 1706 et
499 1663 544 1705 in
571 1668 700 1706 terra.
730 1659 901 1714 Quod
898 1659 937 1704 si
963 1668 1067 1703 ante
1082 1669 1294 1718 tempora
1319 1657 1445 1701 Deus
1473 1667 1604 1711 esset,
1621 1653 1917 1725 potestatem
1914 1655 1975 1702 ex
1993 1650 2206 1717 tempore

250 1743 344 1774 non
371 1728 634 1787 accepisset.
2233 1732 2236 1734 ’

339 1796 455 1839 Item
481 1795 638 1851 (Rom.
671 1794 704 1838 Ι.
735 1793 796 1851 3.)
832 1792 997 1837 dicitur
1022 1790 1078 1836 de
1104 1790 1220 1836 Filio
1245 1743 1367 1850 quod
1393 1791 1530 1847 factus
1560 1797 1616 1835 est
1641 1792 1692 1844 ei,
1738 1786 1921 1835 scilicet
1937 1737 2058 1845 Deo,
2089 1804 2145 1850 ex
2161 1804 2215 1835 se·

250 1864 362 1907 mine
398 1862 542 1906 David
571 1860 791 1906 secundam
825 1874 1008 1914 carnem,
1034 1868 1078 1903 et
1104 1858 1226 1918 quod
1246 1857 1580 1917 praedestinatus
1610 1863 1667 1902 est
1697 1856 1833 1902 Filius
1863 1857 1950 1902 Dei
1973 1858 2020 1902 in
2043 1850 2211 1902 vz‘rtuie.

255 1929 396 1982 Quod
422 1927 782 1988 praedestinatur
814 1936 858 1970 et
887 1926 1059 1969 factum
1087 1934 1155 1969 est
1179 1925 1356 1968 videtur
1387 1933 1482 1967 non
1509 1938 1608 1968 esse
1636 1933 1887 1968 aeternum.

341 1997 458 2039 Item
484 1993 736 2054 Apostolus
765 1993 872 2037 dicit
898 1991 1115 2051 (Philipp.
1140 1991 1197 2034 II.
1226 1990 1314 2048 8.:)
1338 1992 1491 2035 Factus
1517 1998 1571 2035 est
1596 1990 1781 2036 obediens
1802 1999 1925 2049 usque
1950 1987 2007 2034 ad
2024 1996 2214 2045 mortem,

251 2070 425 2107 mortem
458 2069 595 2107 autem
619 2062 784 2112 crucis,·
810 2066 986 2119 propter
1017 2058 1124 2118 quod
1154 2065 1190 2103 et
1222 2059 1335 2102 Deus
1366 2058 1569 2103 exaltavit
1600 2058 1735 2112 illum,
1768 2063 1807 2103 et
1831 2055 1950 2115 dedit
1968 2057 2035 2102 illi
2065 2060 2214 2102 nomen

252 2130 362 2190 quod
383 2137 582 2189 estsuper
607 2143 725 2172 omne
750 2142 911 2171 nomen.
940 2126 1005 2170 Ex
1032 2140 1122 2201 quo
1149 2125 1326 2168 videtur
1354 2139 1404 2168 os
1387 2124 1534 2168 tendi
1559 2125 1698 2184 quod,
1720 2134 1906 2184 propter
1927 2122 2214 2169 obedientiae

253 2207 298 2241 et
323 2195 546 2256 passionis
573 2195 801 2248 meritum,
835 2193 989 2237 divino
1023 2192 1079 2236 sit
1096 2193 1275 2235 honore
1302 2191 1511 2245 donatus,
1546 2202 1590 2236 et
1622 2201 1756 2250 super
1788 2191 1946 2235 omnia
1977 2186 2213 2235 exaltatus.

340 2265 499 2308 Petrus
526 2264 663 2307 etiam
697 2263 804 2306 dicit
831 2261 955 2319 (Act.
990 2261 1044 2305 II.
1076 2258 1193 2317 36.:)
1224 2259 1458 2316 Certissime
1488 2273 1590 2317 ergo
1622 2259 1727 2303 sciat
1758 2257 1893 2302 omnis
1915 2255 2075 2302 domus
2087 2255 2218 2302 Israel

253 2333 353 2391 quia
385 2332 622 2375 Dominum
653 2345 746 2373 eum
777 2335 813 2372 et
848 2329 1058 2373 Christum
1082 2328 1185 2383 fecit
1212 2327 1326 2370 Deus
1359 2312 1466 2369 ¹hunc
1506 2325 1662 2382 sesam,
1679 2340 1810 2384 quem
1835 2332 1910 2369 v'os
1941 2324 2218 2394 crucifixistis.

252 2399 444 2443 Videtur
475 2398 611 2456 igitur
637 2411 690 2441 ex
715 2406 923 2472 tempore
949 2395 1074 2438 Deus
1103 2407 1201 2438 esse
1228 2392 1390 2446 factus,
1422 2406 1516 2436 non
1543 2402 1649 2437 ante
1674 2396 1884 2451 tempora
1909 2388 2063 2447 natus.
2115 2389 2122 2413 f
2149 2398 2152 2401 ’
2183 2399 2185 2401 ’
2226 2391 2229 2397 ”

343 2465 590 2508 Adducunt
617 2463 755 2508 etiam
778 2462 823 2506 in
849 2461 1169 2505 fulcimentum
1196 2473 1304 2504 suae
1332 2459 1562 2518 opinionis
1591 2473 1644 2502 ea
1677 2471 1792 2518 quae
1818 2459 1882 2502 in
1892 2442 2136 2531 ffiripmris
2162 2457 2219 2502 de

257 2532 444 2578 Christo
468 2530 523 2574 ad
550 2529 778 2574 defectum
811 2528 1035 2588 pertinere
1060 2528 1285 2582 videntur,
1317 2527 1436 2571 sicut
1468 2525 1591 2585 quod
1619 2523 1826 2570 femineo
1857 2533 2088 2584 portatur
2087 2533 2229 2570 utero

256 2610 300 2644 et
326 2598 582 2659 profectum
609 2596 766 2641 aetatis
805 2596 983 2654 accipit,
1016 2595 1212 2639 esuriem
1248 2607 1406 2653 passus
1444 2602 1511 2637 est
1544 2603 1605 2637 et
1612 2592 1898 2637 lassitudine
1912 2579 2163 2657 fatigatus,
2175 2598 2221 2647 et

257 2667 395 2711 morti
427 2665 669 2724 subjectus,
706 2663 828 2722 quod
862 2676 1043 2738 semper
1079 2661 1285 2721 profecit,
1322 2660 1479 2719 judicii
1512 2674 1560 2704 se
1611 2659 1806 2704 nescire
1825 2658 1949 2703 diem
1978 2650 2228 2703 confessus

260 2745 326 2778 est
352 2743 395 2777 et
417 2733 577 2777 mortis
604 2742 775 2776 terrore
798 2732 1046 2774 concussus
1074 2739 1153 2783 est,
1182 2738 1226 2772 et
1258 2727 1346 2771 alia
1371 2727 1642 2786 hujusmodi
1655 2741 1774 2786 quae
1792 2726 1895 2770 Deo
1912 2728 1991 2790 per
2011 2726 2221 2782 naturam

259 2800 490 2845 exsistenti
518 2799 763 2843 convenire
789 2811 883 2841 non
910 2806 1109 2855 possent.
1133 2795 1268 2840 Unde
1296 2793 1576 2840 concludunt
1595 2793 1717 2853 quod
1739 2807 1827 2852 per
1841 2792 2055 2837 meritum
2072 2778 2224 2836 hono⁴

259 2882 357 2912 rem
385 2867 589 2911 divinum
617 2865 804 2924 adeptus
827 2875 897 2909 est
921 2878 1001 2923 per
1023 2863 1232 2922 gratiam,
1264 2876 1358 2905 non
1387 2861 1510 2920 quod
1539 2870 1658 2905 esset
1681 2867 1870 2904 naturae
1891 2853 2122 2903 divinae.
2155 2861 2157 2864 ⁴

349 2935 478 2978 Hanc
514 2943 667 2977 autem
700 2932 975 2991 positionem
1014 2930 1162 2989 primo
1197 2929 1525 2972 adinvenerunt
1555 2927 1742 2987 quidam
1775 2926 1951 2986 antiqui
1985 2924 2220 2979 haeretici,

262 3002 507 3047 Cerinthus
534 3010 578 3045 et
604 3000 766 3053 Ebion‚
786 3013 924 3058 quam
954 3008 1113 3057 postea
1134 2995 1304 3041 Paulus
1326 2995 1658 3041 Samosatenus
1685 2992 1966 3048 instauravit,
1995 3002 2039 3037 et
2065 3001 2223 3052 postea

260 3085 285 3114 a
302 3070 501 3114 Photino
530 3079 597 3113 est
624 3067 908 3120 confirmata,
936 3076 985 3109 ut
1018 3065 1094 3124 qui
1119 3065 1235 3108 haec
1263 3063 1575 3121 dogmatizant
1600 3061 1864 3105 Photiniani
1889 3068 2223 3119 nuncupentur.

348 3137 603 3195 Diligenter
635 3145 789 3179 autem
821 3134 958 3177 verba
990 3145 1145 3177 sacrae
1179 3131 1437 3189 Scripturae
1477 3129 1888 3173 considerantibus
1900 3136 2094 3187 apparet
2128 3139 2223 3171 non

262 3204 383 3247 hunc
411 3217 595 3247 sensum
628 3203 674 3246 in
703 3216 755 3246 ea
783 3201 1003 3245 contineri
1032 3212 1170 3258 quem
1209 3197 1428 3257 praedicti
1461 3196 1674 3241 homines
1707 3209 1788 3239 sua
1816 3193 2031 3254 opinione
2065 3205 2227 3238 conce·

267 3282 441 3331 perunt.

352 3337 489 3391 Nam,
518 3349 659 3396 quum
693 3334 919 3379 Salomon
946 3334 1066 3377 dicat
1093 3332 1330 3391 (Proverb.
1355 3329 1479 3374 VIII.
1508 3330 1624 3386 24.):
1653 3316 1868 3374 Nondum
1874 3325 1993 3373 erant
2012 3309 2163 3386 tab-yssi,
2186 3332 2228 3371 et

264 3420 334 3463 ego
356 3408 447 3462 jam
474 3409 667 3480 concepta
700 3418 832 3457 eram,
860 3403 966 3446 satis
993 3399 1191 3445 ostendit
1222 3399 1343 3442 hanc
1371 3397 1715 3456 generationem
1743 3399 1847 3439 ante
1867 3380 2037 3439 om'ni'a
2065 3398 2222 3452 &orpo-

268 3471 378 3514 ralia
405 3471 642 3515 exstitisse
670 3469 804 3514 Unde
832 3468 1068 3527 reliquitur
1103 3465 1225 3526 quod
1252 3463 1390 3509 Filius
1424 3478 1449 3507 a
1474 3463 1577 3507 Deo
1612 3463 1815 3522 genitus
1829 3459 2025 3506 initium
2044 3457 2226 3504 essendi

270 3553 294 3580 a
321 3538 464 3581 Maria
490 3551 583 3581 non
611 3537 814 3596 sumpsit.
850 3535 918 3590 Et,
945 3534 1050 3579 licet
1076 3534 1190 3577 haec
1219 3542 1262 3576 et
1289 3530 1374 3575 alia
1403 3529 1568 3575 similia
1595 3527 1857 3574 testimonia
1882 3516 2144 3588 depflwai‘e
2153 3528 2228 3570 cb·

271 3605 362 3648 nati
390 3603 555 3649 fuerint
581 3617 791 3664 perversa
811 3601 1109 3662 expositione,
1137 3600 1338 3644 dicentes
1357 3584 1471 3644 haec
1495 3596 1748 3642 secundum
1767 3589 2227 3655 praedesfflia'fionem
