2332 3854
291 247 318 299 5
329 232 399 301 36
958 242 1111 281 LIBER
1152 240 1227 279 111.
1270 241 1390 280 CAP.
1433 240 1576 279 CLXI.

289 346 495 405 relinquas
519 361 608 399 me;
647 326 692 390 et
716 344 944 389 Dominus
971 356 1102 387 orare
1127 356 1214 386 nos
1247 342 1403 388 docet:
1425 341 1481 387 Et
1505 356 1556 388 ne
1584 355 1658 387 nos
1683 340 1874 401 inducas
1883 343 1931 387 in
1956 344 2241 420 tentattonqn,

285 412 352 458 sed
378 413 510 458 libera
535 427 606 457 nos
628 427 654 457 a
683 411 809 456 malo.
1940 435 1942 437 *

379 478 605 531 Quamvis
632 488 784 523 autem
815 476 879 521 illi
913 477 987 535 qui
1010 476 1056 520 in
1077 485 1269 551 peccato
1293 455 1398 520 sunt
1421 462 1575 520 vitare
1587 489 1691 520 non
1708 467 1892 535 possint
1904 452 1986 540 per
2010 490 2244 543 propriam

287 555 560 604 potestatem
593 545 701 603 quin
731 543 1112 620 impedimentum
1132 543 1316 601 gratiae
1347 551 1589 602 praestent
1605 534 1678 586 vel
1711 553 1911 604 ponant,
1924 551 1980 595 ιιι
2010 553 2244 620 ostensum

287 622 355 656 est
392 613 451 670 (c.
485 613 671 669 praec),
703 611 791 654 nisi
823 609 989 653 auxilio
1023 609 1217 685 gratiae
1227 611 1590 684 praeveniamur,
1621 609 1946 674 nihilominus¹
1958 602 2185 690 tamest

287 679 351 722 eis
383 679 631 736 imputatur
658 677 713 720 ad
742 676 939 735 culpam,
972 676 1081 734 quia
1108 676 1184 729 hic
1217 675 1419 733 defectus
1445 691 1500 721 ex
1533 676 1668 736 culpa
1698 677 2034 740 praecedente
2021 692 2070 739 ιιι
2096 691 2246 743 effige-

287 744 526 803 linquitur.
561 745 677 787 sicut
709 744 857 788 ebrius
897 743 951 786 ab
994 743 1248 810 homicidio
1278 757 1393 788 ιιοιι
1427 753 1669 788 excusatur
1707 744 1851 804 quod
1862 758 1967 814 per
1979 725 2246 803 ebrietatem

288 811 547 863 committit,
575 824 713 868 quam
745 824 826 854 sua
859 809 1012 867 culpa
1023 806 1225 854 incurrit.
1258 810 1516 866 Praeterea,
1547 810 1664 854 licet
1676 809 1755 856 ille
1786 811 1886 872 qui
1885 820 1972 857 est
1980 813 2035 875 in
2054 820 2256 876 Ρεςςειισ

286 890 381 920 ιιοιι
413 877 577 921 habeat
608 877 698 921 hoc
731 876 778 920 in
811 877 996 936 propria
1024 886 1247 935 potestate
1279 877 1411 936 quod
1450 877 1647 922 omnino
1670 877 1804 924 vitet
1821 870 2078 941 peccatum,
2109 869 2248 925 habet

287 954 440 987 tamen
461 953 732 1003 potestatem
754 958 874 987 nunc
897 943 1040 988 vitare
1066 943 1159 996 hoc
1183 942 1258 988 vel
1274 943 1386 987 illud
1401 954 1659 1002 peccatum,
1675 954 1724 988 ut
1739 944 1912 991 dietum
1926 952 2009 1008 est
2012 946 2094 1009 (c.
2098 931 2246 1010 156)

287 1010 405 1054 unde
424 1011 746 1069 quodcumque
764 1010 1011 1054 committit
1031 999 1287 1054 voluntarie
1306 1008 1565 1065 committit,
1589 1021 1634 1055 et
1654 1011 1716 1055 ita
1740 1025 1836 1055 non
1852 1011 2082 1056 immerito
2098 1012 2151 1056 ei
2166 1011 2248 1055 im-

285 1088 466 1135 putatur
493 1078 548 1121 ad
576 1077 773 1136 culpam.

989 1251 1256 1353 CAPUT
1300 1268 1526 1334 CLXII.

511 1412 695 1458 QUOD
738 1411 911 1450 DEUS
960 1411 1252 1459 ALIQUOS
1305 1411 1341 1450 A
1390 1411 1705 1458 PECCATQ
1743 1411 2056 1473 LIBERAT

712 1487 784 1525 ET
824 1486 1068 1567 Atropos
1109 1486 1165 1526 m
1205 1486 1485 1530 PECCATo
1480 1466 1851 1540 ιιΕιιιιωιιΤ.
2098 1539 2102 1542 ι
2139 1516 2196 1543 m,
2223 1513 2233 1542 1.-

374 1610 502 1654 Licet
529 1594 681 1654 autem
712 1609 788 1655 ille
822 1610 900 1669 qui
930 1619 1091 1669 peccat
1121 1610 1502 1670 impedimentum
1535 1578 1707 1671 gratiae
1733 1582 1959 1673 praestet,
1971 1618 2020 1656 et
2043 1624 2100 1662 ιιι
2096 1623 2249 1677 quan

285 1687 384 1722 tum
415 1672 530 1722 ordo
555 1691 717 1721 rerum
749 1677 900 1736 exigit,
943 1678 1137 1737 gratiam
1177 1693 1271 1723 non
1314 1678 1496 1723 deberet
1533 1679 1751 1740 recipere,
1782 1682 1958 1743 tamen,
1963 1677 2102 1754 quia
2108 1665 2248 1744 Deus

284 1755 463 1802 praeter
495 1744 700 1791 ordinem
725 1744 856 1788 rebus
882 1744 1077 1799 inditum
1104 1745 1282 1804 operari
1308 1756 1471 1809 potest,
1503 1746 1620 1790 sicut
1641 1760 1789 1805 quum
1806 1759 2005 1809 caecum
2011 1730 2250 1807 illuminat
2325 1743 2332 1801 ζ

282 1810 357 1855 vel
395 1822 628 1856 mortuum
668 1811 919 1865 resuscitat,
951 1810 1179 1855 interdum
1213 1827 1266 1856 ex
1301 1812 1575 1856 abundantia
1599 1802 1824 1858 bonitatis
1849 1825 1977 1876 suae
1990 1806 2161 1879 etiarn
2166 1811 2247 1863 eo‘s

284 1879 361 1936 qui
386 1879 766 1937 impedimentum
798 1879 985 1937 gratiae
1006 1889 1235 1937 praestant
1267 1879 1432 1923 auxilio
1465 1893 1549 1924 suo
1582 1873 1828 1938 praevenit,
1862 1868 2075 1944 avertetis
2087 1891 2182 1931 eos
2214 1891 2242 1920 a

285 1945 409 1988 malo
437 1956 481 1989 et
512 1956 782 1989 convertens
815 1946 871 1989 ad
904 1946 1101 2000 bonum;
1135 1956 1192 1999 et,
1225 1946 1341 1990 sicut
1372 1960 1465 1990 non
1499 1960 1659 1990 omnes
1703 1959 1867 1990 caecos
1885 1928 2142 2006 illuminat,
2161 1957 2247 1995 nec

284 2026 447 2056 omnes
474 2012 715 2070 languidos
741 2022 884 2066 sanat,
910 2022 959 2056 ut
985 2023 1030 2056 et
1054 2013 1099 2056 in
1125 2012 1215 2057 illis
1251 2027 1365 2072 quos
1403 2024 1530 2057 curat
1552 2027 1665 2072 opus
1690 2012 1867 2074 virtutis
1892 2014 2002 2075 ejus
2013 2006 2245 2089 appareat,

285 2089 329 2122 et
360 2079 406 2122 in
439 2078 536 2123 aliis
579 2080 691 2124 ordo
733 2090 923 2124 naturae
954 2090 1170 2134 servetur,
1211 2080 1274 2124 ita
1305 2094 1399 2124 non
1442 2094 1603 2124 omnes
1647 2079 1725 2139 qui
1767 2072 1960 2141 gratiam
1990 2078 2144 2146 ,ἰιιιΡεᾴ
2146 2073 2246 2145 ιιιιιι

284 2145 452 2190 auxilio
486 2160 570 2190 suo
597 2147 833 2204 praevenit
864 2157 913 2190 ut
944 2157 1203 2205 avertantur
1235 2161 1262 2190 a
1287 2146 1411 2190 malo
1446 2157 1492 2191 et
1523 2156 1849 2209 convertantur·
1866 2146 1936 2203 ad
1956 2138 2154 2210 bouum,
2165 2146 2246 2203 εςᾶ

284 2211 476 2288 aliquos,
504 2215 549 2257 in
582 2214 743 2272 quibus
776 2213 882 2259 vult
905 2229 1036 2258 suam
1064 2214 1425 2258 misericordiam
1462 2228 1694 2273 apparere,
1725 2204 1789 2258 ita
1820 2199 1957 2277 quod
1973 2213 2020 2258 in
2053 2205 2164 2277 aliis
2179 2227 2249 2275 ju-

284 2279 432 2323 stitiae
466 2280 580 2324 ordo
614 2279 938 2325 manifestetur.
973 2281 1106 2325 Hinc
1126 2291 1194 2325 est
1225 2280 1347 2339 quod
1388 2280 1639 2340 Apostolus
1681 2280 1789 2324 dicit
1820 2272 1978 2342 (Rorn-
2014 2273 2114 2345 IX
2116 2262 2246 2345 22.);

284 2346 402 2389 Deus
432 2346 571 2390 volens
598 2347 800 2392 ostendere
832 2349 944 2391 iram
977 2353 1012 2391 et
1043 2354 1186 2392 notam
1218 2348 1354 2407 facere
1379 2349 1616 2407 potentiam
1645 2362 1791 2407 suam,
1811 2349 2015 2409 sustinuit
2029 2348 2101 2396 in
2096 2332 2245 2414 mult}

278 2414 486 2489 patientia
518 2427 622 2458 vasa
652 2415 742 2458 irae
769 2420 866 2473 apta
908 2416 950 2458 in
982 2415 1232 2468 interitum,
1248 2421 1294 2459 ut
1331 2414 1553 2460 ostenderet
1577 2414 1747 2458 divitias
1766 2402 1927 2478 gloriae
1946 2428 2054 2469 suae
2058 2428 2121 2479 ,ιης
2132 2417 2250 2467 vasa

284 2480 608 2538 misericordiae,
636 2495 740 2540 quae
754 2483 1041 2540 praeparavit
1072 2482 1118 2525 in
1146 2482 1341 2540 gloriam.

377 2547 536 2599 Quum
570 2557 721 2591 autem
749 2548 876 2593 Deus
907 2548 1152 2592 hominum
1178 2548 1254 2607 qui
1277 2548 1323 2591 in
1348 2546 1520 2593 eisdem
1542 2548 1741 2626 peccatis
1763 2521 2019 2612 detinentur
2042 2537 2138 2612 hos
2156 2526 2250 2610 qut—

288 2613 394 2658 dem
420 2615 718 2672 praeveniens
751 2614 1000 2669 convertat,
1035 2614 1138 2659 illos
1171 2625 1324 2659 autem
1350 2615 1567 2659 sustineat
1605 2616 1699 2660 sive
1734 2615 1966 2678 permittat
1997 2616 2248 2680 seeundum

287 2681 496 2725 ordinem
527 2693 679 2726 rerum
712 2684 974 2741 procedere,
1001 2696 1095 2726 non
1128 2692 1196 2727 est
1226 2681 1342 2726 ratio
1368 2681 1639 2742 inquirenda
1670 2697 1809 2741 quare
1838 2682 1927 2745 hos
1940 2691 2250 2749 convertat&

284 2762 379 2792 non
406 2747 536 2803 illos;
569 2749 660 2793 hoc
695 2749 818 2793 enim
852 2763 905 2793 ex
932 2748 1128 2808 simplici
1156 2750 1250 2808 ejus
1283 2748 1517 2805 voluntate
1544 2748 1782 2811 dependet,
1815 2749 1934 2798 sicut
1965 2764 2027 2795 ex
2049 2729 2250 2814 simplici

286 2815 380 2872 ejus
412 2815 647 2860 voluntate
680 2816 916 2875 processit,
940 2816 1077 2875 quod,
1101 2830 1241 2875 quum
1267 2816 1421 2870 omnia
1443 2815 1604 2860 fierent
1625 2830 1679 2860 ex
1701 2815 1875 2878 nihilo,
1886 2815 2113 2879 quaedam
2126 2815 2248 2873 facta

284 2892 389 2926 sunt
422 2882 519 2927 aliis
555 2883 778 2942 digniora,
812 2893 856 2928 et
895 2883 1012 2928 sicut
1045 2897 1099 2927 ex
1141 2881 1338 2943 simplici
1378 2882 1613 2927 voluntate
1657 2882 1880 2943 procedit
1901 2881 2085 2929 artificis
2111 2884 2171 2931 ut
2179 2896 2247 2948 εξ

285 2948 448 2993 eadem
481 2951 673 2995 materia
705 2950 913 2994 similiter
940 2950 1158 3010 disposita
1184 2949 1410 3009 quaedam
1436 2963 1544 2994 vasa
1570 2948 1738 2994 format
1770 2949 1826 2994 ad
1856 2942 2057 3011 upbiles:
2055 2963 2172 3009 usus
2196 2959 2248 3010 et

286 3015 512 3074 quaedam
547 3017 601 3061 ad
634 3016 873 3076 ignobiles.
908 3017 1027 3061 Hinc
1060 3027 1128 3062 est
1158 3017 1281 3077 quod
1314 3016 1565 3076 Apostolus
1599 3016 1706 3061 dicit
1738 3016 1895 3079 (Rom.
1917 3004 1998 3075 ¹IX.
2025 3004 2142 3081 31.)
2161 3005 2246 3081 An

286 3097 370 3125 non
397 3083 514 3127 habet
538 3090 778 3143 potestatem
798 3084 951 3143 figulus
975 3084 1062 3130 tuti
1093 3099 1142 3130 ex
1174 3083 1313 3130 eadem
1345 3099 1478 3129 massa
1502 3084 1645 3143 facere
1671 3082 1787 3128 aliud
1812 3082 2009 3148 quide-m
2004 3098 2081 3130 vas
2108 3081 2157 3139 in
2167 3083 2247 3139 ha·

286 3164 446 3204 norem,
474 3150 589 3194 aliud
621 3165 720 3195 vero
747 3152 791 3194 in
824 3152 1151 3196 contumeliam?
2072 3173 2075 3180 ²

376 3217 463 3260 Per
494 3218 585 3261 hoc
619 3227 785 3262 autern
806 3217 1059 3263 excluditur
1091 3231 1217 3262 error
1254 3215 1469 3276 Origenis
1486 3217 1642 3276 (Orig.
1676 3216 1732 3263 de
1754 3231 1850 3280 quo
1864 3188 2020 3280 supra,
2045 3189 2248 3281 seeundo

290 3298 327 3327 c.
361 3296 431 3338 44.
434 3285 470 3340 ),
504 3285 585 3343 qui
613 3285 791 3328 dicebat
823 3285 909 3330 hos
936 3286 992 3329 ad
1015 3286 1167 3329 Deum
1187 3284 1394 3329 converti
1417 3293 1458 3329 et
1481 3298 1576 3329 non
1595 3284 1740 3339 alios,
1742 3294 1927 3347 Ρῳριειζ
1942 3282 2102 3346 aliqua
2110 3297 2141 3347 9
2161 3286 2164 3331 i

2326 2097 2332 2117 ι

2309 2179 2332 2380 ³}

2305 2415 2332 2479 ἔξ

2303 2477 2332 2525 Ξ

290 3364 405 3409 quae
433 3352 612 3395 animae
639 3365 801 3396 eorum
826 3350 1028 3397 fecerant
1054 3362 1299 3412 antequam
1333 3351 1599 3411 corporibus
1626 3352 1881 3407 unirentur3
1900 3364 2042 3414 quae
2053 3365 2133 3413 q
2173 3362 2248 3414 ςηι

290 3416 456 3474 positio
490 3418 744 3477 improbata
779 3428 846 3463 est
877 3419 938 3477 (c.
963 3418 1032 3479 83.
1062 3428 1106 3464 et
1131 3418 1238 3478 84).
