2332 3854
271 217 340 270 30
955 214 1127 253 LIBER.
1170 215 1205 252 1.
1247 214 1367 253 CAP.
1409 215 1541 253 xxn.

270 316 392 376 quod
417 316 682 374 hujusmodi
707 330 805 361 esse
831 318 887 360 sit
915 315 1084 375 aliquid
1108 326 1285 375 praeter
1309 316 1555 360 essentiam
1585 317 1696 375 ejus.
1731 316 1887 362 Omne
1920 326 2075 362 autem
2104 319 2229 378 quod

270 383 488 427 convenit
510 382 647 426 alicui
668 383 790 441 quod
812 396 907 426 non
925 393 993 427 est
1010 383 1064 427 de
1084 383 1278 426 essentia
1295 384 1406 440 ejus,
1423 383 1638 427 convenit
1653 383 1696 427 ei
1711 397 1791 441 per
1808 382 2009 442 aliquam
2027 399 2228 433 causam.

270 449 334 493 Ea
361 450 498 503 enim,
526 464 642 508 quae
668 464 748 508 per
773 464 822 493 se
849 463 942 493 non
969 459 1073 494 sunt
1098 463 1256 502 unum,
1283 449 1321 493 si
1344 451 1699 509 conjunguntur,
1726 461 1907 510 oportet
1932 465 2012 509 per
2029 451 2229 512 aliquam

269 530 455 560 causam
481 517 611 559 uniri.
638 516 748 560 Esse
772 516 909 574 igitur
941 515 1157 560 convenit
1186 515 1254 559 illi
1285 515 1523 574 quidditati
1553 531 1635 575 per
1667 517 1868 576 aliquam
1901 532 2103 565 causam.
2134 519 2231 565 Aut

267 582 405 641 igitur
428 596 508 641 per
534 582 703 641 aliquid
729 582 851 640 quod
879 591 947 626 est
972 582 1027 626 de
1054 582 1250 626 essentia
1279 581 1402 627 illius
1434 583 1513 637 rei,
1545 583 1640 627 sive
1671 597 1754 642 per
1783 585 2027 628 essentiam
2056 585 2227 644 ipsam3

269 658 346 692 aut
361 663 442 708 per
459 648 627 707 aliquid
646 648 780 692 aliud.
800 649 849 691 Si
866 648 1015 706 primo
1034 648 1176 692 modo
1191 648 1411 706 (essentia
1432 658 1586 693 autem
1603 659 1672 693 est
1687 650 1940 694 secundum
1956 649 2069 696 illud
2089 651 2227 710 esse),

268 715 469 773 sequitur
501 715 623 773 quod
650 714 819 773 aliquid
845 715 903 758 sit
928 714 1013 758 sibi
1036 714 1125 773 ipsi
1151 729 1290 759 causa
1317 715 1508 760 essendi.
1533 715 1636 760 Hoc
1658 726 1812 760 autem
1839 726 1906 761 est
1930 717 2229 777 impossibile,

268 782 374 840 quia
399 782 536 840 prius,
563 782 814 825 secundum
840 780 1138 835 intellectum,
1167 791 1234 826 est
1260 795 1448 826 causam
1474 796 1588 837 esse,
1614 796 1753 841 quam
1779 782 2008 828 effectum.
2036 784 2086 829 Si
2116 798 2228 845 ergo

269 848 438 907 aliquid
465 849 549 893 sibi
566 849 651 906 ipsi
668 857 786 891 esset
802 862 940 892 causa
962 848 1155 902 essendi,
1172 848 1500 908 intelligeretur
1517 864 1615 894 esse
1633 860 1880 910 antequam
1899 851 2090 898 haberet
2105 867 2229 908 esse;

269 916 390 974 quod
418 925 485 959 est
509 913 806 973 impossibile,
827 915 916 959 nisi
940 914 1220 974 intelligatur
1244 916 1367 974 quod
1391 915 1559 975 aliquid
1587 917 1645 961 sit
1669 917 1754 961 sibi
1780 930 1918 962 causa
1948 919 2129 964 essendi
2158 934 2242 971 ser

269 982 468 1026 cundum
497 996 593 1026 esse
618 981 913 1035 accidentale,
946 982 1070 1041 quod
1095 996 1194 1026 esse
1221 992 1289 1027 est
1310 983 1561 1027 secundum
1588 983 1721 1042 quid3
1753 984 1844 1030 hoc
1878 985 2005 1030 enim
2033 999 2130 1031 non
2162 997 2231 1032 est

267 1049 573 1107 impossibile3
599 1049 826 1091 invenitur
857 1050 981 1093 enim
1015 1048 1201 1107 aliquod
1227 1063 1307 1094 ens
1333 1049 1613 1094 accidentale
1640 1060 1877 1095 causatum
1911 1065 1966 1097 ex
1996 1053 2229 1112 principiis

266 1116 336 1160 sui
358 1115 546 1174 subjecti
572 1125 675 1159 ante
697 1115 819 1173 quod
843 1129 957 1169 esse,
979 1115 1245 1173 intelligitur
1271 1130 1369 1160 esse
1391 1115 1686 1161 substantiale
1703 1117 1906 1175 subiecti
1922 1117 2056 1163 Nunc
2075 1129 2229 1164 autem

265 1197 359 1226 non
386 1182 618 1240 loquimur
643 1181 699 1225 de
726 1195 824 1226 esse
851 1181 1137 1236 accidentali,
1159 1182 1238 1226 sed
1265 1183 1322 1227 de
1348 1182 1644 1227 substantiali
1669 1183 1719 1227 Si
1740 1194 1895 1228 autem
1915 1183 1984 1228 illi
2004 1199 2102 1231 esse
2124 1201 2230 1231 con-

266 1249 419 1292 veniat
443 1263 524 1306 per
549 1247 749 1306 aliquam
777 1247 914 1292 aliam
942 1262 1153 1303 causam3
1181 1262 1320 1292 omne
1353 1258 1506 1292 autem
1540 1249 1662 1307 quod
1695 1250 1886 1309 acquirit
1917 1265 2017 1296 esse
2049 1252 2104 1296 ab
2138 1252 2227 1297 alia

267 1329 418 1370 causa,
445 1325 512 1359 est
539 1324 790 1369 causatum,
817 1325 862 1359 et
885 1329 981 1359 non
1008 1325 1076 1359 est
1101 1329 1239 1360 causa
1264 1316 1424 1374 prima.
1452 1316 1577 1359 Deus
1610 1326 1764 1360 autem
1797 1326 1869 1362 est
1896 1317 2044 1379 prima
2075 1333 2227 1375 causa,

265 1395 360 1425 non
391 1381 563 1426 habens
591 1395 792 1436 causam,
819 1392 867 1425 ut
892 1396 1026 1441 supra
1054 1382 1114 1439 (c.
1138 1382 1225 1441 13.)
1254 1382 1619 1426 demonstratum
1646 1392 1727 1428 est.
1750 1383 1893 1441 Igitur
1907 1382 1987 1428 illa
2003 1385 2229 1444 quidditas

267 1463 381 1507 quae
399 1449 591 1508 acquirit
611 1462 709 1493 esse
733 1447 930 1503 aliunde,
946 1461 1041 1493 non
1069 1458 1136 1493 est
1161 1449 1386 1508 quidditas
1403 1449 1518 1504 Dei;
1545 1463 1732 1494 necesse
1759 1460 1827 1495 est
1846 1450 1984 1509 igitur
1999 1452 2124 1511 quod
2139 1451 2230 1498 Dei

267 1530 366 1560 esse
393 1516 617 1575 quidditas
644 1530 725 1560 sua
752 1516 821 1560 sit.

352 1595 394 1637 4.
417 1582 651 1642 Amplius:
673 1584 768 1627 Esse
790 1592 944 1627 actum
966 1584 1213 1642 quemdam
1234 1583 1467 1638 nominat3
1489 1597 1584 1628 non
1607 1584 1731 1628 enim
1753 1583 1918 1629 dicitur
1937 1598 2039 1631 esse
2059 1584 2228 1646 aliquid

266 1664 321 1694 ex
345 1650 435 1694 hoc
463 1650 586 1708 quod
612 1659 679 1694 est
702 1650 749 1693 in
775 1650 992 1708 potentia,
1019 1650 1099 1694 sed
1125 1664 1179 1694 ex
1205 1650 1296 1694 hoc
1323 1650 1447 1709 quod
1473 1660 1542 1695 est
1573 1652 1619 1694 in
1646 1661 1764 1697 actu.
1791 1651 2129 1704 Omnes-utem
2153 1654 2230 1699 cui

266 1717 482 1761 convenit
507 1716 668 1775 aliquis
695 1727 835 1771 actus,
863 1716 1031 1776 aliquid
1058 1717 1286 1761 diversum
1314 1717 1368 1760 ab
1397 1731 1452 1760 eo
1480 1718 1714 1772 exsistens,
1746 1733 1794 1762 se
1819 1719 1959 1764 habet
1989 1721 2046 1765 ad
2077 1720 2229 1781 ipsum

265 1795 315 1828 ut
339 1784 542 1843 potentia
569 1784 623 1828 ad
651 1794 825 1838 actum3
853 1794 979 1829 actus
996 1785 1119 1828 enim
1145 1795 1188 1828 et
1214 1783 1417 1843 potentia
1443 1784 1499 1827 ad
1517 1798 1566 1828 se
1584 1785 1783 1829 invicem
1798 1784 2022 1831 dicuntur.
2045 1786 2095 1831 Si
2116 1798 2229 1846 engo
2251 1838 2257 1841 ,

266 1851 418 1895 divina
443 1853 637 1896 essentia
664 1861 731 1895 est
757 1851 878 1895 aliud
905 1866 1043 1910 quam
1066 1865 1200 1895 suum
1220 1865 1333 1904 esse,
1350 1851 1552 1909 sequitur
1569 1851 1692 1910 quod
1719 1853 1915 1897 essentia
1940 1862 1985 1897 et
2008 1866 2110 1899 esse
2122 1867 2228 1899 sese

264 1918 463 1962 habeant
487 1918 604 1962 sicut
625 1918 826 1976 potentia
849 1927 893 1962 et
915 1928 1056 1963 actus.
1087 1917 1339 1962 Ostensum
1375 1927 1444 1961 est
1477 1928 1629 1963 autem
1660 1933 1798 1977 supra
1831 1919 1892 1976 (c.
1923 1918 2093 1978 16.)'in
2122 1921 2228 1973 Deo

264 1984 380 2028 nihil
405 1998 502 2028 esse
528 1984 583 2028 de
609 1985 826 2043 potentia,
850 1984 930 2029 sed
955 1985 1106 2043 ipsum
1132 1998 1230 2029 esse
1256 1998 1420 2043 purum
1444 1994 1612 2030 actum.
1635 1985 1743 2030 Non
1763 1985 1901 2044 igitur
1920 1986 2011 2035 Dei
2033 1987 2228 2033 essentia

265 2061 333 2095 est
360 2051 481 2095 aliud
509 2065 647 2109 quam
673 2065 807 2095 suum
835 2066 948 2096 esse.

357 2131 394 2175 ς.
419 2119 558 2163 Item:
583 2132 722 2162 omne
745 2118 868 2177 quod
889 2132 984 2162 non
1001 2127 1151 2177 potest
1174 2132 1272 2162 esse
1290 2118 1378 2162 nisi
1397 2119 1771 2163 concurrentibus
1787 2119 2006 2178 pluribus,
2021 2130 2229 2176 estcom·

264 2186 487 2243 positum;
514 2186 594 2230 sed
619 2184 746 2230 nulla
772 2199 858 2239 res,
883 2186 931 2229 in
957 2199 1046 2244 qua
1069 2195 1138 2230 est
1158 2184 1281 2229 aliud
1303 2187 1498 2230 essentia
1516 2195 1561 2229 et
1577 2185 1700 2230 aliud
1717 2199 1831 2241 esse,
1854 2196 2007 2245 potest
2026 2201 2126 2242 esse
2136 2189 2230 2235 nisi

264 2253 636 2297 concurrentibus
661 2251 876 2311 pluribus,
902 2252 1077 2297 scilicet
1103 2253 1300 2297 essentia
1327 2262 1371 2296 et
1397 2267 1520 2306 esse;
1548 2266 1659 2311 ergo
1686 2253 1837 2298 omnis
1861 2267 1949 2309 res,
1974 2254 2023 2299 in
2046 2268 2138 2314 qua
2158 2266 2228 2301 est

265 2320 385 2364 aliud
412 2320 607 2364 essentia
635 2329 678 2364 et
718 2319 839 2363 aliud
860 2334 974 2374 esse,
997 2329 1065 2364 est
1100 2319 1370 2379 composita.
1398 2320 1525 2364 Deus
1551 2330 1703 2364 autem
1724 2334 1818 2364 non
1841 2330 1910 2366 est
1931 2321 2227 2382 compositus,

265 2399 313 2433 ut
340 2399 574 2433 ostensum
601 2398 668 2432 est
695 2390 756 2446 (c.
789 2389 890 2446 18.).
918 2389 1074 2447 Ipsum
1100 2388 1237 2447 igitur
1263 2402 1362 2432 esse
1387 2387 1479 2432 Dei
1503 2397 1572 2432 est
1598 2401 1677 2431 sua
1705 2389 1914 2433 essentia.

353 2455 394 2499 6.
421 2455 657 2514 Amplius.
682 2456 832 2500 omnis
855 2469 925 2499 res
949 2465 1016 2499 est
1040 2469 1120 2514 per
1146 2455 1236 2499 hoc
1256 2454 1378 2513 quod
1395 2454 1532 2499 habet
1554 2469 1674 2509 esse;
1696 2454 1849 2500 nulla'
1837 2455 1976 2514 igitur
1986 2469 2093 2511 res,
2097 2457 2225 2515 cnjus

264 2523 460 2567 essentia
485 2537 580 2566 non
607 2532 673 2566 est
698 2537 832 2566 suum
859 2536 973 2576 esse,
999 2531 1066 2566 est
1097 2536 1177 2580 per
1210 2521 1454 2566 essentiam
1486 2535 1631 2576 suam,
1664 2522 1740 2566 sed
1774 2522 2121 2582 participatione
2149 2523 2229 2568 ali-

203 2586 208 2591 ’
264 2591 406 2647 cujus,
434 2589 642 2634 scilicet
630 2589 771 2648 ipsius
798 2603 909 2633 esse.
941 2588 1082 2641 Quod
1109 2599 1263 2633 autem
1291 2598 1360 2633 est
1385 2602 1465 2646 per
1490 2588 1889 2647 participationem
1915 2587 2107 2648 alicuius
2130 2603 2226 2635 non

263 2667 411 2716 potest
436 2671 535 2701 esse
561 2657 759 2716 primum
786 2671 889 2710 ens;
917 2657 1022 2715 quia
1048 2656 1106 2710 id,
1134 2670 1224 2715 quo
1253 2655 1423 2715 aliquid
1449 2656 1689 2714 participat
1715 2656 1771 2699 ad
1796 2656 1888 2700 hoc
1911 2656 2035 2716 quod
2059 2656 2134 2712 sit,
2157 2667 2226 2703 est

264 2739 318 2768 eo
346 2725 482 2783 prius.
508 2724 634 2768 Deus
657 2734 810 2768 autem
832 2734 899 2768 est
920 2724 1119 2782 primum
1142 2737 1236 2777 ens,
1260 2737 1351 2782 quo
1373 2722 1488 2766 nihil
1511 2731 1579 2767 est
1599 2722 1735 2781 prius.
1763 2722 1884 2804 Dei
1871 2725 2009 2782 igitur
2030 2723 2226 2771 essentia

264 2801 331 2835 est
357 2805 489 2835 suurn
517 2804 629 2835 esse

353 2858 482 2902 Hanc
506 2868 658 2902 autem
679 2857 923 2902 sublimem
940 2859 1179 2901 veritatem
1196 2857 1382 2916 Moyses
1401 2871 1426 2900 a
1442 2855 1647 2900 Domino
1665 2866 1734 2900 est
1751 2855 1954 2911 edoctus,
1970 2857 2063 2916 qui,
2076 2871 2223 2917 >quum
2240 2878 2243 2879 ⁷

263 2935 500 2984 quaereret
526 2939 551 2968 a
577 2925 798 2979 Domino,
824 2925 979 2968 dicens
1006 2924 1166 2982 (Exod.
1186 2925 1264 2968 III.
1293 2938 1359 2983 13.
1392 2925 1503 2981 14.):
1526 2924 1573 2968 Si
1594 2923 1778 2969 dixerint
1802 2923 1857 2968 ad
1876 2939 1942 2969 me
1955 2924 2046 2983 filii
2065 2925 2222 2970 Israel:

265 2991 391 3048 Quod
415 2998 471 3036 est
495 3006 644 3036 noman
669 2994 792 3050 ejus?
818 2991 916 3049 quid
938 2991 1075 3036 dicam
1104 2993 1197 3036 eis?
1228 2991 1457 3035 Dominus
1484 2990 1739 3049 respondit:
1767 2991 1856 3050 Ego
1881 3006 1973 3036 sum
2003 2993 2077 3051 qui
2099 3006 2219 3046 sum·‚·

261 3060 319 3102 sic
330 3058 441 3109 dices
450 3059 555 3116 filiis
575 3059 730 3103 Israiil:
755 3059 844 3115 Qui
865 3064 932 3111 est,
954 3060 1068 3102 misit
1087 3073 1150 3102 me
1178 3058 1231 3102 ad
1251 3072 1337 3111 vos,
1362 3058 1606 3102 ostendens
1632 3071 1767 3101 suum
1791 3057 2028 3117 proprium
2048 3072 2222 3114 nomen
2240 3111 2242 3113 v

265 3139 387 3170 esse:
417 3126 504 3181 Qui
535 3131 602 3170 est.
625 3124 876 3177 Quodlibet
902 3134 1055 3168 autem
1081 3138 1252 3168 nomen
1277 3134 1346 3169 est
1370 3125 1625 3168 institutum
1647 3123 1703 3167 ad
1726 3124 2078 3183 significandum
2097 3135 2224 3170 natu-

264 3206 361 3235 ram
387 3206 466 3236 seu
494 3193 737 3236 essentiam
766 3191 953 3249 alicujus
979 3192 1058 3235 rei.
1093 3192 1227 3235 Unde
1259 3191 1525 3249 relinquitur
1555 3192 1677 3249 quod
1704 3191 1854 3250 ipsum
1886 3190 2093 3247 divinum
2119 3205 2222 3246 esse

266 3269 332 3303 est
358 3274 438 3302 sua
461 3260 655 3303 essentia
680 3260 751 3303 vel
778 3269 952 3303 natura.
976 3259 1105 3302 Hanc
1130 3259 1267 3303 etiam
1291 3258 1527 3302 veritatem
1547 3257 1763 3303 catholici
1784 3259 2011 3307 Doctores
2031 3257 2222 3319 professi

265 3336 381 3370 sunt.
402 3326 479 3370 Ait
495 3341 693 3384 namque
712 3325 925 3379 Hilarius,
943 3326 989 3369 in
1006 3325 1122 3369 libro
1140 3326 1210 3369 De
1239 3324 1461 3369 Trinitate
1483 3325 1578 3381 (lib.
1606 3324 1745 3382 VII.):
1763 3325 1875 3372 Esse
1895 3325 2218 3381 nonaccidens

263 3393 381 3446 Deo,
407 3393 485 3436 sed
512 3394 758 3437 subsistens
783 3394 962 3447 veritas,
989 3402 1034 3436 et
1059 3406 1250 3436 manens
1273 3406 1424 3445 causa,
1452 3402 1496 3435 et
1516 3391 1733 3436 naturalis
1754 3393 1934 3450 generis
1952 3391 2243 3452 propriam,-

265 3459 448 3503 Boetius
475 3460 612 3503 etiam
640 3460 761 3514 dicit,
788 3460 834 3503 in
861 3459 976 3503 libro
1003 3460 1075 3503 De
1103 3458 1325 3503 Trinitate
1353 3460 1414 3517 (c.
1444 3458 1520 3515 2.),
1550 3459 1673 3517 quod
1698 3459 1851 3504 divina
1875 3458 2124 3515 substantia
2153 3469 2223 3505 est

266 3528 415 3585 ipsum
443 3540 557 3580 esse,
583 3537 628 3571 et
655 3527 708 3570 ab
737 3541 789 3571 ea
816 3537 883 3571 est
908 3540 1020 3571 esse.
1920 3556 1922 3558 -
