2332 3854
244 187 351 257 376
911 196 1067 238 LIBER
1107 197 1183 236 111.
1225 194 1346 236 eff.
1386 196 1531 236 LXIV.

182 296 185 301 ’
240 303 438 347 hahente
452 301 766 361 cognitionem
780 299 1025 354 finis‚sicut
1036 299 1200 358 sagitta
1213 299 1418 357 dirigitur
1436 298 1492 344 ad
1502 299 1724 358 signuma
1737 298 2202 359 sagittante-:Oportet

239 383 352 429 ergo
379 369 502 429 quod
524 378 621 413 tota
647 367 853 427 operatio
880 376 1069 410 naturae
1098 366 1152 409 ab
1180 365 1332 425 aliqua
1356 365 1624 425 cognitione
1650 365 1900 420 ordinetur,
1926 375 1971 411 et
1994 366 2088 412 hoc
2100 366 2204 425 qui·

243 437 349 481 dem
377 437 573 480 mediate
596 433 671 478 vel
698 433 964 477 immediate
993 442 1176 492 oportet
1200 433 1420 478 reducere
1444 432 1492 477 in
1516 433 1684 477 Deum.
1713 433 1914 492 Oportet
1931 433 2062 478 enim·
2077 433 2204 492 quod

243 505 393 548 omnis
421 503 608 546 inferior
641 515 711 544 ars
740 510 783 543 et
811 500 1015 558 cognitio
1043 514 1068 543 a
1101 500 1325 559 superiori
1353 499 1576 559 principia
1609 500 1817 558 accipiat,
1843 499 1961 544 sicut
1983 500 2031 544 in
2063 499 2205 545 semen-

242 571 317 614 tiis
345 580 389 614 et
415 567 704 628 speculativis
723 576 766 610 et
788 566 1032 625 operativis
1051 576 1248 625 apparet.
1266 567 1391 611 Deus
1413 568 1560 625 igitur
1565 581 1646 611 sua
1671 566 1956 625 providentia
1978 565 2205 612 mundum

245 637 481 696 gubernat.
2097 662 2099 666 <

337 703 527 747 Adhuc:
557 715 610 744 ea
639 713 755 758 quae
788 709 894 743 sunt
925 698 1179 743 secundum
1204 713 1336 743 suam
1367 709 1577 743 naturam
1604 699 1865 753 distincta,
1853 713 1901 743 m
1926 706 2068 745 unum
2086 697 2209 744 ordi·

244 785 351 814 nem
378 783 472 812 non
501 769 794 821 conveniunt,
820 766 907 809 nisi
940 767 992 810 ab
1028 780 1120 809 uno
1155 766 1361 810 ordinate
1395 765 1707 825 colligantur
1696 781 1743 809 in
1765 780 1927 810 unum.
1952 766 2005 810 In
2030 765 2205 813 univer-

246 836 422 881 salitate
467 844 620 877 autem
663 847 816 881 rerum
859 843 964 877 sunt
1005 846 1075 876 res
1117 832 1349 885 distinctas
1387 842 1430 877 et
1468 834 1717 877 contrarias
1753 843 1937 878 naturas
1972 832 2207 885 habentes,

246 917 362 962 quae
388 912 543 945 tamen
568 914 729 943 omnes
752 900 799 943 in
820 914 963 943 unum
992 899 1201 944 ordinem
1225 900 1514 954 conveniunt,
1538 914 1644 944 cum
1671 899 1896 958 quaedam
1919 899 2208 958 operationes

246 969 554 1028 quorumdam
578 968 821 1026 excipiunt,
842 967 1069 1026 quaedam
1096 976 1250 1010 autern
1272 980 1299 1009 a
1322 965 1592 1025 quibusdam
1614 967 1839 1024 juvantur,
1853 965 1929 1010 vel
1950 965 2088 1011 etiam
2106 979 2210 1025 ope-

245 1046 413 1080 rantur.
440 1036 637 1094 Oportet
662 1037 797 1093 igitur
825 1034 948 1093 quod
975 1034 1033 1078 sit
1058 1034 1376 1077 universorum
1403 1048 1518 1077 unus
1541 1034 1775 1093 ordinator
1802 1041 1846 1077 et
1872 1032 2161 1091 gubernator.

335 1103 570 1180 Amplius:
600 1112 762 1146 eorum
796 1115 911 1161 quae
940 1101 1061 1144 circa
1088 1101 1357 1145 coelestium
1385 1110 1630 1159 corporum
1654 1109 1809 1144 *motus
1837 1103 2069 1159 apparent,
2093 1099 2210 1143 ratio

248 1171 470 1230 assignari
495 1184 590 1214 non
623 1179 774 1228 potest
811 1183 865 1213 ex
890 1169 1161 1212 necessitate
1202 1178 1404 1221 naturae,
1435 1182 1538 1220 cum
1571 1168 1798 1243 quaedam
1826 1181 1988 1211 eorum
2013 1166 2214 1211 habeant

247 1238 400 1297 plures
428 1247 580 1281 motus
608 1236 896 1295 quibusdam,
924 1246 969 1279 et
996 1235 1186 1279 omnino
1215 1233 1461 1279 difformes.
1494 1235 1691 1293 Oportet
1717 1234 1853 1292 igitur
1879 1232 2002 1302 quod
2026 1232 2214 1278 illorum

248 1315 460 1350 motuum
488 1305 715 1348 ordinatio
743 1304 800 1347 sit
827 1303 880 1346 ab
911 1302 1062 1362 aliqua
1090 1302 1389 1360 pr0videntia‚
1411 1311 1462 1346 et
1487 1315 1566 1360 per
1593 1313 1880 1359 consequens
1912 1300 2122 1345 omnium
2152 1300 2215 1344 in-

248 1373 467 1417 feriorum
494 1381 705 1416 motuum
732 1380 778 1415 et
804 1370 1125 1429 operationum
1160 1383 1275 1445 quae
1302 1382 1383 1428 per
1407 1368 1513 1412 illos
1540 1377 1694 1413 motus
1721 1368 2036 1427 disponuntur.

338 1440 478 1484 Item·
522 1449 693 1498 quanto
728 1432 908 1496 aliquid
940 1436 1234 1496 propinquius
1267 1445 1341 1481 est
1374 1449 1553 1489 causae,
1590 1445 1719 1479 tanto
1754 1434 1858 1493 plus
1891 1433 2156 1494 participat
2151 1432 2215 1477 de

253 1506 450 1551 effectu
438 1507 592 1583 ipsius.
611 1505 746 1550 Unde
764 1505 802 1549 si
815 1504 984 1563 aliquid
997 1514 1126 1548 tanto
1144 1503 1436 1563 participatur
1457 1501 1698 1562 perfectius
1716 1502 1770 1545 ab
1783 1499 2028 1560 aliquibus,
2046 1510 2215 1560 quanto

253 1574 389 1619 alicui
434 1574 500 1617 rei
541 1573 688 1632 magis
732 1571 1079 1631 appropinquat,
1113 1571 1294 1647 signum
1328 1580 1400 1614 est
1441 1569 1564 1628 quod
1603 1567 1682 1612 illa
1722 1581 1794 1612 res
1833 1569 1892 1612 sit
1922 1575 2060 1612 causa
2085 1565 2212 1611 &llius

254 1641 376 1700 quod
403 1639 710 1684 diversimode
737 1639 1053 1698 participatur:
1087 1638 1205 1681 sicut
1234 1637 1275 1681 si
1305 1636 1456 1695 aliqua
1483 1635 1630 1694 magis
1657 1645 1761 1680 sunt
1786 1634 1951 1679 calida
1951 1633 2212 1680 secuudum

254 1708 376 1767 quod
404 1708 552 1766 magis
580 1706 945 1765 appropinquant
969 1706 1078 1763 igni,
1105 1705 1288 1763 signum
1316 1714 1384 1748 est
1411 1703 1536 1762 quod
1556 1703 1682 1761 ignis
1707 1702 1765 1746 sit
1788 1715 1928 1747 causa
1953 1699 2218 1747 calonan-

251 1775 496 1818 veniuntur
529 1784 682 1817 autem
715 1783 842 1816 tanto
886 1771 1037 1830 aliqua
1067 1770 1310 1829 perfectius
1348 1771 1559 1814 ordinata
1586 1782 1688 1814 esse
1726 1779 1917 1828 quanto
1931 1768 2110 1828 magis
2105 1777 2220 1813 sunt

255 1841 359 1884 Deo
392 1841 661 1899 propinqua.
694 1839 817 1883 Nam
855 1840 900 1882 in
929 1838 1194 1896 corporibus
1218 1837 1504 1881 inferioribus
1541 1850 1657 1896 quae
1692 1846 1796 1881 sunt
1831 1835 2087 1880 maxime&
2110 1834 2214 1879 Deo

257 1908 483 1961 distantia,
496 1917 686 1951 naturae
701 1905 1070 1949 dissimilitudine
1087 1905 1314 1948 invenitur
1331 1917 1430 1948 esse
1448 1903 1649 1948 defectus
1677 1901 1922 1962 aliquando
1934 1903 2071 1947 abeo
2092 1901 2215 1961 quod

255 1984 323 2018 est
344 1975 597 2018 secundum
626 1986 810 2016 cursum
835 1981 1038 2025 naturae,
1065 1971 1183 2015 sicut
1204 1981 1328 2029 patet
1346 1971 1399 2014 in
1426 1970 1729 2015 monstruosis
1749 1971 1801 2014 et
1826 1969 1926 2014 aliis
1948 1968 2219 2020 caedibus,

257 2041 379 2100 quod
412 2052 647 2099 nunquam
682 2039 845 2083 accidit
878 2037 927 2082 in
970 2038 1235 2096 corporibus
1282 2038 1569 2091 coelestibus,
1607 2045 1724 2096 quae
1749 2046 1905 2081 tamen
1933 2034 2219 2112 sunceliquo

255 2108 397 2152 modo
436 2107 699 2161 mutabilia;
741 2106 862 2165 quod
889 2120 983 2150 non
1018 2105 1217 2149 accidit'
1207 2120 1253 2148 in
1281 2099 1539 2150 substantiis
1571 2103 1954 2148 intellectualibus
1988 2103 2218 2163 κρηπίς.

257 2173 554 2219 Manifestum
596 2183 665 2218 est
707 2187 817 2231 ergo
845 2173 967 2231 quod
993 2172 1120 2216 Deus
1159 2182 1228 2216 est
1258 2184 1395 2215 causa
1425 2171 1565 2215 totius
1592 2171 1764 2215 ordinis
1789 2182 1956 2215 rerum.
1978 2169 2063 2215 Est
2085 2169 2222 2229 igitur

253 2242 349 2300 ipse
374 2255 455 2300 per
477 2254 608 2285 suam
632 2240 967 2298 providentiam
994 2239 1271 2297 gubernator
1306 2238 1444 2283 totius
1471 2237 1782 2282 ‘universitatis
1812 2248 1980 2282 rerum.

345 2308 536 2351 Adhuc:
565 2307 682 2351 sicut
698 2319 834 2366 supra
861 2307 980 2364 (Lib.
1007 2306 1064 2349 ΙΙ.
1092 2321 1131 2350 c.
1160 2319 1229 2364 23.
1259 2315 1303 2350 et
1328 2306 1422 2363 24.)
1448 2305 1700 2365 probatum
1719 2315 1799 2359 est,
1815 2305 2035 2350 Deusres
2052 2317 2220 2350 munes

256 2377 302 2419 in
328 2389 429 2419 esse
463 2374 677 2433 produxit
707 2387 801 2417 non
836 2386 889 2417 ex
919 2373 1192 2417 necessitate
1224 2383 1429 2428 natura-e,
1461 2372 1540 2416 sed
1567 2384 1648 2432 pet·
1678 2371 1965 2416 intellectum
1984 2370 2225 2427 et’volfun-

255 2439 691 2487 tatemlntellectus
705 2451 857 2485 autern
871 2450 916 2484 et
939 2439 1187 2484 voluntatis
1205 2439 1457 2499 ipsiusno‘n
1474 2450 1623 2498 potest
1642 2452 1741 2484 esse
1764 2438 1879 2484 alius
1903 2438 2005 2483 finis
2022 2437 2224 2494 ultimus,

255 2509 344 2553 nisi
368 2508 549 2552 bonitas
578 2509 689 2567 ers‚
724 2517 773 2551 ut
805 2506 980 2550 scilicet
1012 2521 1114 2550 eam
1142 2507 1275 2550 rebus
1304 2507 1682 2560 communicaret,
1720 2506 1837 2550 sicut
1862 2516 1924 2550 ex
1954 2505 2223 2565 ,praemissis

259 2586 458 2635 apparet.
486 2575 577 2619 Res
606 2585 759 2619 autem
786 2574 1059 2633 participant
1082 2574 1287 2617 divinam
1312 2574 1567 2618 bonitatem
1593 2588 1674 2632 per
1698 2573 1891 2618 modum
1910 2572 2225 2618 similitudinis

258 2644 304 2687 in
332 2652 553 2701 quantum
580 2642 704 2700 ipsae
730 2652 836 2685 sunt
859 2641 1023 2685 bonae.
1050 2640 1168 2684 Illud
1188 2651 1342 2686 autem
1369 2642 1492 2700 quod
1510 2650 1577 2685 est
1603 2641 1802 2685 maxime
1823 2640 1998 2685 bonum
2018 2640 2066 2684 in
2091 2641 2224 2684 rebus

261 2710 422 2754 creatis
450 2719 517 2753 est
547 2709 723 2752 bonurn
757 2708 928 2752 ordinis
964 2708 1176 2761 universi,
1214 2708 1337 2767 quod
1378 2719 1446 2753 est
1484 2711 1680 2753 maxime
1708 2707 1975 2767 perfeetum,
1994 2718 2052 2752 ’ut
2075 2706 2227 2752 Phiio-

259 2777 432 2837 sophus
449 2777 560 2820 dicit
577 2776 759 2820 decimo
777 2775 980 2820 secundo
1001 2776 1204 2835 Metaph.
1223 2777 1276 2834 (t.
1305 2790 1344 2821 c.
1367 2775 1470 2833 52),
1499 2775 1573 2819 cui
1595 2775 1734 2820 etiarn
1757 2773 2227 2835 consonutSct-ipmra

261 2844 413 2888 divina
439 2843 581 2902 (Gen.
608 2843 641 2887 1,.
674 2844 780 2902 31.),
809 2852 914 2888 cum
932 2843 1116 2887 dicitur:
1154 2843 1265 2888 Vidit
1283 2843 1399 2888 Daus'
1414 2850 1691 2902 cuncta'quae
1708 2842 1955 2902 fecerat,·et
1967 2841 2228 2888 mntvaffle

263 2913 387 2966 bona,
420 2925 525 2954 cum
553 2910 610 2954 de
642 2910 832 2969 singulis
859 2911 1069 2969 operibus
1103 2910 1267 2955 dixisse
1301 2910 1569 2970 simpliciter
1592 2911 1717 2970 quod
1749 2916 1871 2956 emm
1885 2910 2019 2955 bona.
2041 2907 2227 2954 leum

261 2980 399 3038 igitur
431 2978 604 3022 ordinis
636 2991 789 3023 rerum
822 2988 1079 3022 creatarum
1112 2991 1137 3021 a
1175 2978 1282 3022 Deo
1325 2988 1394 3022 est
1424 2978 1469 3021 id
1502 2977 1625 3037 quod
1654 2987 1726 3022 est
1751 2975 2228 3036 ⁴praecipue*uelitum

262 3056 308 3090 et
340 3047 567 3090 intentum
596 3059 621 3089 a
646 3045 765 3089 Deo.
792 3044 920 3089 Nihil
949 3054 1102 3089 autem
1136 3044 1258 3089 aliud
1291 3054 1359 3089 est
1390 3045 1643 3104 gubernare
1677 3043 1828 3103 aliqua
1850 3056 2006 3103 quam
2004 3039 2084 3088 'uis
2104 3043 2231 3088 ordi-

262 3126 373 3158 nem
419 3113 671 3171 imponere.
718 3112 819 3170 Ipse
861 3112 1000 3171 igitur
1035 3112 1163 3157 Deus
1198 3112 1360 3156 omnia
1402 3123 1486 3156 suo
1522 3110 1756 3156 intellectu
1794 3118 1841 3156 et
1877 3109 2117 3156 voluntate
2142 3123 2229 3170 gu-

268 3179 441 3224 bernat.
2107 3205 2139 3216 --

352 3248 589 3307 Amplius.
619 3246 980 3306 unumquodque
1001 3246 1240 3291 intendens
1266 3235 1467 3305 aliquem
1485 3245 1624 3290 finem
1644 3244 1792 3305 magis
1812 3211 2022 3290 curatde
2033 3242 2230 3307 eoquod

267 3325 334 3359 est
360 3317 658 3374 propinquius
684 3314 763 3358 fini
791 3314 970 3369 ultimo,
997 3314 1102 3373 quia
1120 3314 1213 3359 hoc
1240 3323 1306 3357 est
1334 3313 1472 3357 etiam
1497 3312 1596 3357 finis
1616 3312 1842 3358 aliorum
1854 3308 2058 3358 Ultimus
2069 3310 2230 3357 alitem

267 3381 368 3426 finis
387 3379 566 3426 divinae
579 3382 828 3426 voluntatis
845 3391 913 3426 est
934 3382 1115 3426 bonitas
1137 3380 1291 3440 ipsius,
1304 3379 1378 3424 cui
1397 3375 2238 3439 propinquissrmumxinrebmcrutis

269 3459 336 3493 est
361 3449 535 3493 bonum
561 3448 735 3493 ordinis
767 3449 907 3493 totius
934 3448 1147 3501 universi,
1175 3460 1286 3491 cum
1320 3447 1375 3491 ad
1406 3447 1557 3506 ipsum
1590 3446 1825 3492 ordinetur
1854 3443 2060 3493 niumm
2085 3441 2232 3489 'finem

270 3528 409 3559 omne
435 3515 708 3575 particulare
726 3517 901 3560 bonum
919 3515 1054 3574 huJus
1070 3513 1144 3560 vel
1169 3514 1291 3559 illius
1309 3516 1387 3568 rei,
1411 3515 1529 3559 siout
1546 3514 1697 3559 minus
1715 3508 2233 3573 ‘perfectammdtnmr

273 3580 328 3626 ad
355 3581 399 3625 id
426 3582 549 3641 quod
576 3593 645 3627 est
670 3580 927 3641 perfectius.
952 3581 1087 3627 Unde
1110 3591 1155 3627 et
1169 3580 1400 3641 quaelibet
1417 3594 1521 3641 pars
1537 3580 1764 3626 invenitur
1778 3587 2231 3640 essemptersuum
