2332 3854
814 218 971 259 Lmen
1004 218 1043 257 1.
1083 217 1204 257 CAP.
1244 216 1352 256 1.1v.
1994 205 2060 272 65

64 315 233 381 quud
256 319 519 365 nobiliora
506 334 554 364 m
576 319 751 364 entibus
778 329 882 364 sunt
907 319 1058 365 minus
1083 318 1309 364 nobilium
1331 318 1620 378 exemplaria.
1644 319 1814 363 Divina
1830 328 1983 364 autem
2001 333 2064 364 es·

106 387 250 433 sentia
275 387 322 431 in
347 401 396 432 se
421 385 679 431 nobilitates
705 387 918 431 omnium
943 387 1118 432 entium
1136 386 1504 445 comprehendit;
1530 399 1625 429 non
1648 385 1834 444 quidem
1860 399 1940 443 per
1962 400 2063 430 mo-

66 453 218 501 :dum
244 453 606 514 compositionis,
629 452 707 497 sed
734 466 813 511 per
839 453 1031 497 modum
1056 452 1361 513 perfectionis,
1387 461 1435 496 ut
1461 466 1595 529 supra
1623 460 1684 510 (c.
1715 465 1759 510 3¹
1771 452 1804 509 .)
1829 461 2081 514 ostensuQ

106 530 190 581 est.
220 521 389 566 Forma
415 530 568 565 autem
594 520 744 564 omnis
770 529 865 564 tam
888 520 1070 579 propria
1088 534 1226 579 quarn
1249 519 1509 564 communis
1534 519 1786 564 secundum
1811 518 1922 564 illud
1941 520 2062 578 quod

58 584 275 647 Jj-'aliquid
305 587 448 647 ponit,
480 585 698 646 perfectio
734 587 960 646 quaedam
992 601 1086 631 non
1115 597 1267 631 autem
1299 585 1696 646 imperfectionem
1738 585 1942 638 includit,
1975 586 2062 629 nisi

59 653 357 714 <7⁷3vsecundum
384 653 506 713 quod
539 652 691 697 deficit
722 667 748 696 a
781 667 891 697 vero
930 667 1052 706 esse3
1094 653 1349 698 intellectus
1390 653 1527 712 igitur
1553 652 1730 696 divinus
1763 652 1809 696 id
1842 652 1964 711 quod
1997 662 2064 696 est

55 719 341 781 ff‘proprium
367 720 717 778 uniuscujusque
742 719 789 762 in
816 719 1007 763 essentia
1035 733 1131 773 sua,
1159 720 1547 778 comprehendere
1580 728 1744 778 potest,
1766 718 2063 777 intelligendo

104 787 152 832 in
177 800 270 846 quo
302 788 397 845 ejus
424 786 618 831 essentia
658 785 874 840 imitatur,
908 795 953 830 et
981 786 1027 829 in
1062 799 1152 844 quo
1195 788 1247 829 ab
1283 789 1380 845 ejus
1408 785 1688 845 perfectione
1715 785 1871 830 deficit
1893 800 2064 830 unum-

44 851 61 874 '⁰
105 853 332 914 quodque,
358 863 514 912 utpote
535 851 834 910 intelligendo
853 852 1096 897 essentiam
1114 866 1245 896 suam
1263 863 1311 896 ut
1331 852 1600 897 imitabilem
1621 866 1701 912 per
1721 852 1912 896 modurn
1929 852 2064 906 vitae,

48 931 66 978 j
106 929 153 965 et
172 919 587 979 non'cognitionis,
613 919 778 978 accipit
802 918 1035 978 propriam
1061 918 1260 963 formam
1288 918 1492 977 plantae;
1520 920 1557 963 si
1585 933 1695 964 vero
1721 929 1769 964 ut
1794 918 2064 964 imitabilem

105 1000 185 1047 per
204 986 396 1031 modum
419 986 710 1045 cognitionis,
739 996 782 1030 et
807 999 900 1029 non
928 984 1185 1030 intellectus
1212 986 1444 1044 propriam
1469 985 1668 1030 formam
1696 985 1920 1041 animalis,
1938 986 2062 1030 etsie

36 1061 46 1078 ‘³
104 1053 160 1098 de
186 1052 298 1098 aliis.
331 1052 407 1098 Sic
433 1053 570 1111 igitur
602 1062 726 1112 patet
750 1053 871 1112 quod
899 1052 1094 1097 essentia
1121 1052 1272 1097 divina
1298 1053 1344 1096 in
1372 1063 1591 1112 quantum
1626 1063 1695 1098 est
1726 1053 1931 1098 absolute
1962 1067 2060 1112 per-

41 1115 46 1136 ⁶
76 1118 239 1174 ·fecta,
268 1129 419 1179 potest
444 1119 590 1179 accipi
615 1129 664 1163 ut
693 1120 876 1179 propria
900 1119 1016 1164 ratio
1044 1119 1354 1178 singulorum3
1381 1121 1500 1164 unde
1533 1134 1611 1179 per
1649 1135 1752 1165 eam
1788 1121 1915 1166 Deus
1950 1134 2064 1180 pro-

35 1196 59 1206 *
103 1186 250 1247 priam
276 1187 588 1245 cognitionem
614 1186 669 1230 de
696 1186 907 1231 omnibus
935 1186 1101 1231 habere
1129 1196 1290 1246 potest.

44 1288 50 1291 .
194 1252 319 1306 Quia
349 1266 459 1297 vero
485 1253 666 1312 propria
692 1253 808 1297 ratio
835 1253 966 1297 unius
993 1252 1281 1312 distinguitur
1309 1268 1333 1297 a
1359 1253 1540 1312 propria
1573 1255 1747 1298 ratione
1776 1253 1975 1309 alterius,
2000 1254 2065 1299 di-

103 1318 286 1366 stinctio
313 1329 467 1365 autem
494 1330 561 1364 est
582 1318 850 1379 pluralitatis
876 1320 1163 1379 principium,
1190 1330 1371 1379 oportet
1396 1321 1442 1364 in
1469 1320 1701 1366 intellectu
1730 1322 1886 1366 divino
1912 1322 2067 1366 distin·

103 1386 304 1432 ctionem
327 1386 557 1446 quandam
574 1397 618 1431 et
638 1386 942 1445 pluralitatem
969 1388 1198 1431 rationum
1225 1386 1559 1431 intellectarum
1586 1388 1890 1443 considerare,
1907 1403 2065 1433 secun·

101 1452 213 1499 dum
234 1454 356 1513 quod
381 1454 425 1499 id
452 1454 573 1512 quod
601 1463 666 1498 est
690 1454 737 1497 in
763 1453 996 1498 intellectu
1015 1454 1167 1498 divino
1192 1464 1259 1498 est
1276 1456 1458 1513 propria
1475 1454 1590 1498 ratio
1614 1455 1913 1500 diversorum.
1928 1455 2062 1499 Unde

42 1520 49 1581 J
71 1540 73 1542 ¹
102 1531 212 1565 cum
225 1520 317 1565 hoc
335 1522 393 1565 sit
410 1521 661 1565 secundum
680 1521 802 1579 quod
819 1521 944 1564 Deus
961 1520 1175 1579 intelligit
1188 1521 1422 1579 proprium
1434 1531 1691 1580 respectum
1706 1522 2062 1576 assimilationis,

38 1604 49 1626 c
103 1592 243 1647 qnam
267 1587 404 1631 habet
430 1601 728 1646 unaquaeque
756 1596 962 1631 creatura
985 1587 1040 1630 ad
1066 1587 1231 1646 ipsum,
1247 1586 1515 1646 relinquitur
1536 1588 1659 1646 quod
1685 1588 1884 1632 rationes
1906 1602 2064 1632 rerum

102 1653 408 1699 inintellectu
434 1653 588 1699 divino
614 1667 709 1698 non
734 1654 823 1698 sint
839 1653 1003 1712 plures,
1026 1653 1101 1698 vel
1126 1654 1378 1708 distinctae,
1405 1654 1492 1698 nisi
1518 1655 1770 1698 secundum
1793 1655 1915 1714 quod
1935 1656 2063 1699 Deus

42 1715 55 1726 ³
104 1721 314 1780 agnoscit
337 1734 408 1765 res
434 1719 633 1779 pluribus
660 1731 704 1764 et
731 1721 918 1764 diversis
944 1721 1094 1764 modis
1121 1735 1219 1765 esse
1246 1720 1562 1766 assimilabiles
1599 1721 1707 1776 sibi;
1741 1731 1786 1766 et
1810 1722 2062 1766 secundum

42 1804 44 1806 ’
101 1786 193 1832 hoc
215 1786 501 1847 Augustinus
520 1787 641 1842 dicit,
664 1787 786 1847 quod
803 1787 930 1832 Deus
956 1787 1046 1832 alia
1072 1787 1248 1832 ratione
1273 1787 1381 1832 fecit
1406 1787 1663 1842 hominem,
1689 1798 1734 1833 et
1759 1788 1848 1832 alia
1876 1802 2062 1848 equum,

43 1867 57 1905 Q
103 1863 151 1900 et
173 1853 371 1899 rationes
396 1868 548 1899 rerum
574 1853 806 1914 pluraliter
825 1854 873 1898 in
895 1864 1047 1899 mente
1075 1854 1226 1898 divina
1253 1868 1351 1899 esse
1378 1855 1499 1899 dicit.
1527 1855 1579 1899 In
1605 1869 1696 1914 quo
1724 1856 1863 1900 etiam
1896 1855 2064 1915 aliqua-

53 1931 61 1945 ²
101 1921 205 1967 liter
233 1920 433 1967 salvatur
461 1920 666 1966 Platonis
693 1921 849 1980 opinio
876 1921 944 1980 (in
961 1921 1233 1966 Parmenide
1252 1931 1296 1966 et
1314 1920 1471 1966 Thim.
1499 1932 1543 1966 et
1569 1921 1695 1979 alibi)
1713 1923 1924 1981 ponentis
1938 1923 2062 1967 ideas

48 2008 50 2010 ’
101 1987 354 2033 secundum
386 2002 497 2048 quas
522 1987 778 2032 formantur
805 1988 962 2032 omnia
988 2001 1104 2047 quae
1130 1988 1177 2032 in
1203 1988 1336 2033 rebus
1363 1987 1672 2033 materialibus
1700 1990 1932 2035 exsistunt.

880 2189 1134 2246 CAPUT
1177 2191 1293 2246 LV.

510 2332 668 2379 QUOD
710 2333 850 2371 DEUS
893 2333 1069 2372 OMNIA
1109 2333 1273 2372 SIMUL
1314 2333 1659 2373 INTELLIGIT.

120 2486 129 2490 -
189 2456 258 2503 Ex
282 2456 355 2502 his
379 2466 534 2503 autem
559 2457 746 2504 ulterius
774 2468 961 2518 apparet
991 2458 1114 2518 quod
1148 2458 1274 2503 Deus
1314 2458 1472 2503 omnia
1498 2459 1635 2503 simul
1673 2459 1898 2519 intelligit.
1926 2461 2062 2506 Intel-

55 2527 60 2582 ff
78 2563 81 2565 ς
99 2522 245 2571 lectus
269 2534 425 2570 noster
449 2524 587 2570 simul
618 2525 762 2570 multa
789 2535 892 2570 actu
918 2525 1172 2585 intelligere
1198 2540 1292 2570 non
1325 2536 1488 2585 potest,
1529 2528 1634 2585 quia
1669 2541 1774 2571 cum
1805 2527 2062 2573 intellectus

32 2587 62 2650 ‚ss
93 2589 150 2645 ,in
174 2601 278 2636 actu
304 2591 361 2636 sit
391 2591 674 2637 intellectum
699 2592 746 2637 in
784 2602 903 2647 actu,
939 2593 978 2637 si
1009 2592 1139 2652 plura
1176 2592 1313 2637 simul
1340 2603 1443 2637 actu
1479 2593 1764 2670 intelligeret,
1800 2605 2061 2674 sequeretur

54 2657 224 2720 {equod
247 2657 504 2704 intellectus
533 2658 670 2703 simul
695 2669 814 2704 esset
837 2658 968 2718 plura
994 2659 1247 2704 secundum
1279 2674 1422 2703 unum
1449 2674 1607 2719 genus,
1642 2661 1764 2719 quod
1797 2672 1864 2706 est
1890 2663 2060 2721 impos-

62 2723 244 2775 f-oibile.
255 2725 376 2770 Dico
396 2735 549 2770 autem
566 2726 819 2771 secundum
840 2740 983 2770 unum
1000 2740 1160 2785 genus,
1179 2727 1284 2786 quia
1299 2727 1413 2771 nihil
1431 2727 1640 2786 prohibet
1656 2727 1780 2772 idem
1802 2728 2059 2787 subJectum

64 2788 339 2845 informari
363 2791 551 2838 diversis
575 2792 736 2838 formis
763 2793 1046 2838 diversorum
1079 2807 1323 2853 generum3
1362 2794 1478 2839 sicut
1513 2794 1636 2838 idem
1670 2809 1834 2854 corpus
1861 2805 1928 2840 est
1953 2795 2062 2855 figu-

60 2862 250 2913 τζέεωω
276 2869 322 2907 et
346 2858 618 2905 coloratum.
646 2859 834 2920 Species
861 2870 1013 2905 autem
1039 2859 1347 2919 intelligibiles
1373 2861 1535 2920 quibus
1554 2860 1811 2906 intellectus
1836 2861 2061 2908 formatur

68 2923 157 2971 ad
180 2925 272 2972 hoc
299 2926 458 2986 quod'
447 2940 545 2986 ipsa
570 2929 659 2972 sint
683 2926 952 2973 intellecta'
941 2942 988 2971 m
1014 2937 1133 2981 actu,
1161 2941 1322 2972 omnes
1355 2938 1460 2972 sunt
1486 2929 1617 2973 unius
1650 2930 1850 2987 generis:
1883 2930 2056 2975 habent

68 3005 225 3038 emm
250 3006 390 3038 unam
415 2994 642 3058 rationem
668 2994 846 3039 essendi
871 2994 1122 3039 secundum
1150 3008 1248 3039 esse
1284 2994 1583 3054 intelligibile,
1616 2995 1724 3040 licet
1759 3009 1830 3040 res
1867 3011 2059 3056 quarum
2108 2993 2116 3002 ⁴

66 3057 204 3114 ξειιιιῑ
227 3060 417 3120 species,
442 3061 490 3105 in
515 3075 655 3106 unam
689 3061 867 3106 essendi
903 3075 997 3105 non
1035 3061 1312 3106 conveniant
1343 3063 1590 3108 rationem:
1626 3062 1745 3106 unde
1771 3077 1855 3107 nec
1883 3074 2060 3109 contra-

63 3125 196 3175 ’ῖ-’ςιτίεε
219 3135 327 3172 sunt
350 3140 430 3186 per
461 3127 832 3173 contrarietatem
868 3142 1035 3183 rerum,
1070 3142 1186 3188 quae
1221 3138 1326 3173 sunt
1367 3139 1491 3173 extra
1528 3130 1742 3175 animam.
1772 3130 1827 3174 Et
1852 3130 1957 3174 inde
1991 3141 2058 3176 est

71 3192 242 3253 quod,
268 3193 451 3254 quando
478 3193 629 3255 aliqua
654 3194 800 3240 multa
834 3195 1130 3255 accipiuntur,
1163 3209 1455 3255 quocumque
1489 3195 1630 3240 modo
1664 3196 1803 3250 unita,
1835 3196 2009 3241 simul
1998 3212 2060 3242 m·

260 3270 386 3307 ntur:
419 3260 556 3307 simul
577 3262 700 3307 enim
715 3262 929 3322 intelligit
944 3272 1093 3307 totum
1117 3263 1402 3317 continuum,
1421 3277 1514 3307 non
1532 3273 1708 3322 partem
1730 3273 1833 3323 post
1859 3274 2060 3324 partem:

82 3332 103 3366 ῑ.
156 3325 363 3372 similiter
375 3327 512 3372 simul
526 3328 739 3387 intelligit
760 3330 1138 3406 propositionem,
1151 3344 1244 3373 non
1267 3330 1389 3388 prius
1409 3330 1679 3388 subjectum,
1693 3340 1737 3374 et
1753 3340 1911 3389 postea
1931 3345 2060 3390 prae·

150 3406 152 3410 ’
186 3402 327 3449 tum;
358 3394 464 3454 quia
490 3396 743 3439 secundum
769 3409 908 3439 unam
935 3396 1073 3440 totius
1100 3396 1299 3455 speciem
1334 3409 1496 3440 omnes
1529 3406 1677 3455 partes
1711 3400 1963 3457 cognoscit.
1991 3399 2059 3443 Ex

70 3458 165 3523 {³0⁶³
188 3458 325 3520 igitur
341 3462 548 3521 accipere
560 3475 805 3520 possumus
816 3462 939 3523 quod
957 3476 1272 3522 quaecumque
1291 3462 1420 3521 plura
1430 3476 1519 3506 una
1537 3464 1687 3522 specie
1705 3475 2059 3524 cognoscuntur,

76 3526 241 3581 gia-»ul
262 3537 455 3588 possunt
482 3527 699 3588 intelligi:
727 3530 882 3574 omnia
910 3539 1063 3574 autem
1096 3543 1212 3589 quae
1244 3530 1371 3574 Deus
1403 3530 1645 3589 cognoscit
1681 3544 1772 3576 una
1804 3532 1958 3592 specie
1987 3546 2063 3578 co-

69 3595 300 3661 jguoscit,
324 3609 441 3655 quae
467 3605 535 3641 est
559 3609 645 3640 sua*
667 3598 886 3652 essentia3
913 3597 1069 3642 omnia
1093 3596 1231 3656 igitur
1257 3595 1394 3642 simul
1418 3596 1671 3658 intelligere
1696 3608 1860 3659 potest.

240 3695 279 3735 S.
303 3695 458 3734 'raom
483 3698 619 3734 Summa
643 3705 751 3734 contra
779 3698 933 3735 Gentiles.
1463 3747 1470 3757 1
1911 3713 1926 3748 5
