2294 3854
832 172 991 213 11111111
1028 173 1101 212 tv.
1142 173 1263 213 cap,
1301 172 1487 214 Lxxxt.
2031 157 2131 226 691

186 273 406 328 mendum
431 273 608 319 videtur
632 273 756 333 quod
775 273 1025 333 perfectius
1050 274 1135 322 fuit
1159 275 1240 321 sub
1257 274 1407 321 forma
1433 284 1480 320 et
1502 273 1653 338 spe9ie
1673 273 1969 322 humanitatis
1990 272 2140 317 consi·

187 349 322 393 stens.
335 339 397 385 Si
412 339 520 399 quid
543 353 654 384 vero
680 339 824 387 defuit
843 341 913 387 ad
926 340 1318 400 complementum
1340 341 1518 387 debitae
1536 340 1813 400 quantitati&
1834 338 1908 387 vel
1932 340 2038 398 quia
2060 337 2140 389 ali-

186 406 290 466 quis
304 416 573 465 praeventus
589 416 668 451 est
691 417 839 452 morte
865 417 1110 466 antequam
1133 418 1295 454 natura
1325 409 1478 467 ipsum
1503 408 1559 453 ad
1576 406 1824 465 perfectam
1841 406 2139 465 quantitatem

186 471 444 525 deduceret,
475 471 550 517 vel
581 474 687 531 quia
711 471 827 517 forte
854 472 1014 532 aliquis
1048 474 1279 520 mutilatus
1306 485 1373 520 est
1398 475 1632 527 membr03
1661 472 1841 522 aliunde
1868 472 1960 518 hoc
1989 471 2140 516 divina

186 537 412 597 supplebit
438 540 656 597 potentia.
681 538 780 585 Nec
814 549 968 585 tamen
1000 541 1090 587 hoc
1116 542 1334 600 impediet
1365 540 1639 599 resurgentis
1665 538 1873 598 corporis
1896 537 2140 591 unitatem;

186 604 293 663 quia
317 604 456 651 etiam
482 619 623 664 opere
646 615 834 651 naturae
859 620 995 665 super
1018 607 1063 651 id
1086 610 1210 666 quod
1235 621 1344 669 puer
1368 609 1520 661 habet,
1547 606 1717 665 aliquid
1743 605 1920 666 additur
1945 604 2140 658 aliunde,

187 681 236 716 ut
261 671 317 715 ad
342 670 590 748 perfectam
613 672 846 732 perveniat
864 675 1184 732 quantitatem:
1210 689 1294 720 nec
1320 675 1421 720 talis
1444 674 1614 720 additio
1636 673 1744 718 facit
1769 671 1910 717 alium
1931 685 2141 724 numero,

185 737 308 785 idem
333 738 459 786 enim
483 753 678 784 numero
695 748 773 784 est
801 739 960 794 homo,
989 751 1033 784 et
1054 755 1180 799 puer,
1205 753 1249 785 et
1280 741 1471 787 adultus

218 828 222 839 »
275 803 342 849 Ex
357 818 450 863 quo
469 806 609 850 etiam
626 814 749 863 patet
765 806 888 864 quod
904 821 988 852 nec
1015 809 1356 852 resurrectionis
1374 808 1513 852 fidem
1536 806 1759 866 impedire
1780 784 1944 865 potest,
1964 804 2143 855 etiamsi

188 868 337 929 aliqui
359 871 568 916 carnibus
595 871 808 917 humanis
832 883 1088 927 vescantur,
1115 884 1164 918 ut
1195 875 1353 932 quinto
1381 875 1700 932 objiciebatur.
1716 873 1823 920 Non
1838 871 1963 917 enim
1989 881 2057 917 est
2070 884 2145 918 ne·

187 936 450 998 cessarium,
483 947 534 982 ut
561 947 793 984 ostensum
827 949 908 991 est,
931 939 1052 997 quod
1084 940 1301 999 quidquid
1331 940 1415 984 fuit
1442 941 1491 984 in
1516 940 1705 985 homine
1738 928 2045 992 materialiter,
2068 950 2144 984 ,re-

187 1002 414 1061 surgat-in
438 1017 521 1048 eo:
549 1014 594 1048 et
621 1004 789 1049 iterum
815 1004 854 1049 si
879 1005 1047 1063 aliquid
1082 1006 1222 1058 deest,
1255 1006 1453 1065 suppleri
1479 1017 1629 1063 potest
1660 1019 1738 1064 per
1764 1005 2016 1064 potentiam
2040 1004 2143 1050 Dei.

187 1067 312 1133 (ἕως
336 1067 476 1129 igitur
501 1081 707 1117 comesta
730 1081 935 1129 resurget
960 1073 1004 1117 in
1038 1086 1093 1116 eo
1119 1073 1167 1116 in
1194 1086 1284 1131 quo
1311 1074 1460 1132 primo
1491 1073 1575 1117 fuit
1606 1073 1759 1117 anima
1792 1071 2024 1117 rationalis
2045 1084 2146 1130 ,per-

26 1119 38 1150 Ὺ
112 1158 115 1160 -
186 1133 629 1191 feessafiiinflecundo
655 1151 784 1191 vero,
812 1138 851 1182 si
877 1150 971 1182 non
997 1138 1106 1183 solis
1131 1139 1337 1183 carnibus
1364 1140 1576 1184 humanis
1598 1150 1666 1184 est
1687 1149 1862 1198 pastus,
1883 1138 1963 1184 sed
1979 1148 2031 1186 et-
2044 1137 2144 1183 aliis

188 1201 316 1256 cibis,
342 1215 579 1261 resurgere
604 1206 771 1262 poterit
791 1212 969 1248 tantum
991 1205 1045 1248 de
1069 1205 1159 1249 alio
1178 1206 1299 1263 quod
1323 1206 1363 1250 ei
1382 1205 1672 1251 materialiter
1695 1205 1890 1259 advenit,
1917 1204 2042 1263 quod·
2054 1204 2146 1252 erit

187 1268 498 1322 necessarium
529 1269 586 1314 ad
618 1269 816 1317 debitam
850 1271 1149 1329 quantitatem
1185 1273 1389 1331 corporis
1419 1271 1776 1318 restaurandam.
1811 1271 1873 1321 Si-
1891 1283 2002 1322 vero
2023 1270 2146 1322 ,solis

186 1333 404 1389 hmanis
433 1336 643 1387 carnibus
658 1337 724 1383 sit
753 1347 925 1396 pastus,
957 1349 1161 1396 resurget
1195 1339 1242 1384 in
1275 1353 1331 1383 eo
1359 1339 1479 1398 quod
1507 1354 1535 1383 a
1564 1338 2069 1397 generantibustraxin
2100 1348 2146 1386 et

188 1400 322 1461 quod,
342 1401 549 1456 defuerit,
584 1402 866 1462 supplebitur
913 1405 1243 1463 omnipotentia
1276 1405 1524 1451 Creatoris.
1562 1405 1705 1457 Quod,
1727 1404 1825 1459 etsi
1852 1415 2061 1463 parentes
2087 1417 2144 1449 ex

188 1466 301 1522 solis
319 1467 536 1523 humanis
560 1469 771 1515 carnibus
794 1470 910 1529 pasti
934 1470 1114 1525 fuerint,
1136 1480 1185 1516 ut
1210 1472 1274 1517 sic
1296 1482 1342 1516 et
1359 1486 1522 1516 eorum
1547 1485 1722 1525 semen,
1746 1470 1871 1531 quod
1897 1481 1965 1515 est
1988 1483 2144 1530 super-¹

188 1533 330 1579 fluum
354 1533 571 1594 alimenti,
594 1550 649 1580 ex
674 1537 883 1580 carnibus
912 1536 1070 1581 alienis
1097 1548 1364 1596 generatum
1387 1539 1457 1593 sit,
1483 1546 1686 1596 resurget
1708 1537 1893 1596 quidem
1918 1550 2078 1587 semen
2099 1537 2147 1582 in

191 1601 443 1660 enquiest
471 1611 604 1646 natus
632 1616 686 1646 ex
711 1603 900 1657 semine,
926 1602 1033 1647 loco
1061 1605 1188 1662 cujus
1221 1606 1261 1648 ei
1294 1606 1420 1663 cujus
1448 1618 1605 1649 carnes
1638 1616 1871 1649 comestae
1897 1613 2014 1658 sunt,
2040 1617 2145 1661 sup-

191 1666 385 1726 plebitur
411 1667 605 1719 aliunde.
633 1669 735 1713 Hoc
755 1670 879 1718 enirn
902 1670 950 1715 in
982 1673 1312 1715 resurrectione
1343 1671 1610 1724 servabitur,
1642 1671 1765 1729 quod
1789 1670 1829 1714 si
1854 1669 2023 1728 aliquid
2055 1683 2148 1715 ma-

194 1733 521 1788 tetialiterjfiuit
548 1735 595 1780 in
621 1734 821 1794 pluribus
852 1736 1131 1791 hominibus,
1163 1747 1367 1796 resurget
1397 1738 1444 1790 in
1477 1751 1533 1782 eo
1568 1738 1623 1781 ad
1656 1737 1783 1794 cujus
1815 1735 2145 1794 perfectionem

191 1801 338 1860 magis
355 1801 634 1860 ,pertint-iehan
652 1802 772 1847 unde
794 1803 831 1846 si
856 1802 940 1847 fuit
954 1804 1000 1847 in
1022 1817 1114 1848 uno
1138 1813 1187 1848 ut
1202 1803 1399 1848 radicale
1421 1817 1595 1857 semen,
1622 1818 1676 1848 ex
1693 1817 1785 1862 quo
1802 1813 1871 1848 est
1891 1812 2148 1861 generatus,

189 1867 237 1919 in
253 1867 472 1921 adiuuere
490 1868 609 1914 sicut
632 1869 955 1927 superveniens
980 1872 1324 1924 nutrimentum,
1341 1881 1546 1928 resurget
1562 1870 1611 1915 in
1628 1883 1684 1914 eo
1711 1869 1789 1928 qui
1815 1879 1883 1913 est
1907 1878 2148 1927 generatus

192 1947 253 1985 ex,
268 1933 514 1985 hocssssicut
537 1949 592 1981 ex
618 1936 808 1982 semine.
833 1935 884 1979 Si
908 1948 1019 1985 vero
1043 1936 1091 1979 in
1124 1950 1216 1981 uno
1232 1935 1317 1981 fuit
1337 1947 1387 1981 ut
1406 1937 1636 1994 pertinens
1661 1935 1717 1979 ad
1742 1934 2072 1994 perfectionem
2089 1936 2151 1980 in·

192 1999 376 2054 dividui,
402 2001 450 2045 in
475 1999 566 2046 alio
593 2011 746 2045 autem
772 2011 821 2045 ut
846 2001 1111 2061 deputatum
1137 2003 1192 2047 ad
1215 2002 1542 2061 perfectionem
1572 2002 1756 2060 speciei,
1780 2011 1992 2060 resurget
2016 2002 2064 2046 in
2091 2016 2148 2048 eo

190 2067 247 2113 ad
269 2081 405 2127 quem
430 2069 681 2127 pertinebat
704 2069 954 2113 secundum
979 2069 1307 2127 perfectionem
1333 2070 1576 2115 individui:
1605 2070 1723 2114 unde
1757 2083 1915 2114 semen
1941 2080 2150 2128 resurget

188 2133 432 2193 ingenito,
457 2143 503 2180 et
531 2148 626 2179 non
650 2134 698 2178 in
722 2145 983 2193 generante,
1009 2146 1055 2180 et
1080 2146 1208 2181 costa
1225 2137 1355 2183 Adae
1371 2146 1577 2195 resurget
1598 2136 1645 2181 in
1663 2135 1774 2189 Eva,
1793 2149 1888 2180 non
1908 2135 1955 2180 in
1970 2135 2150 2190 Adam,

191 2200 471 2260 inquoiuit
488 2201 606 2247 sicut
636 2201 684 2246 in
715 2212 905 2246 naturae
931 2202 1168 2261 principio.
1203 2203 1252 2249 Si
1279 2214 1432 2249 autem
1469 2205 1723 2248 secundum
1759 2201 1974 2246 eumdem
2006 2201 2150 2260 perfe-

191 2266 355 2320 etionis
380 2266 574 2319 modum
595 2267 679 2312 fuit
703 2269 750 2312 in
776 2278 984 2327 utroque,
1006 2279 1210 2328 resurget
1232 2270 1282 2314 in
1308 2284 1364 2316 eo
1390 2270 1438 2316 in
1454 2283 1555 2328 quo
1582 2269 1788 2328 primitus
1812 2267 1909 2314 fuit.

197 2380 202 2385 ,
232 2379 237 2385 ,
261 2332 356 2381 „Ad
374 2333 422 2380 id
445 2346 556 2381 vero
588 2334 713 2393 quod
729 2339 866 2379 *se‘xto
897 2334 1129 2392 objectum
1171 2346 1253 2390 est,
1291 2350 1346 2381 ex
1377 2336 1448 2380 his
1481 2349 1597 2394 quae
1624 2335 1743 2380 dicta
1774 2343 1880 2379 sunt
1907 2334 2003 2392 jam
2027 2344 2152 2394 patet

190 2399 376 2449 solutio.
402 2399 694 2447 Resurrectio
721 2402 844 2445 enim
867 2409 1045 2446 tantum
1063 2402 1119 2447 ad
1135 2401 1276 2448 finem
1302 2402 1520 2446 naturalis
1543 2412 1624 2455 est,
1639 2402 1687 2445 in
1709 2411 1930 2459 quantum
1946 2399 2151 2446 naturale

192 2476 266 2518 est
276 2466 463 2524 animae
489 2481 589 2514 esse
614 2468 796 2525 corpori
822 2467 1018 2523 unitam3
1051 2468 1130 2514 sed
1152 2469 1427 2528 principium
1453 2470 1551 2527 ejus
1578 2469 1777 2515 activum
1809 2481 1903 2511 non
1935 2476 2004 2512 est
2027 2478 2153 2512 natu-

192 2532 301 2587 rale,
326 2520 406 2580 sed
424 2533 526 2579 sola
550 2532 713 2578 virtute
739 2533 892 2579 divina
919 2545 1140 2582 causatur.

280 2598 380 2644 Nec
406 2601 543 2645 etiam
564 2599 824 2658 negandum
851 2610 919 2645 est
943 2602 1153 2647 omnium
1174 2603 1557 2649 resurrectionem
1575 2615 1675 2647 esse
1699 2601 1913 2656 futuram,
1938 2602 2149 2660 quamvis

193 2678 287 2710 non
304 2678 467 2711 omnes
483 2679 562 2724 per
580 2665 719 2712 fidem
739 2665 923 2713 Christo
943 2666 1231 2721 adhaereant,
1248 2683 1332 2714 nec
1352 2670 1449 2727 ejus
1468 2668 1694 2727 mysteriis
1711 2668 1799 2711 sint
1815 2666 1991 2711 imbuti.
2009 2666 2150 2713 Filius

194 2728 317 2781 enim
345 2731 436 2776 Dei
467 2742 649 2790 propter
685 2731 775 2776 hoc
808 2742 1017 2776 naturam
1058 2733 1312 2781 humanam
1353 2735 1598 2792 assumpsit
1624 2744 1673 2778 ut
1696 2748 1800 2781 eam
1831 2743 2073 2791 repararet.
2098 2734 2150 2778 Id

194 2797 330 2856 igitur
345 2799 467 2856 quod
493 2808 562 2843 est
578 2797 779 2843 defectus
800 2806 1002 2854 naturae,
1019 2799 1066 2843 in
1084 2801 1294 2846 omnibus
1317 2802 1617 2859 reparabitur:
1637 2800 1756 2844 unde
1774 2813 1937 2844 omnes
1953 2813 1982 2851 a
2001 2810 2149 2845 morte

194 2863 400 2913 redibunt
417 2865 472 2908 ad
488 2864 644 2917 vitam,
661 2864 739 2909 sed
756 2863 960 2909 defectus
976 2865 1174 2923 perfecte
1188 2881 1284 2911 non
1302 2868 1580 2926 reparabitur
1598 2867 1684 2911 nisi
1700 2867 1747 2910 in
1764 2865 1853 2911 illis
1870 2865 1948 2924 qui
1964 2865 2150 2911 Christo

196 2929 511 2985 adhaeserunt,
537 2929 610 2975 vel
635 2944 714 2988 per
731 2931 965 2989 proprium
984 2942 1137 2977 actum
1155 2932 1410 2978 credendo*
1397 2949 1445 2980 m
1462 2934 1628 2992 ipsum,
1654 2932 1725 2977 vel
1752 2931 1918 2978 saltem
1943 2946 2024 2991 per
2045 2931 2152 2977 fidei

196 3005 551 3047 sacramentum.

871 3151 1126 3207 CAPUT
1185 3152 1470 3208 LXXXII.

567 3286 726 3334 QUOD
762 3286 1005 3327 HOMINES
1047 3287 1366 3327 RESURGENT
1407 3288 1778 3327 IMMORTALES.

285 3393 358 3438 Ex>
376 3408 468 3453 quo
495 3395 634 3439 etiam
659 3403 783 3453 patet
806 3394 929 3454 quod
954 3394 1001 3438 in
1027 3393 1172 3438 futura
1199 3395 1526 3441 resurrectione
1551 3396 1764 3442 homines
1791 3411 1885 3444 non
1910 3397 1976 3443 sic
2002 3378 2150 3444 resur-

198 3470 307 3520 gent
337 3470 387 3504 ut
419 3461 509 3506 sint
532 3461 698 3505 iterum
731 3461 951 3507 morituri.

253 3562 274 3579 „
291 3527 550 3574 Necessitas
576 3527 698 3577 enim
717 3527 942 3577 moriendi
966 3537 1034 3574 est
1059 3527 1259 3573 defectus
1285 3529 1330 3573 in
1357 3539 1516 3576 natura
1532 3529 1734 3577 humana
1757 3544 1811 3575 ex
1832 3542 2022 3590 peccato
2051 3544 2151 3591 por·
