2332 3854
11 1058 15 1075 ,„
0 646 13 1000 wvwwmv-J-g·
7 617 10 623 ,
8 574 9 577 Α
14 526 18 532 ..
14 497 17 499 ι
9 455 17 462 ι,
11 390 14 391 ¹
10 351 11 355 „
0 225 5 300 2.-22
0 123 12 183 „⁸7⁶
10 81 26 92 ἴ
12 39 22 61 ι(

865 216 1021 279 muza
1059 239 1134 277 111.
1177 238 1296 277 ctu».
1336 238 1386 275 ι.
1990 236 2016 290 3
2027 236 2093 289 57

144 354 322 406 psatur;
354 354 399 389 et
422 342 629 388 similiter
653 345 829 401 questio
847 346 959 401 quia
987 354 1054 387 est
1084 344 1259 403 quaerit
1281 341 1483 386 medium
1521 340 1577 383 ad
1604 340 2009 384 demonstrandum
2035 355 2093 384 an

145 422 226 465 est,
252 411 500 455 secundum
538 410 790 453 doctrinam
832 411 1040 453 traditam
1083 411 1128 453 in
1169 411 1370 454 secundo
1413 408 1584 451 Poster.
1613 409 1663 463 (t.
1693 421 1730 449 c.
1765 407 1836 462 1.).
1872 406 2093 450 Videmus

144 487 311 529 autem,
338 477 459 535 quod
491 476 693 519 videntes
724 476 828 533 quia
865 487 932 519 est
972 476 1155 533 al³quid‚
1195 475 1459 519 naturaliter
1484 475 1597 517 scire
1631 474 1887 516 desiderant
1913 486 2097 531 propter

143 543 264 602 quid.
292 543 412 600 Ergo
441 553 484 586 et
515 552 846 600 cognoscentes
874 555 928 584 an
958 542 1125 599 aliquid
1154 544 1222 595 sit,
1248 541 1510 587 naturaliter
1543 540 1657 585 scire
1695 539 1954 583 desiderant
1989 539 2096 597 quid

144 619 213 654 est
236 612 407 668 ipsum:
434 609 555 667 quod
583 618 651 652 est
676 608 926 665 intelligere
954 609 1048 663 ejus
1075 610 1384 651 substantiam.
1414 606 1518 651 Non
1547 606 1680 663 igitur
1707 606 1931 663 quietatur
1965 616 2097 648 natu-

141 675 236 720 rale
261 676 434 719 sciendi
461 675 731 719 desiderium
757 675 803 717 in
832 674 1095 731 cognitione
1123 675 1223 726 Dei,
1251 689 1337 732 qua
1361 675 1499 718 scitur
1517 674 1571 716 de
1591 674 1688 729 ipso
1712 671 1862 715 solum
1885 672 1990 729 quia
2014 682 2095 714 est.

230 742 462 800 Amplius·
479 741 593 784 nihil
610 740 802 793 finitum,
819 740 1090 783 desiderium
1111 740 1364 783 intellectus
1383 740 1583 798 quietare
1602 747 1761 796 potest.
1778 737 1917 789 Quod
1934 737 2096 781 exinde

143 808 406 863 ostenditur,
432 807 554 867 quod
579 806 849 859 intellectus,
876 806 1077 865 quolibet
1117 805 1244 849 fin=to
1272 807 1392 858 dato,
1427 805 1592 863 aliquid
1640 804 1754 848 ultra
1797 804 1983 847 molitur
2025 818 2098 861 ap-

141 875 435 933 prehendere,
462 873 595 926 unde,
622 873 821 931 qualibet
846 872 964 916 linea
998 871 1121 915 finita
1149 871 1266 925 data,
1300 871 1498 930 aliquam
1526 871 1750 926 majorem
1792 869 1978 914 molitur
2019 883 2096 928 ap·

139 940 431 1001 prehendere.
460 938 514 983 Et
538 938 746 983 similiter
770 939 815 981 in
849 939 1062 982 numeris.
1091 937 1145 982 Et
1170 938 1283 981 haec
1312 947 1378 981 est
1405 937 1519 981 ratio
1547 937 1750 981 infinitae
1782 936 2025 981 additionis
2048 937 2094 980 in

140 1008 341 1051 numeris
366 1016 410 1050 et
432 1005 561 1050 lineis
586 1006 935 1049 mathematicis.
964 1005 1170 1049 Altitudo
1199 1015 1350 1048 autem
1378 1016 1422 1049 et
1447 1005 1588 1048 virtus
1617 1004 1856 1061 cujuslibet
1890 1004 2097 1048 substan·

138 1073 229 1118 tiae
262 1082 439 1117 creatae
471 1072 594 1116 finita
622 1082 700 1115 est.
728 1071 831 1115 Non
859 1072 995 1130 igitur
1019 1071 1274 1115 intellectus
1312 1072 1588 1115 substantiae
1631 1080 1863 1129 separatae
1905 1069 2098 1129 quiescit

140 1152 221 1198 per
243 1138 350 1193 hoc,
376 1138 498 1197 quod
525 1138 763 1197 cognoscit
787 1138 1058 1182 substantias
1086 1148 1258 1182 creatas
1281 1148 1702 1196 quantumcumque
1727 1138 1992 1191 eminentes,
2015 1138 2095 1181 sed

141 1205 289 1251 adhuc
314 1205 510 1249 naturali
535 1205 757 1250 desiderio
798 1205 940 1249 tendit
967 1205 1021 1248 ad
1048 1203 1394 1263 intelligendum
1435 1204 1732 1263 substan-tiam
1760 1218 1875 1262 quae
1903 1213 1971 1248 est
1994 1203 2092 1248 alti·

139 1271 307 1316 tudinis
333 1270 548 1326 infinitae,
574 1282 623 1315 ut
647 1271 693 1314 in
719 1271 867 1330 primo
895 1272 954 1328 (c.
977 1271 1070 1328 43.)
1095 1282 1326 1314 ostensum
1347 1281 1413 1314 est
1435 1271 1489 1314 de
1511 1271 1759 1314 substantia
1781 1270 1947 1314 divina.

225 1337 488 1383 Praeterea:
506 1338 621 1382 sicut
635 1338 839 1382 naturale
856 1337 1131 1382 desiderium
1152 1338 1267 1381 inest
1289 1338 1500 1381 omnibus
1521 1336 1901 1381 intellectualibus
1918 1337 2091 1382 naturis

141 1404 198 1453 ad
222 1404 473 1458 sciendum,
498 1404 561 1447 ita
592 1404 709 1448 inest
733 1404 797 1448 eis
822 1403 1028 1448 naturale
1054 1404 1329 1448 desiderium
1354 1403 1663 1462 ignorantiam
1689 1417 1768 1447 seu
1793 1402 2096 1447 nescientiam

138 1464 352 1534 pellendi.
375 1470 665 1515 substantiae
691 1482 844 1515 autem
869 1481 1119 1530 separatae,
1146 1471 1263 1515 sicut
1287 1471 1378 1529 jam
1407 1471 1579 1515 dictum
1606 1481 1674 1515 est
1702 1470 1763 1528 (c.
1790 1471 1900 1528 49.),
1927 1484 2096 1529 cogno,-

139 1547 272 1585 scunt
294 1537 526 1597 praedicto
567 1538 842 1595 cognitionis
870 1538 1012 1582 modo
1038 1537 1336 1581 substantiam
1363 1537 1451 1580 Dei
1477 1551 1576 1581 esse
1604 1551 1738 1595 supra
1780 1550 1844 1591 se,
1884 1546 1930 1580 et
1960 1550 2095 1594 supra

138 1615 278 1648 omne
299 1604 422 1665 quod
448 1604 501 1647 ab
529 1605 592 1648 eis
613 1603 893 1660 intelligitur,
920 1613 965 1648 et
988 1617 1067 1662 per
1089 1617 1375 1662 consequens
1398 1604 1548 1646 sciunt
1572 1602 1773 1646 divinam
1796 1603 2094 1647 substantiam

139 1669 223 1716 sibi
249 1683 346 1715 esse
367 1671 592 1730 ignotam.
634 1669 802 1714 Tendit
833 1672 968 1729 igitur
993 1669 1198 1714 naturale
1223 1669 1430 1728 ipsorum
1456 1669 1731 1715 desiderium
1758 1670 1814 1713 ad
1839 1670 2093 1728 intelligen-

139 1736 246 1798 dam
276 1737 475 1782 divinam
500 1736 811 1782 substantiam.

225 1802 367 1849 Item:
392 1814 562 1863 quanto
589 1802 758 1862 aliquid
785 1813 850 1848 est
875 1802 954 1846 fini
983 1801 1292 1862 propinquius,
1317 1812 1445 1847 tanto
1478 1802 1644 1860 majori
1685 1801 1911 1846 desiderio
1953 1801 2098 1847 tendit

140 1869 196 1917 ad
220 1868 374 1914 finem.
400 1869 535 1914 Unde
553 1880 598 1914 et
610 1870 816 1914 videmus
834 1869 955 1928 quod
972 1880 1123 1913 motus
1139 1868 1357 1913 naturalis
1386 1883 1631 1928 corporum
1654 1869 1699 1912 in
1722 1869 1811 1913 fine
1834 1868 2093 1913 intenditur.

137 1934 397 1983 Intellectus
424 1946 577 1979 autem
603 1937 952 1980 substantiarum
979 1946 1287 1992 separatarum
1313 1936 1660 1994 propinquiores
1688 1946 1791 1980 sunt
1817 1935 1996 1980 divinae
2020 1949 2098 1979 co-

139 2002 332 2061 gnitioni
357 2016 495 2063 quam
520 2013 676 2046 noster
706 2002 984 2055 intellectus3
1011 2002 1230 2046 intensius
1248 2003 1384 2061 igitur
1401 2002 1658 2046 desiderant
1673 2002 1761 2047 Dei
1780 2003 2095 2062 cognitionem

139 2082 278 2128 quarn
301 2083 398 2113 nos.
425 2068 524 2113 Nos
552 2079 718 2122 autem,
745 2079 1166 2128 quantumcumque
1194 2069 1393 2112 sciamus
1425 2069 1575 2112 Deum
1605 2083 1720 2122 esse,
1763 2080 1808 2113 et
1849 2069 1936 2113 alia
1980 2082 2095 2128 quae

137 2147 272 2193 supra
297 2135 417 2179 dicta
442 2145 559 2188 sunt,
584 2148 678 2179 non
704 2136 979 2194 quiescimus
1006 2134 1245 2187 desideri0‚
1272 2135 1351 2178 sed
1395 2135 1542 2179 adhuc
1585 2136 1893 2179 desideramus
1935 2134 2091 2180 Deum

136 2214 218 2260 per
241 2200 485 2246 essentiam
510 2215 640 2246 suam
670 2215 974 2260 cognoscere3
1002 2200 1148 2244 multo
1183 2202 1320 2259 igitur
1360 2202 1508 2259 magis
1541 2201 1818 2247 substantiae
1860 2212 2094 2261 separatae

136 2264 227 2312 hoc
253 2266 515 2312 naturaliter
536 2268 805 2312 desiderant.
831 2267 939 2312 Non
959 2267 1097 2326 igitur
1121 2266 1168 2311 in
1196 2268 1460 2327 cognitione
1477 2268 1565 2313 Dei
1583 2270 1811 2327 praedicta
1837 2283 1998 2313 eorum
2023 2269 2095 2314 de·

137 2328 351 2378 siderium
378 2334 614 2393 quietatur.

148 2448 150 2455 ,
191 2460 195 2463 ν
225 2398 292 2445 Ex
316 2400 476 2461 quibus
503 2399 787 2445 concluditur
809 2400 930 2459 quod
953 2400 1114 2444 ultima
1133 2399 1324 2445 felicitas
1351 2401 1629 2446 substantiae
1656 2411 1890 2461 separatae
1910 2417 2006 2447 non
2029 2412 2098 2447 est

136 2465 185 2510 in
207 2462 287 2510 illa
312 2467 573 2525 cognitione
595 2467 684 2511 Dei
706 2482 795 2526 qua
820 2481 925 2511 eum
953 2478 1241 2526 cognoscunt
1264 2482 1345 2525 per
1370 2482 1474 2512 suas
1502 2469 1788 2524 substantias,
1815 2484 1921 2513 cum
1943 2468 2092 2514 adhuc

138 2544 295 2577 eorum
322 2532 594 2577 desiderium
621 2534 756 2578 ducat
780 2548 859 2578 eos
885 2547 1028 2593 usque
1055 2534 1110 2577 ad
1137 2534 1225 2578 Dei
1250 2535 1562 2580 substantiam.

223 2598 276 2643 In
301 2611 394 2658 quo
420 2600 557 2644 etiam
583 2600 689 2644 satis
718 2610 916 2658 apparet,
943 2600 1065 2659 quod
1091 2600 1135 2643 in
1163 2600 1290 2644 nullo
1318 2601 1410 2645 alio
1438 2602 1695 2660 quaerenda
1722 2613 1789 2647 est
1814 2603 1974 2647 ultima
1999 2602 2096 2647 feli-

138 2666 264 2719 citas,
296 2678 433 2725 quam
457 2666 503 2709 in
531 2666 794 2725 operatione
820 2666 1089 2715 intellectus,
1114 2680 1218 2710 cum
1235 2667 1411 2711 nullum
1431 2669 1706 2713 desiderium
1723 2670 1879 2713 tamin
1898 2668 2093 2714 sublime

136 2730 251 2775 ferat
265 2732 380 2776 sicut
396 2732 668 2776 desiderium
693 2732 1014 2791 intelligendae
1039 2733 1254 2778 veritatis,
1285 2734 1458 2778 Omnia
1483 2750 1681 2794 namque
1698 2747 1853 2780 nostra
1870 2736 2093 2780 desideria

136 2795 211 2840 vel
236 2797 562 2853 delectationis,
587 2797 661 2843 vel
687 2800 1012 2856 cujuscumque
1045 2798 1227 2843 alterius
1254 2802 1376 2858 quod
1409 2801 1463 2844 ab
1498 2802 1688 2846 homine
1725 2803 2019 2856 desideratur,
2044 2803 2093 2847 in

138 2860 237 2906 aliis
261 2863 393 2907 rebus
425 2864 658 2922 quiescere
685 2875 885 2922 possunt.
927 2865 1218 2908 Desiderium
1260 2874 1409 2909 autem
1452 2868 1733 2926 praedictum
1774 2883 1869 2913 non
1902 2870 2093 2928 quiescit

137 2929 223 2972 nisi
250 2928 306 2972 ad
329 2943 561 2974 summum
600 2945 752 2974 rerum
786 2931 1016 2974 cardinem
1061 2941 1104 2975 et
1141 2931 1364 2976 factorem
1405 2934 1555 2978 Deum
1590 2937 1857 2993 pervenerit.
1901 2937 2094 2995 Propter

138 2995 260 3054 quod
288 2997 608 3041 convenienter
636 2997 867 3055 Sapientia
894 2998 1002 3042 dicit
1027 2997 1190 3056 (Eccli.
1219 2998 1385 3044 XXIV.
1414 3001 1502 3057 7.):
1531 3002 1619 3060 Ego
1651 3005 1695 3045 in
1728 3002 1940 3047 altissimis
1971 3004 2089 3048 habi-

95 3066 103 3079 ·
138 3063 243 3115 tavi,
274 3067 310 3105 et
342 3062 510 3107 thronus
541 3077 652 3107 meus
683 3065 726 3106 in
759 3064 951 3107 columna
992 3066 1135 3116 nubis,·
1181 3076 1223 3109 et
1250 3065 1406 3123 (Prov.
1435 3066 1513 3111 IX.
1545 3069 1604 3126 3.)
1647 3059 1821 3122 dicitur,
1869 3069 1991 3128 quod
2027 3083 2090 3114 sa-

130 3129 291 3186 pientia
323 3128 496 3172 ancillas
525 3143 619 3173 suas
641 3136 764 3174 vocat
795 3130 849 3173 ad
880 3145 1033 3174 arcem.

187 3193 505 3303 bErubescant
530 3195 667 3254 igitur
693 3197 769 3255 qui
792 3195 1056 3241 felicitatem
1083 3197 1297 3252 hominiS,
1323 3209 1418 3243 tam
1442 3199 1659 3245 altissime
1682 3201 1832 3257 sitam,
1854 3202 1901 3246 in
1922 3201 2091 3247 infimis

137 3271 186 3307 re
219 3273 270 3304 us
296 3271 530 3319 quaerunt.
