2332 3854
776 233 931 272 mann
970 231 1046 271 m.
1088 227 1207 272 CAP.
1249 230 1436 269 xxvm.
1985 230 2090 286 327

227 334 460 394 Amplius:
489 333 544 378 ad
566 333 827 379 felicitatem
858 349 936 393 per
961 334 1173 380 virtutem
1200 333 1470 394 pervenitur.
1499 331 1805 390 Operationes
1829 341 1980 376 autem
2008 333 2093 377 vir-

135 410 284 446 tutum
309 412 415 446 sunt
452 400 760 454 voluntariae3
803 401 929 445 aliter
957 402 1078 445 enim
1119 415 1212 445 non
1246 410 1395 445 essent
1434 397 1697 443 laudabiles.
1729 398 1926 456 Oportet
1957 399 2093 457 igitur

138 466 404 513 felicitatem
429 481 527 512 esse
554 466 737 526 aliquod
764 467 938 511 bonum
964 468 1020 511 ad
1043 467 1164 526 quod
1192 466 1336 511 homo
1365 480 1446 511 sua
1466 464 1698 508 voluntate
1726 465 1970 523 perveniat.
1990 465 2091 509 Hoc

137 544 291 578 autem
318 534 439 593 quod
464 534 692 578 honorem
715 544 980 593 assequatur
1006 548 1099 577 non
1127 543 1195 578 est
1219 533 1266 577 in
1288 541 1512 592 potestate
1533 531 1751 584 hominis,
1775 531 1851 574 sed
1876 531 2022 590 magis
2045 532 2090 575 in

136 610 361 659 potestate
387 596 669 645 honorantis.
691 591 797 644 Non
821 610 888 644 est
914 600 1049 658 igitur
1074 600 1119 644 in
1146 599 1398 644 honoribus
1426 598 1616 643 felicitas
1639 598 1841 643 humana
1863 598 2091 658 ponenda.

225 667 364 711 Item:
393 681 531 711 omne
558 667 746 726 dignum
763 667 940 710 honore
963 681 1055 710 non
1073 677 1223 725 potest
1247 667 1333 711 nisi
1350 666 1481 710 bonis
1507 666 1669 711 inesse.
1687 665 1918 709 Honorati
1941 675 2094 709 autem

137 743 328 792 possunt
358 733 495 777 etiam
523 733 646 777 mali.
673 733 836 777 Melius
863 742 929 777 est
956 733 1092 791 igitur
1118 733 1212 777 fieri
1239 733 1416 776 honore
1457 732 1646 791 dignum
1679 746 1817 792 quam
1858 732 2091 776 honorari.

140 798 248 857 Non
275 809 343 844 est
366 799 504 858 igitur
528 800 680 844 honor
705 814 937 844 summum
971 800 1172 843 hominis
1198 800 1384 844 bonum.

226 865 490 910 Praeterea:
518 880 752 911 summum
778 866 951 911 bonum
980 875 1045 910 est
1070 865 1321 924 perfectum
1348 866 1536 910 bonum.
1561 864 1818 910 Perfectum
1838 866 2095 910 autem‘bo-

137 946 251 989 num
274 946 370 976 non
396 933 672 992 compatitur
698 932 881 992 aliquod
909 932 1107 985 malum;
1135 933 1205 976 cui
1226 944 1376 976 autem
1396 932 1511 976 inest
1529 931 1713 991 aliquod
1731 931 1906 977 malum
1921 932 2095 992 impos-

135 997 267 1045 sibile
298 1008 365 1058 est
390 1013 490 1044 esse
506 999 705 1044 beatum.
728 998 1013 1058 Impossibile
1041 1009 1107 1043 est
1132 999 1268 1058 igitur
1295 1013 1392 1043 esse
1416 998 1590 1043 malurn
1618 999 1690 1044 cui
1708 999 1834 1044 adest
1860 1014 2093 1044 summum

56 1067 62 1075 '
137 1066 327 1110 bonum.
345 1065 503 1111 Potest
520 1076 671 1110 autem
696 1066 856 1124 aliquis
889 1064 1036 1110 malus
1050 1065 1277 1110 honorem
1306 1066 1538 1125 consequi.
1564 1065 1671 1110 Non
1698 1075 1766 1112 est
1786 1065 1922 1126 igitur
1945 1066 2096 1129 honor

85 1158 95 1167 ·
138 1146 373 1190 summum
398 1133 601 1178 hominis
628 1134 815 1177 bonum.

815 1253 818 1257 ι
858 1294 1113 1351 CAPUT
1153 1295 1364 1350 XXIX.

176 1430 332 1478 QUOD
373 1430 658 1469 FELICITAS
699 1430 931 1469 HOMINIS
970 1431 1088 1469 NON
1128 1430 1421 1469 CONSISTIT
1463 1431 1518 1468 IN
1560 1430 1766 1468 GLORIA
1806 1430 2057 1472 HUMANA.

793 1540 925 1598 (I—II.
958 1547 1112 1599 quaest.
1146 1540 1222 1584 XI.
1261 1545 1342 1583 art.
1370 1539 1443 1598 3.).

226 1654 293 1703 Ex
318 1671 410 1718 quo
436 1658 574 1702 etiam
602 1667 786 1718 apparet
807 1657 929 1718 quod
955 1671 1039 1701 nec
1072 1657 1118 1700 in
1146 1655 1306 1715 gloria,
1333 1669 1448 1716 quae
1471 1665 1538 1699 est
1563 1655 1608 1699 in
1642 1655 1902 1700 celebritate
1926 1652 2092 1710 famae,

140 1724 347 1769 consistit
370 1738 604 1769 summum
630 1723 832 1767 hominis
864 1723 1051 1768 bonum.

227 1790 307 1836 Est
331 1791 452 1836 enim
480 1790 640 1850 gloria,
667 1790 919 1834 secundum
948 1789 1154 1834 Tullium
1183 1790 1407 1847 (secundo
1424 1790 1495 1833 De
1522 1788 1800 1843 inventione,
1826 1789 1931 1846 55.)‚
1963 1805 1986 1829 «
2007 1788 2094 1833 fre-

139 1871 281 1917 quens
300 1856 355 1902 de
373 1857 526 1917 aliquo
553 1855 675 1901 fama
693 1871 797 1901 curn
823 1856 956 1900 laude
983 1874 1025 1910 n,
1044 1867 1101 1911 et,
1129 1856 1381 1901 secundum
1400 1856 1697 1900 Ambrosium
1716 1857 1817 1913 (seu
1837 1855 1883 1899 S.
1902 1856 2097 1914 August.

139 1919 259 1971 cont.
274 1923 544 1979 Maximum,
569 1924 786 1978 secundo,
804 1938 841 1968 c.
873 1923 975 1982 13.),
1005 1939 1028 1964 «
1052 1923 1173 1967 clara
1202 1938 1307 1968 cum
1330 1922 1464 1967 laude
1482 1923 1643 1967 notitia
1665 1939 1707 1968 ».
1735 1922 1807 1966 Ad
1829 1923 1920 1966 hoc
1945 1933 2097 1967 autem

138 1989 300 2036 volunt
328 1982 542 2036 homines
568 1989 855 2043 innotescere
881 2004 986 2033 cum
1013 1989 1146 2034 laude
1173 1999 1219 2034 et
1245 1989 1449 2037 claritate
1467 1989 1679 2048 quadam,
1698 1999 1747 2032 ut
1765 1989 1819 2032 ab
1847 1988 1911 2033 eis
1931 1991 2092 2048 quibus

140 2058 430 2106 innotescunt
454 2057 752 2102 honorentur.
778 2056 857 2100 Est
874 2056 1008 2115 igitur
1025 2056 1170 2115 gloria
1198 2066 1381 2115 propter
1397 2057 1626 2100 honorem
1644 2056 1860 2115 quaesita.
1886 2056 1935 2100 Si
1961 2057 2097 2115 igitur

139 2122 291 2169 hono}-
315 2137 409 2168 non
437 2124 506 2169 est
536 2137 769 2167 summum
794 2123 982 2176 bonum,
1009 2122 1155 2166 multo
1183 2124 1332 2166 minus
1360 2122 1520 2182 gloria.

229 2183 420 2242 Adhuc:
446 2189 693 2234 laudabilia
719 2189 840 2233 bona
866 2200 970 2233 sunt
996 2190 1247 2234 secundum
1274 2203 1389 2248 quae
1409 2189 1569 2248 aliquis
1596 2190 1848 2234 ostenditur
1865 2184 2097 2233 ordinatus

140 2255 197 2302 ad
224 2254 379 2313 finem.
398 2255 493 2308 Qui
520 2265 672 2305 autem
700 2256 932 2299 ordinatur
959 2256 1013 2299 ad
1031 2254 1169 2300 finem
1195 2255 1402 2300 nondum
1425 2265 1492 2300 est
1517 2255 1730 2299 ultimum
1757 2255 1894 2300 finem
1924 2269 2100 2300 assecu-

142 2319 374 2385 tus-‘Laus
400 2322 537 2381 igitur
562 2336 655 2366 non
683 2322 936 2366 attribuitur
961 2321 1001 2366 ei
1025 2323 1103 2382 qui
1126 2323 1220 2380 jam
1247 2332 1315 2366 est
1340 2322 1553 2366 ultimum
1580 2321 1720 2366 finem
1747 2332 1994 2377 assecutus,
2018 2322 2096 2366 sed

142 2384 291 2449 inagis
315 2389 480 2443 honor,
506 2399 554 2433 ut
579 2387 888 2448 Philosophus
907 2388 1014 2432 dicit
1033 2390 1077 2432 i'n
1103 2389 1252 2448 primo
1271 2388 1417 2433 Ethic.
1445 2390 1504 2448 (c.
1540 2387 1644 2446 16.).
1667 2389 1773 2433 Non
1796 2399 1945 2448 potest
1961 2389 2098 2448 igitur

143 2444 289 2517 'gloria
321 2469 420 2500 esse
447 2469 679 2500 summum
706 2455 894 2509 bonum,
926 2469 1068 2515 quum
1094 2455 1400 2515 principaliter
1426 2456 1472 2499 in
1505 2454 1638 2499 laude
1667 2456 1897 2501 consistat.

229 2520 465 2581 Amplius:
494 2536 773 2581 cognoscere
799 2521 996 2566 nobilius
1022 2531 1089 2567 est
1115 2537 1252 2582 quam
1280 2523 1520 2582 cognosci3
1543 2536 1637 2567 non
1659 2524 1780 2567 enim
1809 2532 2095 2582 cognoscunt

143 2589 232 2635 nisi
257 2603 373 2649 quae
408 2599 511 2635 sunt
541 2589 768 2633 nobiliora
799 2591 845 2632 in
870 2589 1026 2643 rebus;
1065 2599 1406 2647 cognoscuntur
1433 2600 1584 2633 autem
1620 2590 1758 2633 etiarn
1784 2589 1956 2633 infima.
1988 2589 2098 2634 Non

141 2666 292 2715 potest
315 2657 452 2715 igitur
478 2669 709 2700 summum
734 2656 935 2700 hominis
967 2656 1141 2699 bonum
1182 2670 1281 2700 esse
1323 2655 1484 2714 gloria,
1527 2670 1643 2715 quae
1686 2657 1893 2701 consistit
1933 2657 1979 2700 in
2006 2656 2096 2700 hoc

142 2722 265 2783 quod
287 2722 449 2781 aliquis
475 2732 793 2780 cognoscatur.

232 2790 370 2833 Item:
398 2789 616 2847 cognosci
633 2788 794 2847 aliquis
810 2802 903 2831 non
922 2787 1148 2832 desiderat
1164 2789 1251 2832 nisi
1268 2790 1314 2832 in
1331 2789 1488 2843 bonis;
1514 2790 1559 2833 in
1587 2789 1720 2834 malis
1748 2800 1898 2834 autem
1923 2791 2098 2849 quaerit

143 2855 296 2900 latere.
316 2854 551 2914 Cognosci
577 2855 712 2915 igitur
733 2855 905 2899 bonum
933 2866 1000 2899 est
1017 2865 1060 2900 et
1086 2855 1382 2900 desiderabile
1404 2866 1586 2915 propter
1599 2857 1719 2900 bona
1737 2870 1852 2915 quae
1876 2857 1921 2900 in
1944 2857 2096 2916 aliquo

146 2931 500 2981 cognoscuntur.
527 2920 610 2964 Illa
636 2920 773 2980 igitur
798 2931 901 2964 sunt
942 2921 1146 2965 meliora.
1188 2922 1295 2965 Non
1329 2933 1397 2966 est
1434 2923 1568 2981 igitur
1594 2922 1754 2981 gloria,
1781 2936 1896 2981 quae
1928 2923 1974 2967 in
2007 2924 2098 2968 hoc

144 2987 350 3032 consistit
380 2987 502 3046 quod
526 2987 686 3046 aliquis
714 2998 1032 3045 cognoscatur,
1060 3002 1292 3032 summum
1320 2989 1520 3033 hominis
1548 2989 1735 3033 bonum.

234 3055 493 3099 Praeterea:
521 3068 753 3098 summum
779 3055 950 3098 bonum
974 3065 1154 3114 oportet
1180 3069 1278 3099 esse
1306 3055 1574 3113 perfectum,
1601 3071 1741 3114 quum
1770 3056 1941 3115 quietet
1967 3070 2099 3116 appe-

146 3122 294 3166 titum.
321 3120 542 3179 Cognitio
559 3131 712 3164 autem
728 3120 892 3175 famae,
907 3122 953 3164 in
981 3135 1068 3180 qua
1086 3121 1231 3180 gloria
1249 3123 1451 3166 humana
1470 3124 1688 3176 consistit,
1714 3133 1782 3168 est
1807 3123 2096 3182 imperfecta;

146 3198 213 3233 est
240 3189 363 3232 enim
388 3187 635 3247 plurimum
662 3188 989 3233 incertitudinis
1016 3200 1058 3232 et
1093 3190 1258 3233 erroris
1283 3190 1468 3234 habens.
1511 3190 1617 3234 Non
1651 3200 1803 3248 potest
1827 3191 1965 3249 igitur
1995 3190 2098 3236 talis

146 3254 295 3315 gloria
323 3267 421 3298 esse
448 3268 678 3299 summum
705 3255 892 3298 bonum.

234 3321 373 3365 Item:
400 3320 443 3364 id
470 3321 595 3379 quod
615 3329 683 3365 est
707 3334 939 3365 summum
965 3322 1166 3367 hominis
1194 3323 1380 3377 bonum,
1409 3333 1589 3382 oportet
1621 3337 1719 3368 esse
1751 3323 2095 3369 stabilissimum

145 3387 191 3432 in
218 3387 349 3431 rebus
382 3387 618 3441 humanis;
659 3387 922 3432 naturaliter
961 3389 1084 3432 enim
1126 3389 1403 3434 desideratur
1444 3390 1653 3434 diuturna
1690 3390 1801 3434 boni
1827 3390 2096 3435 constantia.

148 3453 309 3498 Gloria
337 3463 489 3498 autem
515 3467 632 3513 quae
657 3454 703 3497 in
728 3452 850 3503 fama
876 3455 1081 3499 consistit
1121 3466 1189 3499 est
1213 3455 1577 3510 instabilissima;
1612 3456 1729 3500 nihil
1756 3457 1877 3501 enim
1905 3467 1973 3502 est
2003 3471 2099 3501 mu·

145 3519 571 3631 ῐοὲξυίοέρὶυίοῃε
593 3530 637 3565 et
668 3519 801 3564 laude
826 3520 1041 3565 humana.
1068 3522 1175 3566 Non
1202 3532 1270 3566 est
1290 3522 1441 3586 igitur·
1457 3522 1559 3567 talis
1587 3522 1732 3582 gloria
1754 3537 1988 3568 summum
2018 3524 2100 3569 ho-

146 3594 195 3630 m
401 3600 492 3631 um.
1452 3608 1456 3611 ·
