2332 3854
239 190 346 245 5oo
865 184 1020 223 Lmen
1058 183 1135 221 111.
1177 181 1297 220 carp,
1340 170 1579 220 cxxxv1.'

235 289 323 334 litis
356 287 508 332 officio
541 287 755 347 fungitur,
788 294 837 329 ut
873 284 986 328 alios
1017 291 1252 342 provocet.
1298 280 1589 340 Quandoque
1626 281 1764 325 etiam
1798 281 1986 339 abjectis
2013 280 2182 325 utimur

235 370 315 415 per
338 357 550 399 virtutem
576 365 625 398 ut
650 352 876 397 medicina
902 350 1124 410 quadam;
1146 358 1254 407 puta
1272 349 1308 392 si
1335 347 1522 406 alicuius
1543 347 1720 392 animus
1748 347 1803 391 ad
1829 346 2184 392 immoderatam

235 421 550 467 excellentiam
586 421 641 464 sit
666 432 849 478 pronus,
876 416 1043 461 utiliter
1074 415 1223 459 debita
1255 413 1570 458 moderatione
1585 413 1779 459 ”servata
1802 413 1997 471 'abjectis
2027 414 2202 470 utitur-2,v

235 489 308 533 vel
333 498 508 548 sponte,
534 487 607 530 vel
634 487 687 530 ab
716 485 813 528 aliis
839 483 1077 542 impositis,
1110 481 1166 525 ad
1199 480 1444 525 elationem
1472 481 1612 524 animi
1639 481 2048 540 comprimendam,
2072 480 2186 525 dum

234 570 314 614 per
338 556 451 598 haec
478 567 592 612 quae
619 552 733 610 gerit
759 551 843 594 sibi
868 550 952 608 ipsi
979 548 1325 608 quodammodo
1350 547 1555 607 parificat
1586 547 1725 592 etiam
1755 547 1940 591 infimos
1964 546 2181 612 homines
2243 551 2250 556 ’

238 622 314 681 qui
340 622 459 665 circa
484 620 590 662 vilia
617 617 766 662 officia
794 626 1088 675 occupantur.

326 687 403 730 Est
435 696 586 729 autem
619 684 809 727 omnino
841 680 1162 726 irrationabilis
1195 694 1321 725 error
1355 679 1540 725 illorum
1573 680 1650 740 qui
1681 687 1841 739 putant
1875 693 2066 742 omnem
2097 678 2184 724 sibi

236 753 587 798 sollicitudinem
614 765 639 793 a
665 750 872 793 Domino
894 749 1182 792 interdictam
1210 747 1265 792 de
1282 747 1404 791 victu
1431 747 1708 806 quaerendo.
1727 747 1895 793 Omnis
1913 746 2036 791 enim
2057 740 2186 791 actus

236 818 588 864 sollicitudinem
614 816 814 875 requirit.
844 815 893 859 Si
918 815 1056 874 igitur
1087 814 1233 858 horno
1260 813 1435 857 nullam
1461 813 1818 870 sollicitudinem
1844 814 1901 858 de
1921 813 2056 858 rebus
2077 821 2190 858 tem-

235 884 463 944 poralibus
490 884 656 926 habere
689 883 834 936 debet,
867 882 1069 940 sequitur
1094 880 1216 940 quod
1248 879 1363 924 nihil
1393 879 1646 938 temporale
1680 890 1815 939 agere
1840 880 2040 925 debeat}
2062 878 2186 939 quod

236 966 382 1010 neque
414 949 643 1009 possibile,
669 962 817 1007 neque
850 947 1118 992 rationabile
1150 957 1219 991 est
1251 947 1493 991 observari.
1525 947 1652 991 Deus
1684 939 1808 991 enim
1844 946 2089 1006 unicuique
2119 945 2187 1009 rei

238 1018 463 1062 ordinavit
495 1017 695 1060 actiones
735 1015 985 1059 secundum
1023 1014 1347 1074 proprietatem
1386 1027 1494 1057 suae
1532 1022 1735 1058 naturae.
1763 1013 1921 1057 Homo
1947 1019 2188 1075 autemssex

237 1083 456 1143 spirituali
481 1092 524 1127 et
548 1082 775 1140 corporali
801 1091 961 1125 natura
987 1082 1197 1125 conditus
1223 1090 1314 1135 est;
1339 1081 1649 1124 necessarium
1677 1089 1743 1124 est
1767 1080 1906 1139 igitur
1931 1078 2186 1131 secutam

237 1151 438 1194 divinam
481 1150 831 1202 ordinationem,
858 1159 907 1192 ut
933 1158 977 1192 et
1010 1147 1269 1207 corporales
1303 1147 1504 1191 actiones
1538 1157 1758 1201 exerceat,
1801 1157 1847 1192 et
1884 1145 2190 1208 spiritualibus

236 1218 461 1261 intendat:
485 1226 529 1260 et
558 1226 685 1260 tanto
712 1215 955 1275 perfectior
988 1223 1068 1268 est,
1095 1224 1265 1273 quanto
1291 1213 1391 1272 plus
1418 1212 1722 1272 spiritualibus
1747 1212 1954 1258 intendit.
1980 1206 2089 1257 Non
2112 1221 2190 1274 est

235 1294 390 1328 tamen
415 1283 490 1326 hic
518 1283 681 1326 modus
714 1282 1003 1342 perfectionis
1034 1282 1266 1325 humanae
1291 1280 1414 1339 quod
1447 1279 1562 1323 nihil
1595 1279 1831 1339 corporale
1865 1289 2048 1340 agatur3
2079 1278 2186 1339 quia

237 1365 343 1394 cum
369 1349 626 1408 corporales
654 1351 857 1393 actiones
884 1349 1148 1392 ordinentur
1175 1347 1231 1391 ad
1263 1361 1317 1391 ea
1349 1361 1466 1406 quae
1503 1356 1607 1390 sunt
1631 1346 1890 1391 necessaria
1921 1346 1978 1407 ad
2009 1349 2190 1391 conser-

236 1417 468 1470 vationem
493 1417 627 1469 vitae,
655 1416 693 1459 si
719 1416 818 1474 quis
845 1429 921 1459 eas
947 1414 1277 1474 praetermittit,
1295 1414 1437 1457 vitam
1463 1427 1594 1457 suam
1612 1412 1816 1472 negligit,
1838 1426 1977 1475 quam
2003 1410 2193 1472 quilibet

240 1497 506 1527 conservare
521 1491 710 1526 tenetur.
730 1482 1000 1540 Exspectare
1019 1491 1171 1525 autem
1195 1494 1220 1523 a
1241 1481 1344 1524 Deo
1362 1480 1612 1524 subsidium
1629 1480 1675 1523 in
1697 1479 1768 1524 his
1785 1480 1831 1524 in
1844 1479 2008 1539 quibus
2028 1478 2206 1539 aliquis

238 1565 286 1594 se
314 1559 462 1608 potest
486 1564 565 1607 per
597 1549 828 1608 propriam
865 1548 1092 1591 actionem
1133 1548 1303 1605 juvare,
1335 1548 1654 1605 praetermissa
1691 1546 1873 1606 propria
1899 1546 2096 1606 actione,
2115 1551 2207 1610 uest>

236 1616 485 1674 insipientis
512 1624 555 1658 et
580 1616 733 1658 Deum
757 1617 970 1658 tentantis
1012 1614 1112 1658 Hoc
1147 1614 1269 1657 enim
1303 1614 1357 1656 ad
1390 1613 1591 1657 divinam
1623 1613 1878 1658 bonitatem
1911 1611 2118 1672 pertinet,
2140 1621 2191 1656 ut
2224 1667 2230 1669 ν

239 1683 370 1726 rebus
397 1682 644 1740 provideat,
676 1696 769 1725 non
796 1681 1060 1725 immediate
1087 1681 1243 1724 omnia
1274 1679 1500 1733 faciendo,
1527 1680 1606 1723 sed
1629 1679 1715 1723 alia
1743 1680 1974 1724 movendo
2007 1678 2064 1723 ad
2089 1693 2190 1737 pm-

237 1751 356 1808 prias
385 1749 602 1801 actiones,
615 1758 664 1792 ut
689 1762 822 1806 supra
846 1759 1078 1791 ostensum
1096 1758 1174 1791 est.
1192 1747 1299 1790 Non
1318 1761 1427 1805 ergo
1451 1747 1804 1805 exspectandum
1823 1761 1848 1790 a
1865 1747 1968 1790 Deo
1990 1755 2039 1790 ut
2059 1745 2191 1790 omni

245 1816 426 1859 actione
454 1816 650 1873 propria,
668 1830 759 1873 qua>
779 1816 862 1858 sibi
890 1814 1049 1872 aliquis
1072 1814 1310 1857 subvenire
1333 1824 1495 1872 potest,
1521 1814 1852 1872 praetermissa,
1877 1813 2004 1857 Deus
2027 1812 2069 1857 ei
2094 1811 2194 1857 sub-

241 1885 414 1926 veniat:
450 1882 539 1925 hoc
573 1883 693 1924 enim
723 1882 900 1924 divinae
929 1881 1204 1923 ordinationi
1235 1891 1472 1938 repugnat,
1500 1891 1544 1924 et
1568 1881 1757 1924 bonitati
1781 1881 1934 1939 ipsius.

330 1949 419 1992 Sed
443 1949 562 2006 quia,
590 1949 695 1991 l=cet
722 1949 766 1991 in
794 1949 925 1991 nobis
959 1948 1014 1991 sit
1048 1961 1198 2005 agere,
1230 1961 1323 1990 non
1360 1957 1514 1990 tamen
1553 1947 1597 1989 in
1631 1947 1762 1991 nobis
1805 1956 1873 1991 est
1906 1956 1956 1990 ut
1988 1943 2192 1991 actiones

240 2027 422 2059 nostrae
450 2016 647 2058 debitum
677 2015 813 2058 finem
843 2015 1100 2065 sortiantur,
1119 2026 1301 2072 propter
1323 2013 1648 2071 impedimenta
1668 2028 1783 2072 quae
1806 2022 1997 2072 possunt
2022 2013 2196 2057 contin·

245 2097 371 2141 gere3
403 2083 492 2125 hoc
526 2082 810 2139 dispositioni
837 2081 1015 2124 divinae
1043 2081 1256 2138 subjacet,
1284 2080 1390 2138 quid
1424 2081 1587 2138 cuique
1621 2094 1674 2124 ex
1708 2080 1889 2124 actione
1919 2092 2001 2124 sua
2033 2071 2191 2138 prove-

242 2150 349 2192 niat.
377 2149 600 2207 Praecipit
628 2162 738 2207 ergo
766 2148 995 2191 Dominus
1020 2161 1105 2190 nos
1137 2161 1230 2190 non
1257 2147 1421 2191 debere
1448 2161 1545 2190 esse
1572 2146 1794 2191 sollicitos
1820 2146 1875 2191 de
1902 2158 1959 2190 eo
1985 2145 2108 2206 quod
2134 2142 2192 2189 ad

243 2230 328 2259 nos
368 2229 463 2259 non
495 2217 701 2274 pertinet,
739 2215 914 2258 scilicet
949 2215 1004 2258 de
1042 2214 1274 2258 eventibus
1310 2223 1569 2257 nostrarum
1609 2214 1867 2268 actionum3
1908 2226 2004 2256 non
2036 2220 2191 2256 autem

240 2282 472 2341 prohibuit
496 2296 582 2326 nos
609 2295 707 2325 esse
734 2281 956 2325 sollicitos
983 2281 1038 2324 de
1066 2295 1122 2324 eo
1149 2280 1272 2339 quod
1301 2281 1355 2323 ad
1388 2294 1473 2324 nos
1500 2280 1707 2339 pertinet,
1734 2279 1911 2324 scilicet
1941 2279 1999 2323 de
2033 2287 2194 2324 nostro

241 2363 392 2408 opere.
419 2349 526 2392 Non
558 2348 693 2407 igitur
726 2358 884 2392 contra
911 2357 1205 2406 praeceptum
1231 2347 1424 2390 Domini
1461 2347 1554 2405 agit
1580 2347 1657 2405 qui
1693 2347 1748 2391 de
1774 2346 1829 2391 iis
1857 2359 1975 2406 quae
2007 2345 2062 2389 ab
2093 2344 2213 2406 ipso-

241 2415 417 2475 agenda
443 2425 547 2459 sunt
571 2414 926 2459 sollicitudinem
958 2415 1110 2467 habet,
1143 2414 1220 2457 sed
1254 2413 1332 2457 ille
1369 2414 1446 2472 qui
1486 2413 1844 2458 sollicitudinem
1885 2414 1941 2458 de
1975 2412 2049 2457 his
2080 2425 2198 2473 quae

240 2492 429 2541 possunt
461 2496 706 2540 emergere,
735 2491 779 2526 et
799 2482 892 2539 jam
919 2481 955 2524 si
982 2477 1076 2539 ipse
1103 2481 1308 2539 proprias
1341 2480 1544 2524 actiones
1577 2489 1860 2539 exsequatur,
1885 2479 1947 2524 ita
1969 2479 2098 2539 quod>
2120 2478 2197 2524 de-

239 2550 353 2594 bitas
373 2549 574 2593 actiones
599 2549 925 2608 praetermittat
952 2548 1007 2591 ad
1035 2548 1312 2591 obviandum
1334 2547 1599 2604 hujusmodi
1626 2547 1876 2602 eventibus,
1899 2542 2196 2606 contraquos

241 2617 458 2661 debemus
483 2616 530 2659 in
555 2616 643 2659 Dei
669 2615 952 2674 providentia
978 2628 1173 2673 sperare,
1199 2628 1277 2672 per
1304 2628 1441 2672 quam
1470 2614 1606 2658 etiam
1635 2627 1740 2657 aves
1762 2622 1807 2658 et
1831 2613 2000 2657 herbae
2028 2607 2214 2661 susten-³
2286 2603 2310 2638 i.

241 2693 403 2727 tantur.
430 2681 594 2725 Talem
613 2683 735 2726 enim
751 2681 1105 2725 sollicitudinem
1128 2681 1311 2734 habere,
1328 2680 1746 2739 videtur-pertinere
1765 2680 1820 2724 ad
1847 2680 2048 2724 errorem
2075 2670 2200 2724 &-

241 2750 403 2802 tilium,
430 2749 506 2807 qui
533 2749 733 2791 divinam
760 2749 1094 2807 providentiam
1122 2756 1303 2806 negant.
1332 2747 1525 2805 Propter
1551 2747 1674 2806 quod
1700 2747 1930 2792 Dominus
1951 2740 2199 2791 ,concludit

242 2817 363 2875 quod
390 2830 483 2860 non
511 2817 651 2859 simus
676 2815 843 2859 solliciti
873 2817 918 2858 in
951 2817 1178 2859 crastinum
1205 2815 1386 2872 (Matth.
1413 2814 1493 2858 VI.
1529 2815 1642 2873 34.);
1671 2827 1750 2873 per
1777 2813 1899 2873 quod
1924 2827 2019 2858 non
2043 2813 2200 2872 prohi—
2233 2846 2242 2854 .

242 2883 338 2926 buit
363 2884 470 2941 quin
499 2896 822 2926 conservemus
851 2897 904 2926 ea
930 2897 1045 2941 quae
1073 2892 1176 2925 sunt
1203 2883 1332 2926 nobis
1355 2882 1400 2924 in
1428 2881 1674 2925 crastinum
1701 2880 1958 2925 necessaria
1980 2894 2064 2926 suo
2087 2889 2200 2925 tem·

243 2952 367 3008 pore,
391 2950 467 2993 sed
485 2964 542 2992 ne
561 2949 615 2992 de
633 2948 792 2993 futuris
811 2949 1045 2992 eventibus
1063 2948 1363 2992 sollicitemur
1386 2962 1491 2991 cum
1510 2948 1707 3006 quadam
1725 2947 2041 3006 desperatione
2059 2947 2213 2991 divini

246 3016 419 3070 auxilii3
452 3016 523 3059 vel
550 3030 606 3059 ne
634 3015 753 3058 male
781 3026 974 3073 occupet
996 3015 1135 3059 hodie
1163 3015 1518 3058 sollicitudinem
1546 3028 1661 3073 quae
1690 3014 1773 3058 erit
1800 3014 2011 3059 habenda
2032 3015 2084 3059 'in
2105 3026 2202 3059 cra·

245 3083 378 3135 stino‚
406 3085 509 3140 quia
537 3082 723 3141 quilibet
749 3082 843 3125 dies
877 3096 1006 3125 suam
1049 3081 1402 3125 sollicitudinem
1429 3081 1589 3135 habet;
1623 3081 1743 3126 unde
1775 3080 2004 3126 subditur:
2042 3075 2201 3140 Sufficit

248 3148 327 3192 diei
351 3150 516 3192 malitia
541 3162 614 3192 sua
641 3149 805 3206 (ibid).

337 3215 411 3259 Sic
446 3216 580 3273 igitur
610 3225 733 3273 patet
759 3215 879 3273 quod
913 3214 1099 3259 diversis
1127 3214 1276 3259 modis
1305 3214 1680 3259 convenientibus
1706 3214 1859 3258 vivere
1890 3222 2084 3274 possunt
2114 3212 2197 3273 qni

247 3281 550 3325 voluntariam
578 3292 888 3340 paupertatem
915 3291 1164 3335 sectantur3
1198 3281 1313 3325 inter
1339 3295 1452 3340 quos
1481 3291 1608 3325 tanto
1636 3281 1798 3340 aliquis
1819 3279 2090 3326 laudabilior
2116 3285 2199 3334 eut,

249 3358 418 3406 quanto
445 3349 590 3406 magis
619 3362 642 3391 a
670 3348 974 3392 sollicitudine
1000 3348 1338 3408 temporalium,
1365 3357 1409 3392 et
1441 3347 1744 3407 occupatione
1771 3347 1894 3392 circa
1918 3360 1972 3392 ea
1987 3344 2214 3410 *hominis

251 3415 453 3458 animum
479 3415 626 3459 reddit
656 3415 925 3460 immunem.

2312 202 2332 259 ÷ffl=.-
2327 181 2332 184 .

2314 259 2332 383 *vm-sm&-
