2332 3854
0 1275 19 1522 2k⁴÷t⁴1vvs¹2w=mff÷¹=
12 1250 15 1254 .
0 1210 15 1219 ι

0 2006 7 2043 *ff
0 1759 23 1998 ufflQg—‚qvw
0 1623 24 1754 fflffllw'w
8 1575 17 1601 ,-
0 1522 23 1551 ἢ),

714 223 868 267 LIBER
907 227 963 266 11.
1005 227 1124 266 CAP.
1166 224 1392 265 LXXXIII.
1696 264 1704 275 ι
1923 222 2024 278 251

76 331 256 377 vult'in
288 338 455 376 statum
489 330 692 389 pejorem
724 330 878 375 venire
913 330 1000 375 nisi
1025 329 1254 389 deceptus.
1282 327 1451 373 Anima
1474 336 1627 371 autem
1650 335 1854 384 separata
1881 335 1949 371 est
1966 326 2024 371 al-

30 398 33 404 “
75 397 205 442 tioris
227 406 368 442 status
394 410 530 456 quam
565 396 747 456 corpori
771 397 911 450 unita,
934 406 978 441 et
1003 396 1245 456 praecipue
1277 394 1530 440 secundum
1561 391 1841 447 Platonicos,
1863 393 1941 452 qui
1967 393 2027 437 di-

27 485 32 493 «ν
76 473 187 509 cunt
210 464 333 523 quod
355 477 409 508 ex
430 463 600 507 unione
627 463 832 522 corporis
865 464 1033 522 patitur
1050 463 1332 507 oblivionem
1355 474 1512 506 eorum
1533 473 1647 519 quae
1665 460 1788 519 prius
1815 460 1959 514 scivit,
1988 470 2033 504 et

75 530 329 575 retardatur
361 544 386 573 a
409 528 796 589 contemplatione
815 543 953 589 purae
978 530 1192 575 veritatis.
1217 529 1321 574 Non
1352 528 1487 588 igitur
1503 526 1662 571 volens
1681 526 1862 586 corpori
1883 526 2034 570 unitur

54 596 162 641 nisi
188 597 392 656 decepta.
414 596 712 656 Deceptionis
739 606 891 640 autem
910 595 1035 639 nulla
1059 610 1195 640 causa
1218 596 1264 639 in
1288 609 1344 640 eo
1372 603 1520 653 potest
1542 593 1770 647 exsistere,
1793 607 1934 652 quum
1957 606 2035 652 po-

74 674 208 708 natur
224 664 476 708 secundum
495 677 574 707 eos
592 663 829 707 scientiam
850 664 1058 706 omnium
1078 663 1259 707 habere.
1277 663 1374 706 Nec
1398 671 1552 721 posset
1567 660 1656 704 dici
1673 660 1794 719 quod
1810 659 2031 717 judicium

19 742 23 744 “
77 742 133 775 ex
153 730 399 775 universali
425 744 561 775 causa
583 730 836 788 procedens
861 729 906 772 in
930 729 1189 787 particulari
1217 728 1400 787 eligibili
1431 727 1711 771 subvertatur
1735 736 1918 787 propter
1938 740 2035 785 pas-

75 796 242 851 siones,
274 797 396 840 sicut
436 796 601 841 accidit
639 795 1049 848 incontinentibus;
1083 796 1188 853 quia
1229 796 1463 854 passiones
1504 794 1767 852 hujusmodi
1801 807 1896 838 non
1929 803 2035 837 sunt

15 880 18 923 j
77 862 246 923 absque
270 862 497 921 corporali
522 862 926 916 transmutatione3
954 862 1073 905 unde
1088 875 1182 905 non
1208 871 1396 920 possunt
1424 875 1522 905 esse
1548 861 1594 904 in
1628 860 1780 904 anima
1811 869 2031 920 separata.

17 936 21 954 s
74 929 366 989 Relinquitur
391 929 528 987 igitur
553 930 677 988 quod
709 929 877 983 anima,
900 929 937 973 si
962 928 1120 973 fuisset
1146 938 1249 972 ante
1287 942 1465 987 corpus,
1497 941 1591 972 non
1618 927 1819 972 uniretur
1850 927 2033 987 corpori

13 1002 17 1016 ³
73 996 254 1056 propria
279 995 528 1040 voluntate.

163 1062 403 1107 Praeterea
416 1078 426 1107 z
439 1063 589 1106 omnis
603 1062 790 1107 effectus
803 1062 1053 1120 procedens
1073 1076 1125 1106 ex
1139 1075 1361 1106 concursu
1382 1061 1573 1105 duarum
1590 1061 1878 1107 voluntatum
1897 1062 1952 1106 ad
1970 1062 2033 1106 In-

12 1154 14 1159 *
73 1129 223 1174 vicem
245 1143 339 1174 non
365 1130 675 1174 ordinatarum
699 1140 766 1174 est
789 1129 976 1174 effectus
1004 1129 1222 1182 casualis;
1249 1130 1365 1173 sicut
1387 1138 1509 1187 patet
1521 1143 1661 1188 quum
1690 1129 1864 1188 aliquis,
1891 1129 2031 1174 inten-

74 1195 186 1241 dens
206 1210 373 1251 emere,
400 1197 553 1240 obviat
583 1196 629 1240 in
656 1196 756 1240 foro
780 1196 992 1240 creditori
1017 1195 1123 1240 illuc
1141 1210 1235 1240 non
1259 1210 1311 1240 ex
1335 1196 1549 1240 condicto
1575 1196 1786 1241 venienti.
1805 1195 2031 1241 Voluntas

75 1272 228 1308 autem
249 1263 387 1322 patris
420 1263 691 1322 generantis,
715 1277 767 1307 ex
801 1277 889 1322 qua
915 1263 1139 1322 dependet
1165 1263 1399 1321 generatio
1433 1262 1651 1321 corporis,
1679 1276 1771 1306 non
1797 1262 1935 1307 habet
1967 1276 2035 1307 or-

73 1329 227 1374 dinem
260 1344 363 1374 cum
396 1329 630 1374 voluntate
662 1330 840 1374 animae
871 1339 1104 1388 separatae
1131 1330 1250 1373 uniri
1274 1329 1482 1373 volentis.
1512 1328 1669 1381 Quum
1702 1329 1840 1387 igitur
1864 1329 2032 1388 absque

72 1405 263 1455 utraque
295 1396 530 1441 voluntate
548 1397 658 1440 unio
681 1398 884 1456 corporis
911 1407 955 1441 et
981 1397 1160 1440 animae
1186 1396 1284 1440 fieri
1307 1410 1402 1440 non
1420 1396 1578 1455 possit,
1604 1396 1807 1455 sequitur
1832 1396 1955 1454 quod
1976 1395 2035 1440 sit

68 1462 294 1518 casualis;
326 1473 371 1507 et
402 1465 462 1508 ita
488 1464 721 1523 generatio
747 1463 948 1508 hominis
979 1477 1073 1507 non
1095 1472 1162 1508 est
1188 1477 1213 1507 a
1239 1473 1413 1517 natura,
1445 1462 1523 1507 sed
1552 1476 1578 1506 a
1611 1476 1743 1518 casu;
1770 1463 1892 1522 quod
1910 1472 2033 1522 patet

73 1542 173 1575 esse
192 1528 374 1584 falsum,
400 1544 540 1589 quum
567 1530 623 1574 sit
649 1540 698 1574 ut
722 1530 769 1573 in
794 1530 1009 1589 pluribus.

164 1596 215 1640 Si
245 1606 398 1641 autem
430 1611 582 1641 rursus
619 1596 794 1641 dicatur
833 1597 955 1655 quod
981 1610 1067 1640 nec
1095 1610 1149 1640 ex
1189 1605 1349 1640 natura
1382 1610 1467 1640 nec
1496 1609 1550 1640 ex
1585 1596 1767 1655 propria
1793 1596 2028 1641 voluntate

74 1662 227 1707 anima
243 1663 426 1722 corpori
451 1664 615 1717 unitur,
641 1663 719 1707 sed
746 1678 802 1707 ex
828 1663 976 1707 divina
1001 1662 1303 1718 ordinatione,
1324 1663 1416 1707 hoc
1444 1663 1582 1706 etiam
1604 1677 1701 1707 non
1727 1663 1904 1708 videtur
1926 1677 2031 1707 con-

73 1729 276 1784 veniens,
301 1730 339 1774 si
365 1730 545 1774 animae
573 1739 675 1774 ante
701 1743 895 1789 corpora
921 1728 1104 1774 fuerunt
1129 1739 1322 1773 creatae.
1350 1729 1725 1788 Unumquodque
1752 1730 1876 1774 enim
1903 1730 2030 1775 Deus

73 1795 267 1841 instituit
291 1796 541 1841 secundum
570 1797 922 1840 convenientem
950 1797 1142 1840 modum
1168 1810 1276 1840 suae
1302 1806 1513 1851 naturae3
1541 1797 1660 1841 unde
1678 1806 1722 1841 et
1738 1797 1879 1856 (Gen.
1906 1798 1940 1841 Ι.
1964 1810 2028 1842 ιο.

73 1872 119 1908 et
143 1864 259 1923 seq.)
285 1863 342 1908 de
366 1863 558 1923 singulis
591 1864 751 1908 creatis
777 1864 962 1908 dicitur:
996 1863 1106 1908 Vidit
1130 1865 1248 1908 Deus
1272 1863 1380 1922 quod
1411 1870 1506 1908 esset
1532 1866 1701 1919 bonum,
1730 1874 1774 1908 et
1805 1864 1943 1908 simul
1974 1865 2030 1908 de

73 1930 285 1975 omnibus
298 1930 376 1989 (ib.
394 1930 498 1990 31.):
521 1931 559 1975 V
555 1931 709 1989 iditque
725 1938 875 1976 cuncta
886 1945 989 1990 quae
993 1931 1169 1990 fecerat,
1185 1937 1224 1975 et
1239 1937 1362 1975 erant
1376 1930 1498 1975 valde
1516 1931 1692 1975 bona.Si
1707 1931 1845 1988 igitur
1857 1931 2032 1975 animas

74 1997 244 2041 creavit
269 2011 295 2041 a
320 1997 586 2056 corporibus
621 2008 866 2056 separatas,
900 2007 1081 2057 oportet
1117 1997 1267 2041 dicere
1305 1998 1427 2056 quod
1459 1998 1534 2041 hic
1572 1997 1738 2042 modus
1764 1997 1943 2042 essendi
1974 2000 2032 2042 sit

13 2079 15 2082 ’
74 2064 420 2109 convenientior
444 2074 632 2108 naturae
653 2078 826 2108 earum.
853 2065 959 2109 Non
986 2070 1064 2109 est'
1081 2074 1233 2109 autem
1260 2064 1316 2108 ad
1344 2065 1680 2109 ordinationem
1708 2064 1887 2109 divinae
1908 2065 2033 2109 boni-

9 3287 12 3305 [

19 3603 32 3629 ἑ,

16 3684 41 3706 ετ.»

15 3796 55 3832 5²:⁸2,

10 3305 37 3422 i

13 3327 14 3330 ¹
59 3331 63 3338 n

12 3441 35 3478 PL*

70 2131 175 2175 tatis
200 2131 427 2190 pertinens
463 2145 535 2176 res
562 2131 618 2175 ad
649 2130 913 2176 inferiorem
950 2141 1119 2176 statum
1156 2131 1388 2186 reducere,
1415 2132 1493 2176 sed
1528 2133 1675 2191 magis
1708 2132 1763 2175 ad
1790 2131 2031 2176 meliorem

71 2210 359 2256 promovere.
385 2197 493 2242 Non
509 2197 645 2256 igitur
662 2212 716 2241 ex
748 2197 901 2242 divina
933 2198 1218 2242 ordinatione
1244 2197 1416 2242 factum
1433 2197 1591 2243 fuisset
1612 2199 1736 2257 quod
1764 2199 1918 2242 anima
1936 2213 2034 2243 cor-

8 2263 22 2299 Τ
70 2265 172 2323 pori
195 2265 412 2310 uniretur.

159 2332 420 2377 Pmeterea:
447 2345 541 2375 non
567 2331 762 2391 pertinet
786 2332 841 2376 ad
869 2332 1077 2376 ordinem
1105 2332 1284 2376 divinae
1311 2332 1573 2392 sapientiae,
1601 2346 1707 2376 cum
1740 2332 2028 2391 superiorum

22 2422 25 2426 ⁴
63 2398 359 2453 detrimento,
385 2412 439 2443 ea
471 2412 587 2458 quae
612 2407 718 2443 sunt
748 2398 906 2443 infima
936 2398 1190 2444 nobilitare.
1224 2399 1387 2443 Infima
1420 2410 1573 2443 autem
1606 2400 1652 2442 in
1684 2413 1836 2443 rerum
1873 2400 2031 2444 ordine

21 2479 30 2511 ς·
70 2474 175 2510 sunt
198 2479 392 2525 corpora
417 2465 693 2524 generabilia
716 2475 760 2510 et
776 2465 1097 2525 corruptibilia.
1115 2466 1224 2510 Non
1241 2466 1379 2524 igitur
1399 2465 1556 2510 fuisset
1583 2467 1860 2511 conveniens
1883 2467 2032 2511 ordini

70 2530 249 2577 divinae
271 2532 532 2592 sapientiae,
560 2532 616 2575 ad
641 2532 975 2576 nobilitandum
1001 2533 1205 2576 humana
1232 2546 1440 2592 corpora,
1463 2533 1638 2577 animas
1656 2533 2031 2592 praeexsistentes

19 2593 30 2632 Q
71 2598 134 2643 eis
160 2598 303 2652 unire,
329 2612 470 2658 quum
495 2598 586 2643 hoc
608 2598 705 2643 sine
731 2599 1004 2643 detrimento
1028 2612 1186 2643 earum
1206 2613 1303 2644 esse
1321 2613 1415 2643 non
1434 2600 1590 2659 possit,
1608 2610 1657 2644 ut
1677 2614 1730 2644 ex
1748 2600 1878 2644 dictis
1894 2610 2029 2660 patet.

159 2665 262 2709 Hoc
289 2674 443 2709 autem
471 2665 698 2724 Origenes
723 2666 1029 2720 considerans,
1056 2680 1197 2724 quum
1221 2676 1413 2725 poneret
1438 2667 1613 2715 animas
1631 2667 1858 2711 humanas
1875 2681 1901 2710 a
1916 2667 2032 2726 prin-

23 2721 31 2729 *
60 2730 192 2790 >cipio
216 2730 353 2776 fuisse
392 2741 580 2786 creatas,
612 2731 723 2776 dixit
759 2731 881 2791 quod
914 2732 1201 2776 ordinatione
1228 2733 1381 2776 divina
1418 2733 1598 2777 animae
1636 2734 1902 2791 corporibus
1928 2744 2031 2778 sunt

70 2798 239 2851 unitae,
263 2797 342 2842 sed
367 2797 415 2841 in
436 2811 594 2842 earum
619 2811 842 2858 poenam;
868 2813 976 2843 nam
1001 2809 1103 2843 ante
1125 2813 1319 2858 corpora
1345 2813 1421 2844 eas
1445 2813 1656 2859 peccasse
1678 2800 1965 2855 existimavit,
1988 2811 2032 2845 et

19 2866 26 2890 2'
70 2877 154 2924 pro
172 2865 421 2923 quantitate
446 2865 623 2923 peccati
637 2866 904 2923 corporibus
930 2866 1229 2911 nobilioribus
1254 2866 1328 2911 vel
1354 2867 1505 2911 minus
1530 2867 1760 2912 nobilibus
1782 2881 1859 2912 eas
1884 2869 2031 2913 unitas

70 2943 185 2985 esse,
211 2930 340 2989 quasi
363 2929 632 2989 quibusdam
658 2930 914 2975 carceribus
939 2930 1153 2974 inclusas.

161 2996 251 3041 Sed
275 2997 392 3041 haec
417 2996 585 3055 positio
602 3006 720 3041 stare
745 3011 840 3040 non
865 3006 1029 3056 potest.

159 3062 317 3108 Poena
349 3063 472 3108 enim
503 3063 627 3108 bono
658 3073 844 3108 naturae
878 3063 1153 3117 adversatur,
1186 3071 1231 3107 et
1262 3076 1317 3106 ex
1347 3061 1439 3106 hoc
1466 3061 1628 3105 dicitur
1653 3061 1789 3106 mala.
1818 3061 1868 3106 Si
1893 3066 2031 3121 igitur

33 3127 181 3175 *unio
209 3130 386 3175 animae
413 3138 457 3174 et
482 3130 686 3190 corporis
712 3140 780 3175 est
805 3129 1037 3189 quoddam
1062 3128 1271 3189 poenale,
1288 3142 1383 3172 non
1405 3138 1472 3173 est
1487 3128 1661 3172 bonum
1677 3138 1888 3184 naturae;
1908 3129 2030 3188 quod

33 3251 35 3254 ¹
60 3206 141 3242 ‘est
160 3196 463 3256 impossibile3
490 3207 558 3242 est
582 3197 705 3242 enim
731 3197 955 3242 intentum
981 3210 1061 3256 per
1085 3207 1312 3250 naturam,
1337 3209 1446 3240 narn
1469 3195 1525 3239 ad
1547 3195 1636 3239 hoc
1659 3195 1877 3240 naturalis
1899 3209 2032 3255 gene-

73 3263 188 3308 ratio
213 3263 491 3309 terminatur.
515 3264 570 3309 Et
590 3264 754 3308 iterum
780 3274 1043 3324 sequeretur
1069 3263 1190 3323 quod
1217 3277 1315 3307 esse
1340 3262 1579 3307 hominem
1602 3276 1696 3306 non
1719 3273 1837 3307 esset
1856 3262 2030 3307 bonum

72 3330 324 3374 secundum
350 3340 574 3385 naturam,
600 3345 741 3390 quum
766 3340 920 3375 tamen
947 3330 1087 3384 (Gen.
1110 3331 1144 3374 Ι.
1171 3330 1259 3388 31.)
1287 3329 1462 3373 dicatur
1487 3338 1590 3388 post
1618 3329 1819 3374 hominis
1846 3329 2032 3374 creatio-

70 3409 203 3441 nem:
239 3397 426 3456 Viditque
450 3398 566 3442 Deus
590 3404 737 3443 cuncta
762 3412 866 3456 quae
882 3398 1060 3456 fecerat,
1087 3404 1126 3442 et
1149 3403 1271 3442 erant
1290 3396 1412 3440 valde
1435 3397 1556 3440 bona.

163 3463 401 3508 Praeterea
415 3477 493 3509 :ex
510 3463 634 3508 malo
652 3478 747 3508 non
764 3464 973 3522 provenit
987 3464 1160 3508 bonum
1173 3463 1261 3508 nisi
1277 3476 1357 3522 per
1376 3463 1601 3507 accidens.
1619 3462 1669 3506 Si
1686 3463 1834 3522 igitur,
1849 3473 2032 3523 propter

20 3510 23 3513 ἰ
46 3530 313 3589 ‘peccatum
339 3529 520 3575 animae
546 3539 794 3589 separatae,
819 3530 910 3575 hoc
934 3531 1228 3575 constitutum
1247 3538 1315 3574 est
1330 3529 1452 3588 quod
1471 3529 1624 3573 anima
1640 3530 1822 3589 corpori
1837 3530 2030 3584 uniatur,

62 3607 216 3654 vquum
240 3595 331 3640 hoc
357 3595 415 3641 sit
445 3595 676 3656 quoddam
706 3595 895 3652 bonum,
927 3609 1006 3657 per
1039 3595 1248 3641 accidens
1280 3597 1376 3641 erit.
1411 3594 1607 3642 Casuale
1638 3595 1774 3655 igitur
1799 3594 1884 3641 fuit
1907 3596 2030 3656 quod
