2294 3854
238 215 342 284 678
874 207 1026 263 L'IBER
1067 226 1138 262 ιν.
1179 225 1299 262 CAP.
1342 223 1542 269 Lxxur„

235 331 453 389 temporis
484 329 765 382 brevitatem,
791 337 975 385 propter
1007 326 1094 369 alia
1118 325 1400 383 hujusmodi,
1430 324 1686 384 praedictos
1718 325 1998 371 defectusin
2017 325 2190 384 ampuri

236 397 353 440 fecte
378 409 471 439 non
506 405 647 447 curat,
679 393 914 437 salubriter
941 392 982 436 ei
1009 392 1269 449 providetur
1300 401 1350 435 ut
1380 405 1461 450 per
1484 391 1578 436 hoc
1598 393 1938 445 sacramentum
1950 390 2190 451 praedicta

238 463 411 507 curatio
446 460 742 518 compleatur,
770 469 813 502 et
841 474 865 501 a
897 469 1023 502 reatu
1057 472 1233 516 poenae
1244 457 1531 516 tempor-alis
1562 457 1790 513 liberetur,
1821 469 1872 503 ut
1901 458 1966 503 siic
1994 456 2131 502 nihi}
2141 457 2189 501 in
2265 462 2287 508 ,i

239 543 295 572 eo
322 537 557 571 remaneat
589 527 710 584 quod
743 526 790 568 in
816 525 935 567 exitu
970 524 1150 567 animae
1174 536 1200 566 a
1223 537 1414 581 corpore
1440 538 1544 567 eam
1566 525 1710 582 possit
1735 539 1761 568 a
1781 522 2194 584 perceptioncigln·

237 595 331 637 riae
362 593 595 651 impedire.
630 591 685 634 Et
715 591 819 633 ideo
837 590 1034 647 Jacobus
1063 589 1208 632 addit.
1242 590 1297 633 Et
1329 590 1563 633 alleviabit
1577 604 1670 634 eum
1701 591 1927 636 Dominus.
1951 585 2194 651 Contingit
2260 569 2290 632 »Ῐ

238 660 376 703 etiam
411 658 531 716 quod
562 658 707 700 homo
737 657 945 699 omnium
978 665 1273 713 peccatorum
1306 669 1422 714 quae
1455 656 1714 710 commisit,
1734 657 1966 711 notitiam,
1991 648 2194 705 vetime-

239 725 434 768 moriam
453 738 545 766 non
563 724 712 775 habet,
740 732 789 765 ut
813 722 958 780 possit
977 736 1057 779 per
1077 723 1407 780 poenitentiam
1434 722 1612 781 singula
1640 722 2202 783 expurgarez.·stin÷·etiam
2267 729 2279 742 ³

238 791 500 848 quotidiana
526 798 726 847 peccata,
759 789 855 832 sine
883 788 1043 846 quibus
1075 802 1288 846 praesens
1321 789 1415 832 vita
1448 801 1544 832 non
1575 790 1738 848 agitur,
1770 804 1796 834 a
1821 789 2196 850 quibus'oporoet
2273 792 2280 824 ἶ

238 856 476 899 hominem
503 855 549 897 in
582 867 664 898 suo
693 856 812 897 exitu
839 869 919 912 per
949 853 1040 898 hoc
1066 864 1408 899 sacramentum
1441 855 1689 909 emendari,
1720 855 1918 900 utnihil
1940 855 2195 909 inueniatur
2272 854 2275 858 ’

237 923 284 966 in
312 936 368 966 eo
401 922 523 980 quod
555 921 837 979 perceptioni
867 920 1040 978 gloriae
1073 930 1318 979 repugnet:
1347 931 1391 965 et
1416 922 1520 966 ideo
1548 922 1672 966 addit
1695 921 1908 980 Jacobus,
1934 920 2120 983 quod-si
2150 923 2196 965 in

233 990 411 1047 peccatis
441 989 507 1041 sit,
540 987 800 1032 dimittentur
825 988 873 1030 ei.
902 986 1036 1034 Unde
1063 986 1353 1031 manifestum
1387 998 1456 1032 est
1480 989 1604 1047 quod
1634 988 1726 1032 hoc
1758 991 2100 1033 sacrmmtmm
2129 998 2198 1033 est

237 1054 464 1107 ultimum,
498 1062 541 1097 et
565 1053 910 1112 quodammodo
939 1053 1357 1098 consummativum
1383 1056 1524 1098 totius
1549 1054 1805 1114 spiritualis
1819 1053 2094 1121 curationis3
2090 1067 2196 1114 quo

239 1122 385 1165 homo
412 1120 543 1179 quasi
568 1120 624 1164 ad
647 1119 1007 1178 participandam
1035 1119 1231 1177 gloriam
1265 1129 1573 1179 praeparatur,
1589 1121 1711 1166 unde
1738 1131 1783 1166 et
1811 1124 2019 1206 extrema
2038 1120 2197 1177 unctio

244 1197 541 1246 nuncupatur.
2008 1190 2029 1211 2‘
2105 1204 2110 1210 ’

333 1255 398 1298 Ex
425 1268 514 1312 quo
547 1253 841 1298 manifestum
874 1264 941 1298 est
973 1254 1096 1312 quod
1127 1254 1221 1297 hoc
1258 1264 1596 1298 sacramentum
1630 1268 1726 1298 non
1751 1203 2148 1314 quibuscummf
2133 1268 2199 1298 ιιι-

241 1321 522 1365 firmantibus
549 1329 615 1364 est
638 1320 955 1374 exhibendum,
974 1319 1052 1363 sed
1070 1319 1157 1363 illis
1180 1329 1357 1363 tantum
1376 1321 1452 1379 qui
1475 1334 1527 1364 ex
1553 1319 1812 1364 infirmitate
1833 1321 2042 1365 videntur
2061 1321 2198 1365 morti
2242 1308 2247 1314 ’
2274 1319 2280 1361 ξ

244 1387 569 1446 propinquare:
598 1386 674 1445 qui
699 1396 854 1429 tamen
882 1387 917 1429 si
945 1356 1274 1441 convaluerint,
1300 1386 1462 1431 iterato
1487 1396 1641 1452 potest
1660 1387 1751 1431 hoc
1779 1398 2117 1432 sacramentum
2134 1387 2200 1432 eis
2271 1390 2277 1411 “·’

246 1453 453 1508 conferri,
480 1452 518 1496 si
549 1454 603 1496 ad
631 1451 828 1496 similem
861 1462 1030 1496 statum
1060 1422 1340 1498 devenerint.
1370 1453 1479 1497 Non
1507 1453 1629 1496 enim
1660 1453 1795 1512 hujus
1823 1453 2099 1499 sacramenti
2122 1466 2202 1497 un-

246 1522 336 1564 ctio
370 1530 437 1563 est
469 1520 525 1563 ad
558 1519 939 1583 consecrandum,
963 1519 1078 1563 sicut
1103 1521 1258 1573 unctio
1293 1519 1668 1579 confirmationis,
1701 1519 1872 1590 ablutio
1903 1520 2131 1588 baptismi,
2157 1529 2203 1564 et

247 1587 471 1646 quaedam
506 1584 619 1630 aliae
656 1585 912 1639 unctiones,
945 1597 1060 1645 quae
1100 1585 1204 1629 ideo
1245 1599 1479 1645 nunquam
1522 1578 1769 1645 iterantur,
1781 1587 1886 1646 quia
1918 1583 2202 1631 consecratio

246 1666 425 1710 semper
446 1660 601 1695 manet
633 1651 742 1694 dum
774 1664 845 1694 res
879 1660 1145 1694 consecrata
1167 1651 1311 1705 durat,
1343 1661 1527 1710 propter
1553 1650 1805 1696 efficaciam
1828 1651 2008 1696 divinae
2024 1651 2202 1697 virtutis

246 1718 567 1763 consecrantis
593 1717 842 1761 Ordinatur
859 1727 1012 1761 autem
1038 1717 1174 1776 hujus
1197 1718 1471 1762 sacramenti
1495 1718 1701 1762 inunctio
1725 1717 1781 1762 ad
1803 1718 2085 1802 sanandum}
2109 1730 2201 1763 me-

242 1785 393 1830 dicina
420 1794 572 1828 autem
598 1784 802 1828 sanativa
826 1784 961 1828 toties
992 1784 1144 1828 iterari
1169 1784 1317 1838 debet,
1350 1786 1528 1843 quoties
1554 1785 1792 1832 infirmitas
1824 1778 2050 1830 iteratim-'⁴

331 1853 388 1895 Et
412 1851 539 1895 licet
551 1850 690 1909 aliqui
719 1850 809 1894 sint
833 1848 880 1893 in
906 1859 1023 1894 statu
1050 1851 1307 1910 propinquo
1341 1851 1477 1894 morti
1503 1852 1641 1895 etiam
1665 1852 1843 1911 absque
1853 1821 2137 1910 infimitate,-
2148 1858 2205 1894 ιιι

245 1929 369 1978 patet
397 1919 444 1962 in
476 1918 546 1961 his
573 1918 650 1976 qui
681 1917 955 1961 damnantur
987 1917 1042 1961 ad
1075 1927 1288 1972 mortem,
1326 1918 1402 1976 qui
1433 1928 1588 1962 tamen
1628 1916 1939 1994 spiritualibus·
1970 1915 2204 1961 effectibus

242 1987 377 2043 hujus
395 1984 669 2029 sacramenti
685 1984 953 2042 indigerent,
971 1997 1066 2027 non
1087 1994 1243 2028 tamen
1262 1984 1570 2028 exhibendum
1592 1994 1661 2028 est
1686 1984 1774 2028 nisi
1787 1968 2206 2048 ᾖιέὶτηιιιηιὶξςίιιιηι
2279 1961 2294 2027 Ξ

243 2053 323 2097 sub
351 2052 502 2110 specie
529 2050 780 2108 corporalis
803 2051 1060 2094 medicinae
1087 2048 1366 2105 exhibeatur,
1393 2064 1510 2110 quae
1537 2064 1631 2094 non
1656 2047 1886 2110 competit
1887 2044 2207 2117 ιιὶὲιιιόεροιε-

242 2119 344 2163 liter
368 2118 612 2162 infirmato.
643 2118 840 2176 Oportet
866 2119 989 2161 enim
1021 2119 1065 2160 in
1108 2118 1402 2161 sacramentis
1447 2117 1829 2176 significationem
1864 2110 2062 2161 servari
2074 2115 2209 2161 Sicut

243 2186 380 2244 igitur
412 2185 651 2243 requiritur
676 2184 723 2227 in
749 2184 977 2248 baptismo
1012 2183 1183 2227 ablutio
1212 2185 1393 2242 corpori
1419 2184 1631 2238 exhibita,
1648 2184 1710 2228 ita
1730 2184 1778 2228 in
1802 2183 1905 2230 hoc
1919 2179 2207 2260 sacramento

245 2252 486 2310 requiritur
511 2248 758 2295 medicatio
785 2250 1036 2296 infirmitati
1055 2251 1283 2308 corporali
1302 2252 1529 2314 apposita:
1558 2251 1677 2295 unde
1695 2250 1848 2295 etiam
1854 2244 2013 2295 olenti:
2023 2257 2103 2298 &Bt

247 2318 372 2362 cialis
398 2318 589 2362 materia
614 2317 747 2374 hujus
773 2318 1061 2371 sacramenti,
1089 2317 1194 2375 quia
1226 2317 1362 2361 habet
1389 2317 1646 2362 efficaciam
1683 2317 1739 2361 ad
1765 2315 2018 2365 sanandum
2046 2320 2212 2395 'corpp-

245 2385 398 2429 raliter
431 2384 685 2443 mitigando
712 2383 910 2437 dolores,
944 2385 1060 2428 sicut
1091 2398 1220 2442 aqua,
1254 2397 1370 2443 quae
1405 2384 1702 2443 corporaliter
1734 2383 1903 2438 abluit,
1916 2391 1991 2464 est
2013 2381 2208 2469 materia
2280 2381 2289 2426 f

248 2452 520 2497 sacramenti
553 2452 597 2494 in
625 2464 715 2509 quo
744 2451 794 2494 fit
826 2450 1070 2510 spiritualis
1103 2451 1287 2495 ablutio.

336 2519 447 2562 Inde
479 2517 618 2562 etiam
654 2517 947 2561 manifestum
980 2528 1051 2561 est
1081 2518 1204 2576 quod
1247 2518 1362 2562 sicut
1395 2518 1638 2562 medicatio
1673 2517 1924 2578 corporalis
1954 2476 2219 2575 adhffifflda*
2264 2519 2285 2577 j

248 2596 315 2631 est
341 2587 396 2630 ad
422 2586 694 2630 infirmitatis
721 2586 963 2644 originem,
989 2587 1052 2629 ita
1077 2586 1192 2629 haec
1215 2588 1371 2630 unctio
1398 2585 1488 2629 illis
1513 2586 1715 2653 partibus
1739 2585 1945 2645 corporis
1970 2572 2210 2629 adhibetur

249 2668 302 2697 ex
328 2653 488 2712 quibus
514 2652 753 2696 infirmitas
780 2653 957 2711 peccati
974 2652 1194 2711 procedit,
1213 2653 1327 2696 sicut
1343 2662 1447 2696 sunt
1472 2650 1772 2696 instrumenta
1798 2644 2211 2707 sensuum'5ffitma-

247 2734 348 2773 nus,
374 2728 418 2763 et
438 2719 589 2778 pedes,
617 2720 776 2778 quibus
796 2733 934 2778 opera
950 2719 1126 2777 peccati
1143 2729 1424 2774 exercentur,
1444 2728 1487 2763 et
1506 2718 1759 2762 secundum
1782 2710 2088 2799 quorumdam
2103 2727 2213 2761 eon·
2270 2715 2283 2769 j

343 2852 466 2904 Quia
498 2866 607 2895 vero
634 2866 721 2928 per
746 2852 837 2896 hoc
871 2862 1207 2896 sacramentum
1236 2861 1423 2910 peccata
1451 2846 1759 2906 dimittuntur,
1782 2832 2022 2911 peccatum
2054 2845 2209 2907 autem
2272 2845 2288 2870 'f

249 2933 343 2963 non
377 2919 614 2962 dimittitur
638 2919 725 2962 nisi
757 2933 836 2977 per
870 2920 1077 2995 gratiam,
1111 2918 1405 2963 manifestum
1438 2928 1506 2962 est
1547 2917 1669 2977 quod
1710 2918 1757 2961 in
1788 2918 1908 2965 hoc
1921 2924 2211 2962 sacramento

251 2985 393 3044 gratia
425 2984 667 3028 confertur.
695 2984 759 3028 Ea
791 2999 900 3029 vero
929 2986 973 3028 in
1001 2986 1161 3044 quibus
1190 2986 1333 3043 gratia
1360 2985 1623 3028 illuminans
1648 2979 2212 3036 mentemzeonferturfw
2267 2992 2275 3017 1·

249 3052 404 3095 hibere
432 3050 582 3095 solum
615 3052 807 3109 pertinet
836 3052 890 3095 ad
918 3053 1193 3105 sacerdotes,
1222 3065 1416 3110 quorum
1441 3052 1555 3095 ordo
1584 3061 1650 3095 est
1674 3049 2018 3105 illuminativus,
2036 3049 2213 3094 utdicit
2269 3082 2278 3111 ⁴:

251 3118 501 3176 Dionysius
529 3117 625 3175 (lib
648 3118 719 3162 De
753 3119 863 3162 eccl.
886 3118 997 3162 hier.
1025 3133 1061 3163 c
1085 3118 1163 3175 6..)
1190 3119 1290 3163 Nec
1308 3118 1548 3177 requiritur
1576 3119 1631 3161 ad
1653 3118 1745 3162 hoc
1761 3116 2214 3186 sacramentmufqt-

252 3198 430 3243 scopus,
459 3199 562 3227 cum
586 3198 667 3243 per
689 3186 778 3228 hoc
807 3195 1144 3229 sacramentum
1171 3198 1265 3229 non
1292 3185 1553 3230 conferatur
1569 3183 1851 3229 excellentia
1850 3182 2212 3238 mazicum
2257 3178 2287 3227 ’.ἐ

251 3250 338 3294 illis
365 3265 558 3309 quorum
586 3260 653 3295 est
678 3251 886 3295 minister
913 3252 1166 3310 episcopus.
1192 3252 1317 3305 Quia
1333 3262 1488 3296 tamen
1516 3252 1606 3295 hoc
1625 3258 1963 3302 sacramentum
1984 3246 2220 3312 pm,
2238 3242 2290 3310 4³⁸

252 3318 496 3360 curationis
525 3316 737 3361 effectum
764 3318 915 3369 habet,
949 3329 992 3362 et
1024 3319 1068 3361 in
1104 3331 1160 3362 eo
1194 3318 1435 3377 requiritur
1466 3316 1600 3377 copia
1627 3317 1814 3376 gratiae,
1848 3316 2068 3386 competit
2101 3311 2218 3374 ἢ*

254 3394 539 3427 sacramento
566 3384 687 3442 quod
715 3384 845 3427 multi
872 3386 1132 3429 sacerdotes
1159 3385 1380 3438 intersint,
1405 3394 1450 3428 et
1477 3384 1597 3443 quod
1627 3383 1774 3429 oratio
1799 3381 1956 3428 totius
1948 3377 2220 3438 ΕυεΙΜ
2243 3378 2280 3440 ᾗῇ.

253 3449 307 3493 ad
346 3449 558 3493 effectum
590 3450 724 3508 hujus
757 3451 1033 3495 sacramenti
1065 3452 1330 3510 coadjuvet·
1362 3450 1482 3495 unde
1509 3450 1705 3508 Jacobus
1738 3450 1869 3496 dicit:
1903 3448 2099 3496 Imm
2108 3452 2214 3521 Μ
2249 3453 2266 3493 ’.

208 3540 215 3548 ·
253 3517 427 3573 sbyteros
460 3516 690 3561 Ecclesiae:
724 3523 760 3560 et
791 3519 929 3562 oratio
951 3518 1053 3576 fidei
1085 3519 1248 3562 sanabit
1278 3518 1509 3577 infirmum.
1543 3517 1592 3562 Si
1629 3527 1785 3562 tamen
1818 3526 1947 3562 unm
1956 3509 2214 3578 305⁸·ssss

252 3582 401 3638 sbyter
427 3582 555 3635 adsit,
588 3582 853 3641 intelligitur
878 3584 968 3628 hoc
996 3594 1335 3629 sacramentum
1362 3584 1643 3643 perficerem
1670 3584 1835 3629 virtute
1870 3576 2290 3642 totiufflcdle‘g

2258 3638 2287 3658 r*

2199 3658 2239 3678 *Ὠ

1945 3785 1965 3796 a·
