2332 3854
778 200 932 240 mima
970 201 1047 239 111.
1090 201 1210 239 CAP.
1251 199 1474 240 cxxx1v.
2001 204 2070 257 49
2078 203 2105 256 5

150 305 416 366 simpliciter
441 302 614 348 malum
641 312 738 358 est3
762 303 850 347 nisi
871 303 917 346 in
940 312 1161 362 quantum
1187 303 1426 347 subventio
1445 316 1534 362 qua
1555 302 1602 346 in
1623 302 1950 362 temporalibus
1969 305 2113 362 proxi·

151 373 238 418 mis
263 371 537 424 subvenitur,
563 383 643 429 per
669 371 816 428 majus
832 370 1006 414 bonum
1029 380 1176 428 potest
1198 370 1552 429 recompensari,
1575 369 1750 414 scilicet
1775 384 1854 427 per
1879 370 1970 415 hoc
1989 371 2112 430 quod

150 439 297 484 homo
330 439 496 483 divitiis
533 450 691 482 carens
725 435 909 480 liberius
939 447 1090 495 potest
1125 437 1287 481 divinis
1317 447 1362 481 et
1392 436 1698 496 spiritualibus
1724 450 1901 481 vacare.
1931 437 2113 481 Bonum

152 516 306 550 autem
331 503 668 549 sustentationis
699 504 909 562 propriae
937 502 1051 547 adeo
1079 503 1390 547 necessarium
1429 513 1508 556 est,
1546 503 1667 562 quod
1700 502 1828 548 nullo
1863 503 1953 548 alio
1986 504 2111 549 bono

150 571 493 631 recompensari
516 578 688 630 potest:
722 568 890 613 nullius
923 569 1046 613 enim
1078 570 1187 613 boni
1219 570 1407 614 obtentu
1440 569 1575 614 debet
1605 569 1750 614 homo
1783 570 1867 614 sibi
1898 580 2117 615 sustenta-

151 638 325 683 tionem
354 639 472 681 vitae
499 637 774 682 subtrahere.
801 635 1047 693 Paupertas
1074 637 1211 694 igitur
1236 636 1338 680 talis
1364 635 1602 680 laudabilis
1631 646 1698 681 est
1725 651 1830 681 cum
1857 637 2002 682 homo
2035 652 2116 697 per

155 720 256 751 eam
276 720 303 749 a
318 703 699 749 sollicitudinibus
721 702 908 747 terrenis
931 701 1158 756 liberatus,
1182 702 1365 747 liberius
1387 703 1550 747 divinis
1573 713 1617 747 et
1637 703 1942 761 spiritualibus
1959 714 2116 759 vacat3

153 772 217 817 ita
241 782 398 816 tamen
429 770 552 829 quod
579 784 684 814 cum
717 783 770 813 ea
803 778 1037 813 remaneat
1054 769 1251 813 facultas
1276 770 1455 813 homini
1492 785 1572 828 per
1607 770 1783 814 licitum
1821 771 2013 815 modum
2049 786 2118 816 su-

155 837 381 883 stentandi
408 837 624 895 seipsum,
645 836 699 880 ad
722 836 844 895 quod
869 849 963 879 non
991 835 1133 879 multa
1156 836 1466 895 requiruntur;
1490 846 1532 880 et
1555 847 1724 895 quanto
1747 837 1913 882 modus
1935 838 2119 882 vivendi

151 905 199 949 in
224 914 487 963 paupertate
515 903 742 946 minorem
768 901 1122 946 sollicitudinem
1151 903 1303 961 exigit,
1329 912 1456 946 tanto
1479 913 1719 961 paupertas
1743 914 1811 948 est
1832 903 2116 959 laudabilior,

155 985 250 1016 non
278 980 430 1015 autem
458 978 629 1029 quanto
662 978 903 1028 paupertas
934 967 1068 1012 fuerit
1099 971 1278 1027 major;
1309 983 1404 1013 non
1438 970 1561 1012 enim
1592 980 1833 1028 paupertas
1864 972 2117 1016 secundum

150 1052 203 1083 se
227 1038 348 1082 bona
365 1046 446 1090 est,
466 1037 545 1081 sed
571 1037 617 1080 in
640 1046 861 1095 quantum
882 1035 1044 1080 liberat
1070 1036 1123 1078 ab
1152 1036 1238 1079 illis
1262 1036 1422 1095 quibus
1448 1037 1593 1080 homo
1610 1036 1855 1096 impeditur
1871 1039 2118 1097 quominus

150 1102 457 1164 spiritualibus
482 1103 708 1147 intendat:
736 1102 854 1146 unde
881 1102 1133 1146 secundum
1160 1103 1352 1146 modum
1376 1117 1467 1162 quo
1490 1103 1635 1148 homo
1662 1118 1742 1162 per
1774 1118 1877 1149 eam
1902 1105 2117 1150 liberatur

153 1172 207 1215 ab
234 1168 569 1230 impedimentis
594 1169 850 1228 praedictis,
878 1178 944 1213 est
970 1183 1183 1213 mensura
1209 1170 1423 1215 bonitatis
1450 1172 1559 1229 ejus.
1582 1171 1638 1215 Et
1659 1171 1748 1216 hoc
1773 1182 1840 1216 est
1867 1186 2116 1217 commune

152 1238 198 1282 in
226 1237 438 1282 omnibus
465 1236 795 1289 exsistentibus,
828 1249 944 1294 quae
969 1236 1016 1279 in
1040 1245 1217 1280 tantum
1244 1237 1366 1281 bona
1391 1247 1509 1292 sunt,
1541 1238 1588 1281 in
1621 1248 1843 1297 quantum
1873 1238 2119 1299 proficiunt

155 1304 211 1349 ad
235 1305 467 1359 virtutem,
491 1317 585 1348 non
613 1313 766 1347 autem
793 1303 1042 1348 secundum
1069 1303 1231 1362 seipsa.

844 1500 1100 1557 CAPUT
1142 1501 1429 1557 CXXXV.

193 1644 437 1684 SOLUTIO
472 1644 764 1684 RATIONUM
795 1644 966 1683 SUPRA
997 1644 1367 1683 INDUCTARUM
1401 1644 1627 1684 CONTRA
1659 1645 2080 1685 PAUPERTATEM.

245 1770 327 1815 His
359 1779 513 1814 autem
538 1769 662 1823 visis,
688 1769 886 1814 rationes
919 1770 1207 1828 praemissas,
1233 1769 1394 1829 quibus
1428 1779 1668 1829 paupertas
1695 1770 2003 1830 impugnatur,
2037 1771 2122 1816 dis-

156 1837 336 1895 solvere
372 1850 467 1882 non
503 1835 685 1881 difficile
719 1846 799 1880 est.
835 1835 1061 1889 Quamvis
1095 1837 1219 1881 enim
1250 1837 1431 1881 homini
1463 1837 1727 1882 naturaliter
1757 1838 1863 1882 insit
1896 1839 2119 1898 appetitus

158 1903 468 1963 congregandi
495 1917 548 1947 ea
575 1917 691 1962 quae
717 1913 822 1948 sunt
845 1904 1103 1948 necessaria
1137 1904 1192 1947 ad
1224 1904 1381 1958 vitam,
1415 1914 1464 1966 ut
1495 1905 1642 1963 prima
1667 1905 1783 1949 ratio
1810 1906 2121 1964 proponebat3

72 1999 78 2003 -
154 1985 249 2016 non
269 1978 424 2016 tamen
445 1970 538 2015 hoc
559 1970 702 2014 modo
728 1970 850 2029 quod
877 1980 1088 2030 oporteat
1108 1970 1358 2029 quemlibet
1380 1971 1500 2015 circa
1521 1971 1613 2015 hoc
1637 1985 1751 2030 opus
1774 1973 2013 2030 occupari:
2036 1987 2120 2017 nec

155 2038 278 2083 enim
312 2038 359 2082 in
393 2038 550 2097 apibus
582 2051 745 2082 omnes
779 2037 928 2082 eidem
961 2047 1126 2082 vacant
1170 2037 1338 2092 officio,
1375 2038 1453 2082 sed
1489 2039 1716 2096 quaedam
1754 2038 1978 2097 colligunt
2013 2039 2121 2095 mel,

156 2105 383 2165 quaedam
409 2119 462 2149 ex
489 2119 594 2149 cera
620 2105 785 2149 domus
814 2113 1106 2158 construunt;
1138 2118 1270 2163 reges
1304 2105 1443 2149 etiarn
1470 2105 1590 2149 circa
1616 2105 1731 2149 haec
1760 2119 1899 2164 opera
1925 2120 2020 2150 non
2047 2120 2121 2150 oc·

156 2181 390 2231 cupantur.
413 2171 470 2216 Et
495 2171 702 2216 similiter
727 2185 914 2216 necesse
947 2182 1015 2216 est
1045 2171 1091 2215 in
1124 2171 1390 2215 hominibus
1424 2185 1535 2216 esse.
1572 2171 1696 2223 Quia
1722 2172 1846 2216 enim
1873 2172 2016 2216 multa
2047 2187 2123 2218 ne-

157 2239 354 2284 cessaria
390 2248 495 2283 sunt
528 2238 583 2282 ad
619 2238 822 2282 hominis
847 2239 1007 2292 vitam,
1041 2238 1247 2297 adquae
1281 2253 1396 2282 unus
1428 2238 1573 2282 homo
1607 2253 1687 2297 per
1713 2253 1762 2283 se
1789 2238 1996 2284 sufficere
2027 2254 2121 2284 non

153 2315 335 2364 posset3
358 2305 668 2350 necessarium
696 2314 763 2349 est
788 2318 869 2364 per
895 2305 1099 2349 diversos
1127 2305 1305 2349 diversa
1331 2305 1442 2362 fieri,
1468 2315 1576 2364 puta
1602 2314 1650 2349 ut
1676 2305 1862 2364 quidam
1887 2306 1978 2350 sint
2004 2306 2121 2365 agri-

154 2372 369 2426 cultores,
395 2371 580 2431 quidam
609 2371 877 2415 animalium
901 2371 1128 2425 custodes,
1162 2372 1349 2430 quidam
1382 2371 1711 2426 aedificatores,
1745 2382 1789 2416 et
1820 2374 1884 2416 sic
1912 2373 1967 2416 de
1995 2373 2118 2417 aliis:

156 2449 200 2484 et
221 2439 325 2498 quia
346 2439 438 2482 vita
459 2439 704 2482 hominum
722 2452 815 2482 non
834 2438 985 2482 solum
1002 2439 1175 2496 indiget
1193 2438 1519 2498 corporalibus,
1535 2439 1613 2482 sed
1632 2439 1777 2498 magis
1803 2438 2121 2498 spiritualibus,

153 2507 463 2551 necessarium
490 2515 558 2550 est
584 2515 632 2549 ut
657 2505 843 2565 quidam
869 2515 1034 2550 vacent
1058 2505 1366 2565 spiritualibus·
1386 2506 1519 2549 rebus
1542 2507 1596 2550 ad
1623 2505 1992 2550 meliorationem
2014 2507 2122 2551 alio-

156 2586 273 2626 rum,
295 2586 410 2632 quos
431 2582 613 2631 oportet
631 2586 656 2615 a
674 2587 782 2616 cura
804 2571 1126 2630 temporalium
1145 2570 1379 2616 absolutos
1398 2586 1508 2616 esse.
1538 2572 1664 2616 Haec
1693 2582 1846 2616 autern
1868 2573 2121 2617 distributio

157 2638 441 2683 diversorum
469 2638 728 2683 officiorum
754 2639 800 2682 in
827 2638 1027 2683 diversas
1053 2652 1271 2697 personas
1297 2638 1348 2682 fit
1373 2639 1523 2682 divina
1547 2639 1846 2696 providentia,
1870 2640 2121 2684 secundum

157 2705 281 2764 quod
308 2705 495 2764 quidam
521 2705 669 2762 magis
694 2704 970 2749 inclinantur
997 2705 1053 2749 ad
1079 2705 1170 2748 hoc
1198 2703 1418 2759 officium,
1445 2719 1583 2763 quam
1611 2705 1666 2749 ad
1693 2705 1795 2749 alia.

249 2770 324 2815 Sic
353 2785 463 2829 ergo
489 2780 612 2832 patet
638 2770 761 2830 quod
794 2771 870 2830 qui
902 2770 1175 2846 temporalia
1202 2770 1475 2830 relinquunt,
1507 2785 1601 2815 non
1634 2771 1718 2815 sibi
1750 2771 2020 2817 subtrahunt
2050 2786 2123 2817 su-

158 2837 479 2882 stentationem
506 2837 641 2891 vitae,
670 2848 717 2882 ut
743 2837 942 2881 secunda
974 2838 1089 2881 ratio
1122 2837 1418 2896 procedebat.
1447 2848 1652 2882 remanet
1684 2838 1807 2882 enim
1839 2838 1989 2883 omnis
2021 2853 2123 2898 spes

158 2903 418 2980 probabilis·
430 2917 540 2948 suae
565 2904 684 2948 vitae
711 2904 1057 2958 sustentandae3
1084 2903 1158 2948 vel
1180 2918 1234 2948 ex
1259 2903 1416 2948 labore
1438 2905 1639 2963 proprio,
1661 2905 1735 2949 vel
1758 2919 1812 2949 ex
1834 2889 2031 2950 aliorum
2052 2906 2126 2951 be-

158 2970 359 3024 neficiis3
384 2970 479 3015 sive
506 2970 732 3029 accipiant
758 2985 812 3014 ea
837 2971 885 3014 in
910 2971 1277 3047 possessionibus
1305 2972 1642 3024 communibus,
1670 2972 1764 3016 sive
1790 2972 1836 3016 in
1863 2972 1989 3016 victu
2015 2986 2127 3031 quo·

158 3037 345 3082 tidiano.
368 3036 497 3081 Sicut
512 3037 635 3081 enim
653 3037 775 3096 quod
794 3051 871 3095 per
888 3037 1064 3082 amicos
1091 3051 1348 3097 possumus,
1375 3052 1455 3097 per
1479 3052 1565 3082 nos
1582 3037 1837 3097 aliqualiter
1862 3053 2124 3098 possumus,

160 3113 210 3148 ut
234 3103 542 3162 Philosophus
580 3103 688 3148 dicit
721 3104 910 3161 (octavo
937 3104 1084 3148 Ethic.
1113 3119 1150 3148 c.
1183 3104 1297 3161 11.),
1328 3105 1392 3149 ita
1424 3105 1546 3164 quod
1580 3105 1633 3149 ab
1668 3105 1826 3151 amicis
1859 3106 2067 3160 habetur,
2100 3120 2125 3149 a

159 3170 292 3214 nobis
318 3168 571 3229 aliqualiter
595 3169 800 3214 habetur.
826 3170 1024 3228 Oportet
1045 3180 1199 3214 autem
1220 3172 1336 3215 inter
1356 3171 1569 3216 homines
1593 3171 1682 3215 ad
1670 3172 1871 3216 invicem
1895 3185 1994 3216 esse
2018 3172 2127 3216 ami·

163 3237 318 3281 citiam
345 3236 597 3280 secundum
623 3236 745 3295 quod
778 3236 863 3281 sibi
894 3237 1091 3282 invicem
1124 3238 1397 3283 subveniunt
1426 3238 1501 3283 vel
1531 3239 1578 3282 in
1611 3238 1917 3298 spiritualibus
1943 3238 2019 3283 vel
2044 3249 2128 3283 ter-

162 3303 285 3348 renis
312 3301 488 3347 officiis.

249 3370 328 3414 Est
354 3377 507 3414 autem
533 3370 680 3428 majus
705 3369 943 3415 subvenire
976 3369 1104 3415 alteri
1129 3372 1174 3414 in
1201 3370 1505 3429 spiritualibus
1538 3385 1676 3430 quarn
1702 3371 1748 3415 in
1774 3371 2127 3430 temporalibus,

163 3445 334 3496 quanto
366 3435 615 3495 spiritualia
641 3445 746 3480 sunt
769 3436 1094 3496 temporalibus
1127 3437 1320 3495 potiora,
1356 3447 1400 3481 et
1432 3437 1579 3495 magis
1609 3437 1865 3482 necessaria
1898 3438 1954 3482 ad
1986 3438 2126 3484 finem

162 3502 452 3548 beatitudinis
479 3502 865 3562 consequendum.
900 3503 1033 3548 Unde
1060 3504 1137 3563 qui
1158 3503 1381 3548 subtrahit
1410 3504 1494 3547 sibi
1526 3503 1791 3549 facultatem
1824 3505 2125 3550 subveniendi

165 3569 265 3620 aliis
294 3570 341 3619 iu
372 3568 698 3633 temporalibus
730 3583 810 3631 per
839 3569 1145 3616 voluntariam
1179 3580 1504 3631 paupertatem,
1534 3581 1586 3622 ,ut
1618 3571 1821 3632 acquirat
1862 3571 2125 3633 spiritualia,
