2332 3854
253 164 358 233 518
897 177 1052 215 Lmen
1091 172 1166 213 111.
1209 174 1329 213 cAP.
1371 171 1556 212 cxmx.

242 290 389 340 patet3
415 279 521 324 huic
545 289 697 323 autem
725 278 904 322 coactio
933 277 1247 321 contrariatur.
1275 275 1382 320 Non
1413 274 1550 333 igitur
1574 274 1701 319 Deus
1727 288 1811 320 suo
1848 274 2016 320 auxilio
2035 274 2196 349 ‘heriss-

242 362 350 391 nem
377 348 502 405 cogit
528 347 583 390 ad
610 356 731 390 recte
755 345 996 403 agendum.
2119 363 2122 366 ,

331 414 516 458 Adhuc:
544 412 746 455 divinum
776 411 992 453 auxilium
1019 409 1083 453 sic
1106 406 1372 466 intelligitur
1395 408 1451 452 ad
1475 408 1592 452 bene
1619 408 1847 484 agendum
1871 407 2063 453 homini
2075 367 2200 452 adhi-

242 480 337 524 beri
363 480 484 538 quod
512 480 557 522 in
583 478 714 522 nobis
740 486 895 520 nostra
922 489 1059 535 opera
1082 477 1296 533 operatu'r
1317 474 1432 519 sicut
1459 488 1595 519 causa
1624 476 1772 533 prima
1798 482 2012 534 operatur
2034 476 2202 534 opera-

242 547 390 590 tiones
418 559 657 589 causarum
685 543 1002 596 secundarum,
1030 551 1074 585 et
1101 554 1240 599 agens
1267 540 1514 600 principale
1548 552 1761 600 operatur
1788 542 2027 586 actionem
2041 536 2212 586 iffi-

243 613 406 666 menti;
441 611 558 654 unde
582 610 743 653 dicitur
766 610 871 667 (Isa.
899 577 1064 652 XXVI.
1099 608 1214 663 12.):
1244 607 1401 652 Omnia
1421 615 1545 666 opera
1561 613 1702 652 nostra
1728 614 1922 667 operatas
1941 623 1980 653 es
1999 609 2046 652 ia
2065 605 2198 662 novis,

239 679 434 722 Domine.
461 677 610 721 Causa
629 685 782 719 autem
805 675 948 733 prima
974 684 1130 718 causat
1157 674 1474 732 operationem
1502 688 1665 718 causae
1692 675 1919 719 secundae
1936 663 2198 720 secundum

240 744 431 788 modum
456 744 609 802 ipsius.
638 742 759 800 Ergo
794 751 837 785 et
867 741 993 785 Deus
1028 750 1184 785 causat
1214 740 1261 784 in
1293 741 1424 785 nobis
1457 751 1611 785 nostra
1647 755 1785 800 opera
1814 740 2071 801 secundum
2102 745 2200 785 mo·

240 811 349 854 dum
375 821 596 863 nostrum,
620 809 697 868 qui
720 818 786 852 est
810 818 859 851 ut
878 806 1148 862 voluntarie,
1166 817 1211 851 et
1231 821 1325 851 non
1343 818 1502 862 coacte
1521 821 1725 866 agamus.
1750 807 1859 853 Non
1881 807 2017 867 igitur
2042 804 2199 852 divino

242 877 409 921 auxilio
438 876 598 935 aliquis
630 876 807 934 cogitur
834 875 890 918 ad
917 883 1039 919 recte
1063 874 1305 933 agendum.

330 942 563 1002 Amplius:
597 942 743 985 homo
776 955 855 1000 per
884 941 1169 985 voluntatem
1199 941 1464 991 ordinatur
1454 955 1499 984 m
1522 941 1684 995 finem;
1718 941 1950 1000 objectum
1974 940 2098 985 enim
2124 954 2203 985 vo-

240 1010 422 1054 luntatis
451 1019 518 1053 est
541 1009 715 1053 bonum
745 1019 788 1052 et
814 1007 930 1052 finis.
958 1007 1195 1051 Auxilium
1214 1017 1365 1051 autem
1385 1008 1589 1052 divinum
1613 1007 1745 1052 nobis
1772 1007 1828 1051 ad
1844 1007 1934 1052 hoc
1956 1007 2200 1073 praecipue

241 1077 514 1135 impenditur
541 1086 589 1119 ut
612 1088 949 1134 consequamur
974 1074 1128 1118 finem.
1156 1074 1264 1132 Ejus
1291 1088 1400 1133 ergo
1429 1075 1647 1119 auxilium
1674 1089 1768 1118 non
1795 1073 1994 1118 excludit
2017 1088 2044 1118 a
2057 1074 2200 1118 nobis

241 1154 393 1186 actum
419 1141 681 1195 voluntatis,
705 1143 782 1186 sed
808 1142 958 1201 ipsum
977 1141 1220 1200 praecipue
1238 1141 1284 1184 in
1302 1141 1433 1185 nobis
1450 1140 1586 1196 facit3
1613 1142 1731 1185 unde
1759 1151 1804 1185 et
1819 1139 2070 1200 Apostolus
2095 1139 2203 1184 dicit

240 1209 455 1268 (Philipp.
482 1209 538 1252 ΙΙ.
571 1222 617 1264 13
629 1209 689 1266 .:)
725 1209 840 1253 Deus
866 1223 902 1252 es
907 1215 920 1252 t
956 1209 1028 1266 qui
1061 1214 1262 1266 operatur
1286 1209 1331 1251 in
1357 1209 1474 1252 nobis
1505 1215 1543 1253 et
1573 1208 1676 1252 velle
1702 1213 1739 1252 et
1763 1207 1962 1267 perficere
1981 1213 2066 1267 pro
2093 1207 2202 1252 bona

239 1277 465 1321 voluntate.
501 1276 698 1320 Coactio
733 1285 886 1319 autern
920 1274 1118 1319 excludit
1149 1275 1195 1317 in
1228 1274 1360 1318 nobis
1399 1284 1551 1318 actum
1577 1274 1851 1328 voluntatis;
1884 1282 2047 1318 coacte
2078 1273 2202 1318 enim

241 1343 418 1402 agimus
447 1344 573 1400 cujus
598 1342 878 1387 contrarium
905 1340 1134 1386 volumus.
1161 1341 1270 1386 Non
1293 1355 1402 1400 ergo
1429 1341 1556 1385 Deus
1583 1355 1667 1386 suo
1694 1339 1864 1385 auxilio
1885 1352 1972 1385 nos
1983 1339 2201 1400 ‘cog1t’ad

243 1420 363 1454 recte
392 1409 635 1468 agendum.

329 1477 467 1520 Item:
496 1476 641 1520 horno
674 1475 881 1534 pervenit
912 1475 968 1519 ad
1002 1474 1216 1519 ultimum
1249 1488 1383 1518 suum
1416 1473 1557 1519 finem
1592 1487 1673 1532 per
1707 1483 1832 1518 actus
1866 1471 2201 1528 virtutum;'‘fe-

244 1544 391 1588 licitas
418 1543 541 1588 enim
573 1543 749 1587 virtutis
781 1543 1039 1602 praemium
1068 1542 1263 1601 ponitur.
1283 1541 1427 1586 Actus
1455 1552 1609 1586 autem
1636 1541 1786 1585 coacti
1809 1548 1905 1585 non
1932 1547 2042 1585 ‘sunt
2072 1544 2200 1585 'actus

242 1613 484 1664 virtutum;
510 1624 618 1654 nam
645 1610 692 1652 in
717 1609 881 1653 virtute
908 1609 1207 1684 praecipu-um
1241 1618 1309 1652 est
1341 1607 1520 1663 electio,
1548 1622 1664 1667 quae
1690 1607 1788 1652 sine
1813 1606 2075 1656 voluntario
2102 1608 2201 1652 esse

243 1692 338 1722 non
364 1686 528 1735 potest,
556 1677 626 1720 cui
653 1675 906 1720 violentum
934 1676 1215 1719 contrarium
1239 1684 1319 1719 est.
1342 1674 1450 1719 Non
1472 1675 1608 1733 igitur
1626 1673 1843 1718 divinitus
1855 1673 2016 1718 homo
2025 1668 2225 1733 cogitur*

245 1744 300 1789 ad
326 1754 448 1788 recte
476 1743 719 1803 agendum.

272 1838 282 1847 -
331 1811 594 1855 Praeterea:
629 1824 681 1854 ea
714 1824 830 1869 quae
862 1820 966 1854 sunt
999 1811 1055 1854 ad
1081 1809 1220 1853 finem
1257 1809 1421 1854 debent
1458 1823 1556 1854 esse
1584 1808 1663 1853 fini
1694 1808 2053 1868 proportionata.
2079 1807 2203 1853 Finis

247 1889 396 1923 autem
426 1877 627 1931 ultimus,
655 1877 731 1935 qui
758 1886 825 1920 est
850 1875 1056 1930 felicitas,
1090 1891 1184 1920 non
1211 1876 1431 1934 competit
1456 1877 1542 1920 nisi
1567 1876 1823 1920 voluntarie
1850 1875 2206 1935 agentibus,lqui

242 1954 348 1989 sunt
374 1944 550 1988 domini
575 1944 644 1988 sui
671 1953 823 1997 actus;
856 1943 975 1987 unde
1008 1957 1155 2001 neque
1188 1943 1439 1999 inanimata
1465 1956 1613 2002 neque
1645 1943 1775 1986 bruta
1809 1940 2024 1986 animalia
2049 1938 2202 1986 felleia

242 2012 451 2065 dicimus,
478 2011 594 2055 sicut
624 2025 708 2055 nec
741 2007 970 2054 fortunata
1012 2020 1089 2054 aut
1134 1996 1428 2063 infortunata,
1460 2010 1547 2054 nisi
1578 2009 1831 2054 secundum
1863 2009 2199 2069 metaphoram.

241 2078 482 2124 Auxilium
508 2078 645 2138 igitur
676 2078 799 2138 quod
825 2077 1007 2122 homini
1034 2077 1165 2121 datur
1198 2077 1411 2121 divinitus
1439 2077 1495 2120 ad
1526 2075 1796 2147 felicitatem
1816 2074 2202 2155 consequendam

243 2161 338 2190 non
374 2156 443 2190 est
475 2145 748 2200 coactivum.

334 2214 453 2256 Hinc
482 2222 549 2257 est
575 2212 698 2271 quod
726 2211 888 2255 dicitur
923 2212 1131 2269 (Deuter.
1158 2210 1304 2255 XXX.
1332 2209 1535 2267 15-18.:)
1566 2209 1792 2255 Considera
1823 2208 1933 2268 quod
1956 2207 2074 2254 hodie
2101 2214 2205 2269 'pro-

234 2282 428 2340 posuerit
459 2281 671 2323 Dominus
701 2280 747 2322 in
773 2284 988 2337 conspectu
1022 2285 1089 2322 tuo
1115 2279 1248 2322 vitam
1275 2284 1311 2322 et
1343 2279 1512 2332 bonum,
1541 2283 1578 2322 et
1602 2293 1621 2322 e
1647 2290 1841 2322 converso
1848 2279 2047 2321 mortem
2060 2275 2098 2322 ‘et
2118 2291 2206 2321 ma-

244 2348 346 2400 lum,
370 2353 415 2391 ut
436 2346 587 2405 diligas
612 2347 848 2390 Dominum
870 2346 1009 2390 Deum
1034 2351 1163 2399 tuum,
1188 2352 1226 2390 et
1246 2345 1459 2389 ambules
1443 2361 1487 2389 m
1507 2347 1589 2389 viis
1610 2348 1695 2403 ejus
1709 2379 1740 2390 ..
1757 2378 1766 2388 .
1796 2345 1844 2389 Si
1859 2347 1995 2389 auiam
2012 2356 2207 2389 aversum

233 2415 370 2473 fuerit
403 2428 475 2458 cor
507 2419 639 2467 tuum,
673 2419 710 2457 et
741 2412 886 2457 audire
919 2413 1171 2456 nolueris...
1200 2411 1399 2471 praedico
1439 2413 1514 2456 tibi
1541 2411 1656 2456 hodie
1692 2411 1799 2470 quod
1822 2419 1984 2471 pereas,
2016 2419 2130 2466 etc.;
2162 2422 2208 2456 et

244 2480 408 2538 (Eccli.
436 2480 537 2524 XV.
567 2481 654 2537 18.)
674 2479 859 2524 dicitur:
887 2480 996 2524 Ante
1022 2480 1230 2524 hominem
1256 2486 1310 2525 est
1327 2481 1419 2525 vita
1435 2485 1474 2525 et
1498 2494 1623 2534 mors,
1652 2480 1806 2524 bonum
1822 2485 1860 2524 et
1883 2478 2073 2532 malum;
2097 2478 2206 2538 quod

238 2548 453 2607 placuerit
483 2549 536 2602 ei,
570 2547 741 2592 dabitur
773 2546 850 2591 illi.

1022 2721 1278 2778 CAPUT
1321 2722 1432 2777 CL.

299 2859 457 2904 QUOD
500 2858 857 2897 PRAEDICTUM
899 2858 1171 2896 AUXILIUM
1211 2857 1375 2896 HOMO
1416 2857 1724 2897 PROMERERI
1762 2858 1881 2897 NON
1920 2847 2152 2896 POTEST·

311 2953 314 2955 ’
888 2961 1005 3018 (Ι-ΙΙ.
1033 2966 1182 3019 quaest.
1202 2959 1370 3005 CXIV.
1398 2966 1479 3004 art.
1501 2960 1575 3019 5.).

338 3072 402 3116 Ex
434 3072 675 3130 praedictis
710 3081 862 3116 autem
889 3070 1127 3116 manifeste
1161 3071 1413 3115 ostenditur
1440 3069 1562 3130 quod
1591 3069 1810 3115 auxilium
1832 3069 2036 3115 divinum
2057 3060 2202 3115 Homo

246 3139 505 3197 promereri
530 3153 623 3182 non
656 3149 820 3198 potest.

341 3205 587 3259 Quaelibet
613 3208 733 3250 enim
746 3219 832 3249 ‘res
867 3205 921 3248 ad
949 3205 993 3249 id
1033 3205 1154 3264 quod
1191 3218 1326 3263 supra
1364 3204 1511 3263 ipsam
1550 3214 1616 3249 est
1654 3199 1949 3249 materialiter
1978 3216 2027 3248 se
2058 3202 2208 3248 habet.

247 3272 439 3317 Materia
468 3282 618 3317 autem
641 3286 735 3316 non
759 3282 917 3316 movet
942 3272 1139 3331 seipsam
1164 3271 1219 3315 ad
1244 3285 1373 3315 suam
1401 3270 1746 3329 perfectionem,
1772 3269 1852 3316 sed
1879 3279 2062 3330 oportet
2082 3268 2205 3330 quocl

249 3339 302 3381 ab
332 3339 420 3383 alio
445 3350 697 3384 moveatur.
718 3340 874 3384 Homo
902 3340 1037 3398 igitur
1062 3353 1157 3384 non
1185 3347 1342 3382 movet
1368 3338 1567 3397 seipsum
1596 3337 1651 3381 ad
1673 3337 1764 3382 hoc
1789 3336 1914 3397 quod
1937 3336 2212 3396 adipiscatur

245 3406 448 3451 divinum
477 3407 709 3463 auxilium,
738 3407 860 3467 quod
888 3420 1022 3465 supra
1050 3407 1199 3465 ipsum
1226 3414 1308 3459 est,
1333 3405 1411 3449 sed
1437 3405 1587 3464 potius
1617 3405 1671 3449 ad
1699 3404 1792 3450 hoc
1819 3402 2163 3463 adipiscendum
2185 3416 2211 3447 a

245 3473 346 3516 Deo
377 3484 599 3518 movetur.
634 3474 780 3517 Motio
816 3484 969 3517 autem
1008 3473 1236 3518 moventis
1262 3472 1493 3531 praecedit
1520 3481 1701 3516 motum
1734 3470 1932 3526 mobilis,
1952 3470 2135 3515 ratione
2168 3479 2212 3514 et

246 3553 393 3583 causa.
427 3540 534 3584 Non
567 3540 703 3599 igitur
735 3550 918 3599 propter
949 3540 1039 3583 hoc
1074 3539 1205 3583 datur
1237 3538 1368 3583 nobis
1402 3537 1619 3582 auxilium
1653 3538 1858 3582 divinum
1890 3537 1998 3597 'quia
2019 3547 2115 3581 =nos
2151 3535 2210 3580 ad

2316 3832 2332 3854 §..).
2318 3712 2332 3825 wunsam-
2324 3699 2326 3703 >
