<?xml version="1.0" encoding="UTF-8"?>
<!DOCTYPE html PUBLIC "-//W3C//DTD XHTML 1.0 Transitional//EN"
    "http://www.w3.org/TR/xhtml1/DTD/xhtml1-transitional.dtd">
<html xmlns="http://www.w3.org/1999/xhtml" xml:lang="en" lang="en">
 <head>
  <title>
</title>
<meta http-equiv="Content-Type" content="text/html;charset=utf-8" />
  <meta name='ocr-system' content='tesseract 3.04.00' />
  <meta name='ocr-capabilities' content='ocr_page ocr_carea ocr_par ocr_line ocrx_word'/>
</head>
<body>
  <div class='ocr_page' id='page_1' title='image "./divithomaeaquina00thom_0535.png"; bbox 0 0 2332 3854; ppageno 0'>
   <div class='ocr_carea' id='block_1_1' title="bbox 776 218 2071 273">
    <p class='ocr_par' dir='ltr' id='par_1_1' title="bbox 776 218 2071 273">
     <span class='ocr_line' id='line_1_1' title="bbox 776 218 2071 273; baseline -0.002 -15"><span class='ocrx_word' id='word_1_1' title='bbox 776 219 946 258; x_wconf 63' lang='lat' dir='ltr'><strong>‘LIBER</strong></span> <span class='ocrx_word' id='word_1_2' title='bbox 985 219 1064 261; x_wconf 90' lang='lat'>111.</span> <span class='ocrx_word' id='word_1_3' title='bbox 1106 219 1227 258; x_wconf 85' lang='lat' dir='ltr'><strong>CAP.</strong></span> <span class='ocrx_word' id='word_1_4' title='bbox 1269 218 1416 258; x_wconf 87' lang='lat' dir='ltr'><strong>CLIII.</strong></span> <span class='ocrx_word' id='word_1_5' title='bbox 1969 218 2071 273; x_wconf 76' lang='grc'>523</span> 
     </span>
    </p>
   </div>
   <div class='ocr_carea' id='block_1_2' title="bbox 58 319 2080 1774">
    <p class='ocr_par' dir='ltr' id='par_1_2' title="bbox 58 319 2078 1248">
     <span class='ocr_line' id='line_1_2' title="bbox 217 319 2078 398; baseline -0.002 -30"><span class='ocrx_word' id='word_1_6' title='bbox 217 323 361 368; x_wconf 85' lang='lat' dir='ltr'><strong>Item:</strong></span> <span class='ocrx_word' id='word_1_7' title='bbox 390 322 772 398; x_wconf 79' lang='lat' dir='ltr'>quandocumque</span> <span class='ocrx_word' id='word_1_8' title='bbox 805 322 858 365; x_wconf 90' lang='lat' dir='ltr'>ab</span> <span class='ocrx_word' id='word_1_9' title='bbox 887 321 1040 381; x_wconf 87' lang='lat' dir='ltr'>aliquo</span> <span class='ocrx_word' id='word_1_10' title='bbox 1075 331 1238 380; x_wconf 85' lang='lat' dir='ltr'>agente</span> <span class='ocrx_word' id='word_1_11' title='bbox 1265 329 1476 366; x_wconf 84' lang='lat' dir='ltr'>movetur</span> <span class='ocrx_word' id='word_1_12' title='bbox 1503 319 1671 378; x_wconf 87' lang='lat' dir='ltr'>aliquid</span> <span class='ocrx_word' id='word_1_13' title='bbox 1701 319 1755 363; x_wconf 83' lang='lat' dir='ltr'>ad</span> <span class='ocrx_word' id='word_1_14' title='bbox 1783 319 1827 363; x_wconf 86' lang='lat' dir='ltr'>id</span> <span class='ocrx_word' id='word_1_15' title='bbox 1854 320 1976 378; x_wconf 91' lang='lat' dir='ltr'>quod</span> <span class='ocrx_word' id='word_1_16' title='bbox 2011 330 2078 364; x_wconf 92' lang='lat' dir='ltr'>est</span> 
     </span>
     <span class='ocr_line' id='line_1_3' title="bbox 124 385 2078 450; baseline -0.003 -16"><span class='ocrx_word' id='word_1_17' title='bbox 124 390 359 450; x_wconf 88' lang='lat' dir='ltr'>proprium</span> <span class='ocrx_word' id='word_1_18' title='bbox 391 389 459 434; x_wconf 92' lang='lat' dir='ltr'>illi</span> <span class='ocrx_word' id='word_1_19' title='bbox 491 388 656 448; x_wconf 84' lang='lat' dir='ltr'>agenti,</span> <span class='ocrx_word' id='word_1_20' title='bbox 689 397 869 447; x_wconf 86' lang='lat' dir='ltr'>oportet</span> <span class='ocrx_word' id='word_1_21' title='bbox 902 388 1022 447; x_wconf 93' lang='lat' dir='ltr'>quod</span> <span class='ocrx_word' id='word_1_22' title='bbox 1057 403 1082 432; x_wconf 90' lang='lat' dir='ltr'>a</span> <span class='ocrx_word' id='word_1_23' title='bbox 1113 387 1336 448; x_wconf 88' lang='lat' dir='ltr'>principio</span> <span class='ocrx_word' id='word_1_24' title='bbox 1362 387 1510 446; x_wconf 89' lang='lat' dir='ltr'>ipsum</span> <span class='ocrx_word' id='word_1_25' title='bbox 1541 385 1713 430; x_wconf 89' lang='lat' dir='ltr'>mobile</span> <span class='ocrx_word' id='word_1_26' title='bbox 1745 385 1962 430; x_wconf 87' lang='lat' dir='ltr'>subdatur</span> <span class='ocrx_word' id='word_1_27' title='bbox 1992 385 2078 429; x_wconf 90' lang='lat' dir='ltr'>im-</span> 
     </span>
     <span class='ocr_line' id='line_1_4' title="bbox 122 452 2077 532; baseline -0.003 -31"><span class='ocrx_word' id='word_1_28' title='bbox 122 453 429 532; x_wconf 81' lang='lat' dir='ltr'>pressionibus</span> <span class='ocrx_word' id='word_1_29' title='bbox 456 454 630 519; x_wconf 79' lang='lat' dir='ltr'>agentis</span> <span class='ocrx_word' id='word_1_30' title='bbox 654 453 933 512; x_wconf 87' lang='lat' dir='ltr'>imperfecte,</span> <span class='ocrx_word' id='word_1_31' title='bbox 960 455 1088 512; x_wconf 91' lang='lat' dir='ltr'>quasi</span> <span class='ocrx_word' id='word_1_32' title='bbox 1115 453 1273 498; x_wconf 88' lang='lat' dir='ltr'>alienis</span> <span class='ocrx_word' id='word_1_33' title='bbox 1300 464 1343 498; x_wconf 91' lang='lat' dir='ltr'>et</span> <span class='ocrx_word' id='word_1_34' title='bbox 1368 467 1462 497; x_wconf 89' lang='lat' dir='ltr'>non</span> <span class='ocrx_word' id='word_1_35' title='bbox 1495 452 1687 528; x_wconf 83' lang='lat' dir='ltr'>propriis</span> <span class='ocrx_word' id='word_1_36' title='bbox 1714 452 1812 506; x_wconf 84' lang='lat' dir='ltr'>sibi,</span> <span class='ocrx_word' id='word_1_37' title='bbox 1839 465 2077 510; x_wconf 86' lang='lat' dir='ltr'>quousque</span> 
     </span>
     <span class='ocr_line' id='line_1_5' title="bbox 121 518 2075 595; baseline -0.003 -28"><span class='ocrx_word' id='word_1_38' title='bbox 121 520 234 567; x_wconf 84' lang='lat' dir='ltr'>flant</span> <span class='ocrx_word' id='word_1_39' title='bbox 254 523 301 566; x_wconf 92' lang='lat' dir='ltr'>ei</span> <span class='ocrx_word' id='word_1_40' title='bbox 327 522 535 582; x_wconf 90' lang='lat' dir='ltr'>propriae</span> <span class='ocrx_word' id='word_1_41' title='bbox 567 522 614 565; x_wconf 89' lang='lat' dir='ltr'>in</span> <span class='ocrx_word' id='word_1_42' title='bbox 638 521 835 566; x_wconf 89' lang='lat' dir='ltr'>termino</span> <span class='ocrx_word' id='word_1_43' title='bbox 864 531 1042 574; x_wconf 90' lang='lat' dir='ltr'>motus;</span> <span class='ocrx_word' id='word_1_44' title='bbox 1068 521 1185 564; x_wconf 90' lang='lat' dir='ltr'>sicut</span> <span class='ocrx_word' id='word_1_45' title='bbox 1214 519 1390 578; x_wconf 90' lang='lat' dir='ltr'>lignum</span> <span class='ocrx_word' id='word_1_46' title='bbox 1424 519 1477 563; x_wconf 89' lang='lat' dir='ltr'>ab</span> <span class='ocrx_word' id='word_1_47' title='bbox 1511 519 1615 595; x_wconf 88' lang='lat' dir='ltr'>igne</span> <span class='ocrx_word' id='word_1_48' title='bbox 1650 518 1800 577; x_wconf 87' lang='lat' dir='ltr'>primo</span> <span class='ocrx_word' id='word_1_49' title='bbox 1834 518 1997 571; x_wconf 89' lang='lat' dir='ltr'>calefit,</span> <span class='ocrx_word' id='word_1_50' title='bbox 2031 528 2075 562; x_wconf 89' lang='lat' dir='ltr'>et</span> 
     </span>
     <span class='ocr_line' id='line_1_6' title="bbox 121 584 2076 663; baseline -0.004 -29"><span class='ocrx_word' id='word_1_51' title='bbox 121 585 199 634; x_wconf 83' lang='lat' dir='ltr'>ille</span> <span class='ocrx_word' id='word_1_52' title='bbox 223 588 350 633; x_wconf 88' lang='lat' dir='ltr'>calor</span> <span class='ocrx_word' id='word_1_53' title='bbox 375 602 468 634; x_wconf 91' lang='lat' dir='ltr'>non</span> <span class='ocrx_word' id='word_1_54' title='bbox 496 598 562 633; x_wconf 91' lang='lat' dir='ltr'>est</span> <span class='ocrx_word' id='word_1_55' title='bbox 587 588 793 663; x_wconf 76' lang='lat' dir='ltr'>proprius</span> <span class='ocrx_word' id='word_1_56' title='bbox 819 587 961 645; x_wconf 89' lang='lat' dir='ltr'>ligno,</span> <span class='ocrx_word' id='word_1_57' title='bbox 989 587 1065 630; x_wconf 89' lang='lat' dir='ltr'>sed</span> <span class='ocrx_word' id='word_1_58' title='bbox 1089 597 1266 662; x_wconf 87' lang='lat' dir='ltr'>praeter</span> <span class='ocrx_word' id='word_1_59' title='bbox 1290 595 1499 630; x_wconf 90' lang='lat' dir='ltr'>naturam</span> <span class='ocrx_word' id='word_1_60' title='bbox 1529 585 1693 643; x_wconf 83' lang='lat' dir='ltr'>ipsius;</span> <span class='ocrx_word' id='word_1_61' title='bbox 1718 586 1764 629; x_wconf 90' lang='lat' dir='ltr'>in</span> <span class='ocrx_word' id='word_1_62' title='bbox 1789 584 1878 628; x_wconf 89' lang='lat' dir='ltr'>fine</span> <span class='ocrx_word' id='word_1_63' title='bbox 1907 594 2076 636; x_wconf 88' lang='lat' dir='ltr'>autem,</span> 
     </span>
     <span class='ocr_line' id='line_1_7' title="bbox 122 649 2077 715; baseline -0.003 -16"><span class='ocrx_word' id='word_1_64' title='bbox 122 655 305 715; x_wconf 89' lang='lat' dir='ltr'>quando</span> <span class='ocrx_word' id='word_1_65' title='bbox 336 656 430 713; x_wconf 88' lang='lat' dir='ltr'>jam</span> <span class='ocrx_word' id='word_1_66' title='bbox 454 655 632 714; x_wconf 88' lang='lat' dir='ltr'>lignum</span> <span class='ocrx_word' id='word_1_67' title='bbox 656 653 851 712; x_wconf 88' lang='lat' dir='ltr'>ignitum</span> <span class='ocrx_word' id='word_1_68' title='bbox 878 663 958 706; x_wconf 89' lang='lat' dir='ltr'>est,</span> <span class='ocrx_word' id='word_1_69' title='bbox 991 652 1039 696; x_wconf 85' lang='lat' dir='ltr'>fit</span> <span class='ocrx_word' id='word_1_70' title='bbox 1066 653 1106 697; x_wconf 91' lang='lat' dir='ltr'>ei</span> <span class='ocrx_word' id='word_1_71' title='bbox 1130 652 1254 696; x_wconf 89' lang='lat' dir='ltr'>calor</span> <span class='ocrx_word' id='word_1_72' title='bbox 1285 652 1492 711; x_wconf 88' lang='lat' dir='ltr'>proprius</span> <span class='ocrx_word' id='word_1_73' title='bbox 1519 662 1564 696; x_wconf 92' lang='lat' dir='ltr'>et</span> <span class='ocrx_word' id='word_1_74' title='bbox 1590 649 1921 707; x_wconf 89' lang='lat' dir='ltr'>connaturalis;</span> <span class='ocrx_word' id='word_1_75' title='bbox 1948 660 1993 694; x_wconf 92' lang='lat' dir='ltr'>et</span> <span class='ocrx_word' id='word_1_76' title='bbox 2023 650 2077 695; x_wconf 91' lang='lat' dir='ltr'>si-</span> 
     </span>
     <span class='ocr_line' id='line_1_8' title="bbox 123 718 2078 781; baseline -0.003 -15"><span class='ocrx_word' id='word_1_77' title='bbox 123 721 306 776; x_wconf 88' lang='lat' dir='ltr'>militer,</span> <span class='ocrx_word' id='word_1_78' title='bbox 333 736 472 781; x_wconf 90' lang='lat' dir='ltr'>quum</span> <span class='ocrx_word' id='word_1_79' title='bbox 501 721 660 780; x_wconf 89' lang='lat' dir='ltr'>aliquis</span> <span class='ocrx_word' id='word_1_80' title='bbox 684 735 710 764; x_wconf 91' lang='lat' dir='ltr'>a</span> <span class='ocrx_word' id='word_1_81' title='bbox 730 721 949 778; x_wconf 87' lang='lat' dir='ltr'>magistro</span> <span class='ocrx_word' id='word_1_82' title='bbox 976 720 1177 773; x_wconf 87' lang='lat' dir='ltr'>docetur,</span> <span class='ocrx_word' id='word_1_83' title='bbox 1196 729 1376 778; x_wconf 87' lang='lat' dir='ltr'>oportet</span> <span class='ocrx_word' id='word_1_84' title='bbox 1393 719 1514 778; x_wconf 90' lang='lat' dir='ltr'>quod</span> <span class='ocrx_word' id='word_1_85' title='bbox 1534 733 1559 762; x_wconf 91' lang='lat' dir='ltr'>a</span> <span class='ocrx_word' id='word_1_86' title='bbox 1576 718 1799 778; x_wconf 91' lang='lat' dir='ltr'>principio</span> <span class='ocrx_word' id='word_1_87' title='bbox 1818 719 2078 777; x_wconf 87' lang='lat' dir='ltr'>conceptio-</span> 
     </span>
     <span class='ocr_line' id='line_1_9' title="bbox 121 784 2077 847; baseline -0.003 -14"><span class='ocrx_word' id='word_1_88' title='bbox 121 802 203 833; x_wconf 88' lang='lat' dir='ltr'>nes</span> <span class='ocrx_word' id='word_1_89' title='bbox 231 788 436 847; x_wconf 80' lang='lat' dir='ltr'>magistri</span> <span class='ocrx_word' id='word_1_90' title='bbox 459 788 661 847; x_wconf 89' lang='lat' dir='ltr'>recipiat,</span> <span class='ocrx_word' id='word_1_91' title='bbox 687 801 781 831; x_wconf 92' lang='lat' dir='ltr'>non</span> <span class='ocrx_word' id='word_1_92' title='bbox 808 786 935 845; x_wconf 88' lang='lat' dir='ltr'>quasi</span> <span class='ocrx_word' id='word_1_93' title='bbox 962 800 1038 829; x_wconf 90' lang='lat' dir='ltr'>eas</span> <span class='ocrx_word' id='word_1_94' title='bbox 1064 800 1143 845; x_wconf 91' lang='lat' dir='ltr'>per</span> <span class='ocrx_word' id='word_1_95' title='bbox 1169 800 1216 830; x_wconf 86' lang='lat' dir='ltr'>se</span> <span class='ocrx_word' id='word_1_96' title='bbox 1243 785 1515 844; x_wconf 89' lang='lat' dir='ltr'>intelligens,</span> <span class='ocrx_word' id='word_1_97' title='bbox 1548 784 1627 829; x_wconf 89' lang='lat' dir='ltr'>sed</span> <span class='ocrx_word' id='word_1_98' title='bbox 1659 799 1740 844; x_wconf 91' lang='lat' dir='ltr'>per</span> <span class='ocrx_word' id='word_1_99' title='bbox 1766 784 1957 828; x_wconf 90' lang='lat' dir='ltr'>modum</span> <span class='ocrx_word' id='word_1_100' title='bbox 1985 797 2077 828; x_wconf 89' lang='lat' dir='ltr'>cre-</span> 
     </span>
     <span class='ocr_line' id='line_1_10' title="bbox 120 850 2075 913; baseline -0.003 -14"><span class='ocrx_word' id='word_1_101' title='bbox 120 853 334 908; x_wconf 87' lang='lat' dir='ltr'>dulitatis,</span> <span class='ocrx_word' id='word_1_102' title='bbox 351 854 479 913; x_wconf 86' lang='lat' dir='ltr'>quasi</span> <span class='ocrx_word' id='word_1_103' title='bbox 496 867 628 912; x_wconf 92' lang='lat' dir='ltr'>supra</span> <span class='ocrx_word' id='word_1_104' title='bbox 651 867 781 897; x_wconf 90' lang='lat' dir='ltr'>suam</span> <span class='ocrx_word' id='word_1_105' title='bbox 800 852 1099 911; x_wconf 85' lang='lat' dir='ltr'>capacitatem</span> <span class='ocrx_word' id='word_1_106' title='bbox 1121 852 1407 906; x_wconf 82' lang='lat' dir='ltr'>exsistentes3</span> <span class='ocrx_word' id='word_1_107' title='bbox 1425 852 1471 895; x_wconf 90' lang='lat' dir='ltr'>in</span> <span class='ocrx_word' id='word_1_108' title='bbox 1492 851 1581 895; x_wconf 87' lang='lat' dir='ltr'>fine</span> <span class='ocrx_word' id='word_1_109' title='bbox 1601 862 1766 904; x_wconf 88' lang='lat' dir='ltr'>autem,</span> <span class='ocrx_word' id='word_1_110' title='bbox 1784 850 1966 910; x_wconf 90' lang='lat' dir='ltr'>quando</span> <span class='ocrx_word' id='word_1_111' title='bbox 1982 852 2075 909; x_wconf 89' lang='lat' dir='ltr'>jam</span> 
     </span>
     <span class='ocr_line' id='line_1_11' title="bbox 120 916 2077 978; baseline -0.003 -13"><span class='ocrx_word' id='word_1_112' title='bbox 120 919 307 965; x_wconf 88' lang='lat' dir='ltr'>edoctus</span> <span class='ocrx_word' id='word_1_113' title='bbox 332 918 481 975; x_wconf 89' lang='lat' dir='ltr'>fuerit,</span> <span class='ocrx_word' id='word_1_114' title='bbox 504 934 580 964; x_wconf 88' lang='lat' dir='ltr'>eas</span> <span class='ocrx_word' id='word_1_115' title='bbox 607 920 771 978; x_wconf 90' lang='lat' dir='ltr'>poterit</span> <span class='ocrx_word' id='word_1_116' title='bbox 795 918 1061 977; x_wconf 87' lang='lat' dir='ltr'>intelligere.</span> <span class='ocrx_word' id='word_1_117' title='bbox 1098 919 1224 963; x_wconf 90' lang='lat' dir='ltr'>Sicut</span> <span class='ocrx_word' id='word_1_118' title='bbox 1242 929 1393 963; x_wconf 85' lang='lat' dir='ltr'>autem</span> <span class='ocrx_word' id='word_1_119' title='bbox 1421 932 1474 962; x_wconf 82' lang='lat' dir='ltr'>ex</span> <span class='ocrx_word' id='word_1_120' title='bbox 1500 918 1630 961; x_wconf 88' lang='lat' dir='ltr'>dictis</span> <span class='ocrx_word' id='word_1_121' title='bbox 1656 927 1792 976; x_wconf 89' lang='lat' dir='ltr'>patet,</span> <span class='ocrx_word' id='word_1_122' title='bbox 1820 916 1989 961; x_wconf 86' lang='lat' dir='ltr'>auxilio</span> <span class='ocrx_word' id='word_1_123' title='bbox 2015 916 2077 960; x_wconf 91' lang='lat' dir='ltr'>di·</span> 
     </span>
     <span class='ocr_line' id='line_1_12' title="bbox 58 982 2073 1046; baseline -0.002 -14"><span class='ocrx_word' id='word_1_124' title='bbox 58 997 63 1003; x_wconf 84' lang='grc'><strong>’</strong></span> <span class='ocrx_word' id='word_1_125' title='bbox 118 987 250 1032; x_wconf 87' lang='lat' dir='ltr'>vinae</span> <span class='ocrx_word' id='word_1_126' title='bbox 277 989 447 1046; x_wconf 84' lang='lat' dir='ltr'>gratiae</span> <span class='ocrx_word' id='word_1_127' title='bbox 475 987 711 1045; x_wconf 87' lang='lat' dir='ltr'>dirigimur</span> <span class='ocrx_word' id='word_1_128' title='bbox 735 987 781 1029; x_wconf 91' lang='lat' dir='ltr'>in</span> <span class='ocrx_word' id='word_1_129' title='bbox 804 985 1016 1029; x_wconf 90' lang='lat' dir='ltr'>ultimum</span> <span class='ocrx_word' id='word_1_130' title='bbox 1043 984 1205 1039; x_wconf 83' lang='lat' dir='ltr'>finem3</span> <span class='ocrx_word' id='word_1_131' title='bbox 1233 984 1418 1029; x_wconf 89' lang='lat' dir='ltr'>ultimus</span> <span class='ocrx_word' id='word_1_132' title='bbox 1446 994 1598 1028; x_wconf 82' lang='lat' dir='ltr'>autem</span> <span class='ocrx_word' id='word_1_133' title='bbox 1615 983 1716 1028; x_wconf 85' lang='lat' dir='ltr'>finis</span> <span class='ocrx_word' id='word_1_134' title='bbox 1741 994 1808 1028; x_wconf 92' lang='lat' dir='ltr'>est</span> <span class='ocrx_word' id='word_1_135' title='bbox 1833 982 2073 1027; x_wconf 87' lang='lat' dir='ltr'>manifesta</span> 
     </span>
     <span class='ocr_line' id='line_1_13' title="bbox 104 1049 2076 1112; baseline -0.003 -14"><span class='ocrx_word' id='word_1_136' title='bbox 104 1052 234 1099; x_wconf 56' lang='lat' dir='ltr'>&lt;visio</span> <span class='ocrx_word' id='word_1_137' title='bbox 261 1053 433 1112; x_wconf 87' lang='lat' dir='ltr'>primae</span> <span class='ocrx_word' id='word_1_138' title='bbox 458 1053 658 1097; x_wconf 84' lang='lat' dir='ltr'>veritatis</span> <span class='ocrx_word' id='word_1_139' title='bbox 679 1053 726 1096; x_wconf 90' lang='lat' dir='ltr'>in</span> <span class='ocrx_word' id='word_1_140' title='bbox 753 1052 914 1111; x_wconf 88' lang='lat' dir='ltr'>seipsa,</span> <span class='ocrx_word' id='word_1_141' title='bbox 942 1062 988 1096; x_wconf 86' lang='lat' dir='ltr'>ut</span> <span class='ocrx_word' id='word_1_142' title='bbox 1005 1066 1138 1111; x_wconf 90' lang='lat' dir='ltr'>supra</span> <span class='ocrx_word' id='word_1_143' title='bbox 1166 1052 1314 1108; x_wconf 88' lang='lat' dir='ltr'>(ibid.)</span> <span class='ocrx_word' id='word_1_144' title='bbox 1343 1061 1575 1096; x_wconf 91' lang='lat' dir='ltr'>ostensum</span> <span class='ocrx_word' id='word_1_145' title='bbox 1604 1061 1683 1095; x_wconf 85' lang='lat' dir='ltr'>est.</span> <span class='ocrx_word' id='word_1_146' title='bbox 1719 1050 1915 1109; x_wconf 84' lang='lat' dir='ltr'>Oportet</span> <span class='ocrx_word' id='word_1_147' title='bbox 1939 1049 2076 1109; x_wconf 89' lang='lat' dir='ltr'>igitur</span> 
     </span>
     <span class='ocr_line' id='line_1_14' title="bbox 99 1115 2074 1180; baseline -0.002 -16"><span class='ocrx_word' id='word_1_148' title='bbox 99 1115 256 1180; x_wconf 61' lang='lat' dir='ltr'>quod,</span> <span class='ocrx_word' id='word_1_149' title='bbox 279 1129 523 1178; x_wconf 89' lang='lat' dir='ltr'>antequam</span> <span class='ocrx_word' id='word_1_150' title='bbox 557 1119 611 1163; x_wconf 91' lang='lat' dir='ltr'>ad</span> <span class='ocrx_word' id='word_1_151' title='bbox 638 1119 775 1163; x_wconf 91' lang='lat' dir='ltr'>istum</span> <span class='ocrx_word' id='word_1_152' title='bbox 802 1118 940 1162; x_wconf 89' lang='lat' dir='ltr'>finem</span> <span class='ocrx_word' id='word_1_153' title='bbox 966 1118 1186 1171; x_wconf 81' lang='lat' dir='ltr'>veniatur,</span> <span class='ocrx_word' id='word_1_154' title='bbox 1214 1117 1467 1162; x_wconf 89' lang='lat' dir='ltr'>intellectus</span> <span class='ocrx_word' id='word_1_155' title='bbox 1494 1117 1696 1161; x_wconf 90' lang='lat' dir='ltr'>hominis</span> <span class='ocrx_word' id='word_1_156' title='bbox 1721 1117 1825 1161; x_wconf 92' lang='lat' dir='ltr'>Deo</span> <span class='ocrx_word' id='word_1_157' title='bbox 1858 1116 2074 1161; x_wconf 87' lang='lat' dir='ltr'>subdatur</span> 
     </span>
     <span class='ocr_line' id='line_1_15' title="bbox 103 1184 1445 1248; baseline -0.001 -16"><span class='ocrx_word' id='word_1_158' title='bbox 103 1189 201 1248; x_wconf 73' lang='lat' dir='ltr'>²per</span> <span class='ocrx_word' id='word_1_159' title='bbox 232 1186 422 1231; x_wconf 86' lang='lat' dir='ltr'>modum</span> <span class='ocrx_word' id='word_1_160' title='bbox 450 1185 740 1240; x_wconf 82' lang='lat' dir='ltr'>credulitatis,</span> <span class='ocrx_word' id='word_1_161' title='bbox 767 1186 918 1230; x_wconf 91' lang='lat' dir='ltr'>divina</span> <span class='ocrx_word' id='word_1_162' title='bbox 945 1185 1089 1244; x_wconf 90' lang='lat' dir='ltr'>gratia</span> <span class='ocrx_word' id='word_1_163' title='bbox 1115 1185 1205 1229; x_wconf 91' lang='lat' dir='ltr'>hoc</span> <span class='ocrx_word' id='word_1_164' title='bbox 1235 1184 1445 1230; x_wconf 87' lang='lat' dir='ltr'>faciente.</span> 
     </span>
    </p>

    <p class='ocr_par' dir='ltr' id='par_1_3' title="bbox 101 1250 2079 1376">
     <span class='ocr_line' id='line_1_16' title="bbox 206 1250 2075 1312; baseline -0.003 -14"><span class='ocrx_word' id='word_1_165' title='bbox 206 1252 472 1298; x_wconf 85' lang='lat' dir='ltr'>Praeterea:</span> <span class='ocrx_word' id='word_1_166' title='bbox 495 1253 540 1297; x_wconf 92' lang='lat' dir='ltr'>in</span> <span class='ocrx_word' id='word_1_167' title='bbox 568 1252 790 1312; x_wconf 89' lang='lat' dir='ltr'>principio</span> <span class='ocrx_word' id='word_1_168' title='bbox 824 1252 957 1310; x_wconf 85' lang='lat' dir='ltr'>hujus</span> <span class='ocrx_word' id='word_1_169' title='bbox 988 1252 1141 1310; x_wconf 89' lang='lat' dir='ltr'>operis</span> <span class='ocrx_word' id='word_1_170' title='bbox 1174 1252 1348 1310; x_wconf 89' lang='lat' dir='ltr'>positae</span> <span class='ocrx_word' id='word_1_171' title='bbox 1380 1262 1484 1295; x_wconf 79' lang='lat' dir='ltr'>sunt</span> <span class='ocrx_word' id='word_1_172' title='bbox 1510 1250 1723 1295; x_wconf 89' lang='lat' dir='ltr'>utilitates</span> <span class='ocrx_word' id='word_1_173' title='bbox 1755 1260 1937 1310; x_wconf 89' lang='lat' dir='ltr'>propter</span> <span class='ocrx_word' id='word_1_174' title='bbox 1962 1263 2075 1308; x_wconf 91' lang='lat' dir='ltr'>quas</span> 
     </span>
     <span class='ocr_line' id='line_1_17' title="bbox 101 1316 2079 1376; baseline -0.003 -12"><span class='ocrx_word' id='word_1_175' title='bbox 101 1320 428 1366; x_wconf 42' lang='lat' dir='ltr'>*necessarium</span> <span class='ocrx_word' id='word_1_176' title='bbox 453 1319 537 1363; x_wconf 87' lang='lat' dir='ltr'>fuit</span> <span class='ocrx_word' id='word_1_177' title='bbox 562 1319 763 1363; x_wconf 90' lang='lat' dir='ltr'>divinam</span> <span class='ocrx_word' id='word_1_178' title='bbox 788 1318 1027 1363; x_wconf 85' lang='lat' dir='ltr'>veritatem</span> <span class='ocrx_word' id='word_1_179' title='bbox 1053 1318 1315 1362; x_wconf 90' lang='lat' dir='ltr'>hominibus</span> <span class='ocrx_word' id='word_1_180' title='bbox 1341 1332 1421 1376; x_wconf 91' lang='lat' dir='ltr'>per</span> <span class='ocrx_word' id='word_1_181' title='bbox 1448 1318 1639 1361; x_wconf 90' lang='lat' dir='ltr'>modum</span> <span class='ocrx_word' id='word_1_182' title='bbox 1666 1316 1944 1360; x_wconf 88' lang='lat' dir='ltr'>credulitatis</span> <span class='ocrx_word' id='word_1_183' title='bbox 1970 1327 2079 1375; x_wconf 90' lang='lat' dir='ltr'>pro-</span> 
     </span>
    </p>

    <p class='ocr_par' dir='ltr' id='par_1_4' title="bbox 99 1382 2080 1512">
     <span class='ocr_line' id='line_1_18' title="bbox 115 1382 2080 1464; baseline -0.003 -32.982"><span class='ocrx_word' id='word_1_184' title='bbox 115 1386 246 1464; x_wconf 71' lang='lat' dir='ltr'>poni.</span> <span class='ocrx_word' id='word_1_185' title='bbox 273 1384 339 1431; x_wconf 87' lang='lat' dir='ltr'>Ex</span> <span class='ocrx_word' id='word_1_186' title='bbox 366 1386 526 1446; x_wconf 91' lang='lat' dir='ltr'>quibus</span> <span class='ocrx_word' id='word_1_187' title='bbox 554 1387 691 1431; x_wconf 89' lang='lat' dir='ltr'>etiam</span> <span class='ocrx_word' id='word_1_188' title='bbox 719 1385 933 1430; x_wconf 89' lang='lat' dir='ltr'>concludi</span> <span class='ocrx_word' id='word_1_189' title='bbox 959 1395 1108 1444; x_wconf 89' lang='lat' dir='ltr'>potest</span> <span class='ocrx_word' id='word_1_190' title='bbox 1133 1385 1255 1444; x_wconf 92' lang='lat' dir='ltr'>quod</span> <span class='ocrx_word' id='word_1_191' title='bbox 1277 1385 1586 1429; x_wconf 89' lang='lat' dir='ltr'>necessarium</span> <span class='ocrx_word' id='word_1_192' title='bbox 1613 1383 1698 1428; x_wconf 89' lang='lat' dir='ltr'>fuit</span> <span class='ocrx_word' id='word_1_193' title='bbox 1722 1383 1860 1428; x_wconf 89' lang='lat' dir='ltr'>fidem</span> <span class='ocrx_word' id='word_1_194' title='bbox 1886 1397 1986 1428; x_wconf 87' lang='lat' dir='ltr'>esse</span> <span class='ocrx_word' id='word_1_195' title='bbox 2018 1382 2080 1426; x_wconf 87' lang='lat' dir='ltr'>di·</span> 
     </span>
     <span class='ocr_line' id='line_1_19' title="bbox 99 1452 943 1512; baseline -0.002 -14"><span class='ocrx_word' id='word_1_196' title='bbox 99 1454 251 1498; x_wconf 86' lang='lat' dir='ltr'>·vinae</span> <span class='ocrx_word' id='word_1_197' title='bbox 283 1453 455 1512; x_wconf 89' lang='lat' dir='ltr'>gratiae</span> <span class='ocrx_word' id='word_1_198' title='bbox 479 1452 690 1498; x_wconf 83' lang='lat' dir='ltr'>effectum</span> <span class='ocrx_word' id='word_1_199' title='bbox 725 1453 771 1496; x_wconf 90' lang='lat' dir='ltr'>in</span> <span class='ocrx_word' id='word_1_200' title='bbox 798 1453 943 1497; x_wconf 90' lang='lat' dir='ltr'>nobis.</span> 
     </span>
    </p>

    <p class='ocr_par' dir='ltr' id='par_1_5' title="bbox 213 1516 2076 1579">
     <span class='ocr_line' id='line_1_20' title="bbox 213 1516 2076 1579; baseline -0.002 -15"><span class='ocrx_word' id='word_1_201' title='bbox 213 1519 336 1564; x_wconf 90' lang='lat' dir='ltr'>Hinc</span> <span class='ocrx_word' id='word_1_202' title='bbox 352 1530 419 1566; x_wconf 89' lang='lat' dir='ltr'>est</span> <span class='ocrx_word' id='word_1_203' title='bbox 436 1520 558 1579; x_wconf 93' lang='lat' dir='ltr'>quod</span> <span class='ocrx_word' id='word_1_204' title='bbox 575 1519 827 1579; x_wconf 90' lang='lat' dir='ltr'>Apostolus</span> <span class='ocrx_word' id='word_1_205' title='bbox 845 1519 952 1562; x_wconf 91' lang='lat' dir='ltr'>dicit</span> <span class='ocrx_word' id='word_1_206' title='bbox 980 1518 1167 1577; x_wconf 86' lang='lat' dir='ltr'>(Ephes.</span> <span class='ocrx_word' id='word_1_207' title='bbox 1190 1518 1245 1562; x_wconf 92' lang='grc' dir='ltr'>Π.</span> <span class='ocrx_word' id='word_1_208' title='bbox 1274 1517 1360 1575; x_wconf 88' lang='grc'><strong>8.).</strong></span> <span class='ocrx_word' id='word_1_209' title='bbox 1392 1518 1548 1563; x_wconf 83' lang='lat' dir='ltr'>Gratia</span> <span class='ocrx_word' id='word_1_210' title='bbox 1569 1517 1722 1562; x_wconf 82' lang='lat' dir='ltr'>salvati</span> <span class='ocrx_word' id='word_1_211' title='bbox 1743 1518 1832 1561; x_wconf 79' lang='lat' dir='ltr'>estis</span> <span class='ocrx_word' id='word_1_212' title='bbox 1843 1516 2076 1576; x_wconf 76' lang='lat' dir='ltr'>perfidem,</span> 
     </span>
    </p>

    <p class='ocr_par' dir='ltr' id='par_1_6' title="bbox 123 1585 1125 1643">
     <span class='ocr_line' id='line_1_21' title="bbox 123 1585 1125 1643; baseline -0.003 -11"><span class='ocrx_word' id='word_1_213' title='bbox 123 1594 163 1633; x_wconf 83' lang='lat' dir='ltr'>et</span> <span class='ocrx_word' id='word_1_214' title='bbox 186 1587 261 1633; x_wconf 84' lang='lat' dir='ltr'>hoc</span> <span class='ocrx_word' id='word_1_215' title='bbox 286 1602 387 1632; x_wconf 86' lang='lat' dir='ltr'>non</span> <span class='ocrx_word' id='word_1_216' title='bbox 394 1602 444 1632; x_wconf 85' lang='lat' dir='ltr'>ex</span> <span class='ocrx_word' id='word_1_217' title='bbox 467 1588 609 1643; x_wconf 87' lang='lat' dir='ltr'>vobis,·</span> <span class='ocrx_word' id='word_1_218' title='bbox 633 1587 718 1631; x_wconf 80' lang='lat' dir='ltr'>Dei</span> <span class='ocrx_word' id='word_1_219' title='bbox 742 1587 851 1631; x_wconf 82' lang='lat' dir='ltr'>enim</span> <span class='ocrx_word' id='word_1_220' title='bbox 877 1585 1030 1630; x_wconf 87' lang='lat' dir='ltr'>donum</span> <span class='ocrx_word' id='word_1_221' title='bbox 1056 1591 1125 1632; x_wconf 81' lang='lat' dir='ltr'>est.</span> 
     </span>
    </p>

    <p class='ocr_par' dir='ltr' id='par_1_7' title="bbox 118 1650 2076 1774">
     <span class='ocr_line' id='line_1_22' title="bbox 210 1650 2076 1711; baseline -0.002 -12"><span class='ocrx_word' id='word_1_222' title='bbox 210 1653 299 1699; x_wconf 88' lang='lat' dir='ltr'>Per</span> <span class='ocrx_word' id='word_1_223' title='bbox 318 1654 409 1700; x_wconf 88' lang='lat' dir='ltr'>hoc</span> <span class='ocrx_word' id='word_1_224' title='bbox 429 1663 583 1699; x_wconf 88' lang='lat' dir='ltr'>autem</span> <span class='ocrx_word' id='word_1_225' title='bbox 610 1653 862 1698; x_wconf 86' lang='lat' dir='ltr'>excluditur</span> <span class='ocrx_word' id='word_1_226' title='bbox 888 1667 1011 1697; x_wconf 91' lang='lat' dir='ltr'>error</span> <span class='ocrx_word' id='word_1_227' title='bbox 1037 1651 1407 1711; x_wconf 89' lang='lat' dir='ltr'>Pelagianorum‚</span> <span class='ocrx_word' id='word_1_228' title='bbox 1425 1653 1498 1711; x_wconf 90' lang='lat' dir='ltr'>qui</span> <span class='ocrx_word' id='word_1_229' title='bbox 1518 1652 1729 1696; x_wconf 89' lang='lat' dir='ltr'>dicebant</span> <span class='ocrx_word' id='word_1_230' title='bbox 1753 1650 1876 1710; x_wconf 90' lang='lat' dir='ltr'>quod</span> <span class='ocrx_word' id='word_1_231' title='bbox 1896 1651 2076 1696; x_wconf 87' lang='lat' dir='ltr'>initium</span> 
     </span>
     <span class='ocr_line' id='line_1_23' title="bbox 118 1718 1211 1774; baseline -0.004 -8"><span class='ocrx_word' id='word_1_232' title='bbox 118 1720 225 1766; x_wconf 87' lang='lat' dir='ltr'>fidei</span> <span class='ocrx_word' id='word_1_233' title='bbox 244 1721 292 1765; x_wconf 90' lang='lat' dir='ltr'>in</span> <span class='ocrx_word' id='word_1_234' title='bbox 317 1721 449 1766; x_wconf 91' lang='lat' dir='ltr'>nobis</span> <span class='ocrx_word' id='word_1_235' title='bbox 474 1734 568 1766; x_wconf 90' lang='lat' dir='ltr'>non</span> <span class='ocrx_word' id='word_1_236' title='bbox 595 1730 691 1765; x_wconf 89' lang='lat' dir='ltr'>erat</span> <span class='ocrx_word' id='word_1_237' title='bbox 714 1735 739 1764; x_wconf 90' lang='lat' dir='ltr'>a</span> <span class='ocrx_word' id='word_1_238' title='bbox 764 1720 881 1774; x_wconf 91' lang='lat' dir='ltr'>Deo,</span> <span class='ocrx_word' id='word_1_239' title='bbox 908 1719 987 1764; x_wconf 90' lang='lat' dir='ltr'>sed</span> <span class='ocrx_word' id='word_1_240' title='bbox 1015 1733 1040 1763; x_wconf 90' lang='lat' dir='ltr'>a</span> <span class='ocrx_word' id='word_1_241' title='bbox 1064 1718 1211 1764; x_wconf 90' lang='lat' dir='ltr'>nobis.</span> 
     </span>
    </p>
   </div>
   <div class='ocr_carea' id='block_1_3' title="bbox 851 1916 1345 1989">
    <p class='ocr_par' dir='ltr' id='par_1_8' title="bbox 851 1916 1345 1989">
     <span class='ocr_line' id='line_1_24' title="bbox 851 1916 1345 1989; baseline -0.006 -14"><span class='ocrx_word' id='word_1_242' title='bbox 851 1916 1107 1989; x_wconf 73' lang='lat' dir='ltr'><strong>CAPUT</strong></span> <span class='ocrx_word' id='word_1_243' title='bbox 1150 1916 1345 1973; x_wconf 87' lang='lat' dir='ltr'><strong>CLIV.</strong></span> 
     </span>
    </p>
   </div>
   <div class='ocr_carea' id='block_1_4' title="bbox 119 2059 2072 2108">
    <p class='ocr_par' dir='ltr' id='par_1_9' title="bbox 119 2059 2072 2108">
     <span class='ocr_line' id='line_1_25' title="bbox 119 2059 2072 2108; baseline -0.001 -8"><span class='ocrx_word' id='word_1_244' title='bbox 119 2061 279 2108; x_wconf 86' lang='lat' dir='ltr'>QUOD</span> <span class='ocrx_word' id='word_1_245' title='bbox 302 2060 496 2101; x_wconf 83' lang='lat' dir='ltr'><strong>DIVINA</strong></span> <span class='ocrx_word' id='word_1_246' title='bbox 516 2060 718 2100; x_wconf 87' lang='lat' dir='ltr'><strong>GRATIA</strong></span> <span class='ocrx_word' id='word_1_247' title='bbox 740 2061 954 2100; x_wconf 86' lang='lat' dir='ltr'>CAUSAT</span> <span class='ocrx_word' id='word_1_248' title='bbox 977 2061 1033 2101; x_wconf 90' lang='lat' dir='ltr'>IN</span> <span class='ocrx_word' id='word_1_249' title='bbox 1053 2061 1209 2100; x_wconf 91' lang='lat' dir='ltr'><strong>NOBIS</strong></span> <span class='ocrx_word' id='word_1_250' title='bbox 1231 2061 1367 2099; x_wconf 90' lang='lat' dir='ltr'><strong>SPEM</strong></span> <span class='ocrx_word' id='word_1_251' title='bbox 1387 2059 1641 2099; x_wconf 78' lang='lat' dir='ltr'>FUTURAE</span> <span class='ocrx_word' id='word_1_252' title='bbox 1663 2059 2072 2100; x_wconf 82' lang='lat' dir='ltr'><strong>BEATITUDINIS.</strong></span> 
     </span>
    </p>
   </div>
   <div class='ocr_carea' id='block_1_5' title="bbox 137 2168 2068 2244">
    <p class='ocr_par' dir='ltr' id='par_1_10' title="bbox 137 2168 2068 2244">
     <span class='ocr_line' id='line_1_26' title="bbox 137 2168 2068 2244; baseline -0.001 -15"><span class='ocrx_word' id='word_1_253' title='bbox 137 2168 155 2188; x_wconf 58' lang='lat'>⁹</span> <span class='ocrx_word' id='word_1_254' title='bbox 202 2184 269 2229; x_wconf 88' lang='lat' dir='ltr'>Ex</span> <span class='ocrx_word' id='word_1_255' title='bbox 295 2184 467 2230; x_wconf 90' lang='lat' dir='ltr'>eisdem</span> <span class='ocrx_word' id='word_1_256' title='bbox 494 2185 632 2229; x_wconf 90' lang='lat' dir='ltr'>etiam</span> <span class='ocrx_word' id='word_1_257' title='bbox 654 2184 833 2229; x_wconf 91' lang='lat' dir='ltr'>ostendi</span> <span class='ocrx_word' id='word_1_258' title='bbox 858 2194 1008 2243; x_wconf 90' lang='lat' dir='ltr'>potest</span> <span class='ocrx_word' id='word_1_259' title='bbox 1032 2184 1155 2243; x_wconf 89' lang='lat' dir='ltr'>quod</span> <span class='ocrx_word' id='word_1_260' title='bbox 1182 2193 1361 2244; x_wconf 87' lang='lat' dir='ltr'>oportet</span> <span class='ocrx_word' id='word_1_261' title='bbox 1387 2183 1435 2228; x_wconf 90' lang='lat' dir='ltr'>in</span> <span class='ocrx_word' id='word_1_262' title='bbox 1460 2185 1592 2229; x_wconf 91' lang='lat' dir='ltr'>nobis</span> <span class='ocrx_word' id='word_1_263' title='bbox 1619 2198 1700 2243; x_wconf 92' lang='lat' dir='ltr'>per</span> <span class='ocrx_word' id='word_1_264' title='bbox 1725 2183 1921 2242; x_wconf 89' lang='lat' dir='ltr'>gratiam</span> <span class='ocrx_word' id='word_1_265' title='bbox 1939 2198 2068 2243; x_wconf 90' lang='lat' dir='ltr'>spem</span> 
     </span>
    </p>
   </div>
   <div class='ocr_carea' id='block_1_6' title="bbox 115 2251 2081 3643">
    <p class='ocr_par' dir='ltr' id='par_1_11' title="bbox 115 2251 824 2297">
     <span class='ocr_line' id='line_1_27' title="bbox 115 2251 824 2297; baseline -0.001 -1"><span class='ocrx_word' id='word_1_266' title='bbox 115 2251 293 2297; x_wconf 89' lang='lat' dir='ltr'>futurae</span> <span class='ocrx_word' id='word_1_267' title='bbox 319 2252 607 2296; x_wconf 88' lang='lat' dir='ltr'>beatitudinis</span> <span class='ocrx_word' id='word_1_268' title='bbox 635 2252 824 2296; x_wconf 90' lang='lat' dir='ltr'>causari.</span> 
     </span>
    </p>

    <p class='ocr_par' dir='ltr' id='par_1_12' title="bbox 115 2317 2081 3643">
     <span class='ocr_line' id='line_1_28' title="bbox 206 2317 2077 2378; baseline -0.001 -15"><span class='ocrx_word' id='word_1_269' title='bbox 206 2318 407 2364; x_wconf 89' lang='lat' dir='ltr'>Dilectio</span> <span class='ocrx_word' id='word_1_270' title='bbox 435 2319 558 2363; x_wconf 91' lang='lat' dir='ltr'>enim</span> <span class='ocrx_word' id='word_1_271' title='bbox 576 2333 692 2378; x_wconf 87' lang='lat' dir='ltr'>quae</span> <span class='ocrx_word' id='word_1_272' title='bbox 719 2329 787 2363; x_wconf 92' lang='lat' dir='ltr'>est</span> <span class='ocrx_word' id='word_1_273' title='bbox 803 2318 859 2363; x_wconf 90' lang='lat' dir='ltr'>ad</span> <span class='ocrx_word' id='word_1_274' title='bbox 882 2318 996 2362; x_wconf 91' lang='lat' dir='ltr'>alios</span> <span class='ocrx_word' id='word_1_275' title='bbox 1018 2318 1228 2378; x_wconf 90' lang='lat' dir='ltr'>provenit</span> <span class='ocrx_word' id='word_1_276' title='bbox 1251 2318 1298 2362; x_wconf 91' lang='lat' dir='ltr'>in</span> <span class='ocrx_word' id='word_1_277' title='bbox 1323 2318 1513 2363; x_wconf 89' lang='lat' dir='ltr'>homine</span> <span class='ocrx_word' id='word_1_278' title='bbox 1536 2332 1591 2363; x_wconf 86' lang='lat' dir='ltr'>ex</span> <span class='ocrx_word' id='word_1_279' title='bbox 1614 2317 1857 2363; x_wconf 88' lang='lat' dir='ltr'>dilectione</span> <span class='ocrx_word' id='word_1_280' title='bbox 1874 2317 2077 2362; x_wconf 89' lang='lat' dir='ltr'>hominis</span> 
     </span>
     <span class='ocr_line' id='line_1_29' title="bbox 116 2385 2078 2445; baseline -0.001 -15"><span class='ocrx_word' id='word_1_281' title='bbox 116 2385 172 2430; x_wconf 86' lang='lat' dir='ltr'>ad</span> <span class='ocrx_word' id='word_1_282' title='bbox 198 2385 414 2445; x_wconf 89' lang='lat' dir='ltr'>seipsum,</span> <span class='ocrx_word' id='word_1_283' title='bbox 438 2385 485 2429; x_wconf 91' lang='lat' dir='ltr'>in</span> <span class='ocrx_word' id='word_1_284' title='bbox 503 2396 723 2445; x_wconf 90' lang='lat' dir='ltr'>quantum</span> <span class='ocrx_word' id='word_1_285' title='bbox 741 2385 796 2430; x_wconf 92' lang='lat' dir='ltr'>ad</span> <span class='ocrx_word' id='word_1_286' title='bbox 820 2385 1023 2429; x_wconf 87' lang='lat' dir='ltr'>amicum</span> <span class='ocrx_word' id='word_1_287' title='bbox 1042 2385 1204 2444; x_wconf 86' lang='lat' dir='ltr'>aliquis</span> <span class='ocrx_word' id='word_1_288' title='bbox 1225 2400 1273 2430; x_wconf 89' lang='lat' dir='ltr'>se</span> <span class='ocrx_word' id='word_1_289' title='bbox 1291 2385 1428 2430; x_wconf 89' lang='lat' dir='ltr'>habet</span> <span class='ocrx_word' id='word_1_290' title='bbox 1453 2386 1569 2430; x_wconf 89' lang='lat' dir='ltr'>sicut</span> <span class='ocrx_word' id='word_1_291' title='bbox 1591 2386 1647 2429; x_wconf 90' lang='lat' dir='ltr'>ad</span> <span class='ocrx_word' id='word_1_292' title='bbox 1664 2399 1726 2431; x_wconf 88' lang='lat' dir='ltr'>se.</span> <span class='ocrx_word' id='word_1_293' title='bbox 1745 2385 1907 2444; x_wconf 89' lang='lat' dir='ltr'>Diligit</span> <span class='ocrx_word' id='word_1_294' title='bbox 1925 2394 2078 2429; x_wconf 89' lang='lat' dir='ltr'>autem</span> 
     </span>
     <span class='ocr_line' id='line_1_30' title="bbox 118 2451 2078 2512; baseline -0.001 -16"><span class='ocrx_word' id='word_1_295' title='bbox 118 2451 280 2511; x_wconf 89' lang='lat' dir='ltr'>aliquis</span> <span class='ocrx_word' id='word_1_296' title='bbox 312 2454 512 2512; x_wconf 89' lang='lat' dir='ltr'>seipsum</span> <span class='ocrx_word' id='word_1_297' title='bbox 539 2452 584 2496; x_wconf 91' lang='lat' dir='ltr'>in</span> <span class='ocrx_word' id='word_1_298' title='bbox 612 2461 831 2511; x_wconf 90' lang='lat' dir='ltr'>quantum</span> <span class='ocrx_word' id='word_1_299' title='bbox 857 2451 953 2496; x_wconf 86' lang='lat' dir='ltr'>vult</span> <span class='ocrx_word' id='word_1_300' title='bbox 979 2452 1063 2496; x_wconf 91' lang='lat' dir='ltr'>sibi</span> <span class='ocrx_word' id='word_1_301' title='bbox 1092 2452 1282 2506; x_wconf 89' lang='lat' dir='ltr'>bonum,</span> <span class='ocrx_word' id='word_1_302' title='bbox 1308 2452 1425 2496; x_wconf 92' lang='lat' dir='ltr'>sicut</span> <span class='ocrx_word' id='word_1_303' title='bbox 1447 2451 1587 2496; x_wconf 89' lang='lat' dir='ltr'>alium</span> <span class='ocrx_word' id='word_1_304' title='bbox 1614 2451 1759 2510; x_wconf 86' lang='lat' dir='ltr'>diligit</span> <span class='ocrx_word' id='word_1_305' title='bbox 1785 2453 1831 2495; x_wconf 89' lang='lat' dir='ltr'>in</span> <span class='ocrx_word' id='word_1_306' title='bbox 1858 2460 2078 2511; x_wconf 89' lang='lat' dir='ltr'>quantum</span> 
     </span>
     <span class='ocr_line' id='line_1_31' title="bbox 117 2518 2078 2578; baseline -0.001 -15"><span class='ocrx_word' id='word_1_307' title='bbox 117 2518 215 2563; x_wconf 87' lang='lat' dir='ltr'>vult</span> <span class='ocrx_word' id='word_1_308' title='bbox 239 2521 282 2563; x_wconf 91' lang='lat' dir='ltr'>ei</span> <span class='ocrx_word' id='word_1_309' title='bbox 306 2519 493 2563; x_wconf 90' lang='lat' dir='ltr'>bonum.</span> <span class='ocrx_word' id='word_1_310' title='bbox 515 2518 711 2577; x_wconf 91' lang='lat' dir='ltr'>Oportet</span> <span class='ocrx_word' id='word_1_311' title='bbox 733 2532 842 2578; x_wconf 89' lang='lat' dir='ltr'>ergo</span> <span class='ocrx_word' id='word_1_312' title='bbox 860 2519 982 2578; x_wconf 93' lang='lat' dir='ltr'>quod</span> <span class='ocrx_word' id='word_1_313' title='bbox 998 2519 1158 2572; x_wconf 90' lang='lat' dir='ltr'>homo,</span> <span class='ocrx_word' id='word_1_314' title='bbox 1175 2533 1254 2578; x_wconf 91' lang='lat' dir='ltr'>per</span> <span class='ocrx_word' id='word_1_315' title='bbox 1271 2519 1362 2563; x_wconf 92' lang='lat' dir='ltr'>hoc</span> <span class='ocrx_word' id='word_1_316' title='bbox 1381 2518 1503 2578; x_wconf 93' lang='lat' dir='ltr'>quod</span> <span class='ocrx_word' id='word_1_317' title='bbox 1523 2519 1642 2562; x_wconf 87' lang='lat' dir='ltr'>circa</span> <span class='ocrx_word' id='word_1_318' title='bbox 1653 2518 1887 2577; x_wconf 91' lang='lat' dir='ltr'>proprium</span> <span class='ocrx_word' id='word_1_319' title='bbox 1903 2518 2078 2562; x_wconf 90' lang='lat' dir='ltr'>bonum</span> 
     </span>
     <span class='ocr_line' id='line_1_32' title="bbox 117 2583 2077 2645; baseline -0.001 -16"><span class='ocrx_word' id='word_1_320' title='bbox 117 2583 324 2638; x_wconf 89' lang='lat' dir='ltr'>afficitur,</span> <span class='ocrx_word' id='word_1_321' title='bbox 339 2586 609 2644; x_wconf 79' lang='lat' dir='ltr'>perducatur</span> <span class='ocrx_word' id='word_1_322' title='bbox 627 2586 682 2629; x_wconf 89' lang='lat' dir='ltr'>ad</span> <span class='ocrx_word' id='word_1_323' title='bbox 700 2585 791 2629; x_wconf 93' lang='lat' dir='ltr'>hoc</span> <span class='ocrx_word' id='word_1_324' title='bbox 809 2585 930 2645; x_wconf 93' lang='lat' dir='ltr'>quod</span> <span class='ocrx_word' id='word_1_325' title='bbox 950 2584 1169 2629; x_wconf 87' lang='lat' dir='ltr'>afficiatur</span> <span class='ocrx_word' id='word_1_326' title='bbox 1186 2586 1307 2629; x_wconf 90' lang='lat' dir='ltr'>circa</span> <span class='ocrx_word' id='word_1_327' title='bbox 1324 2585 1496 2629; x_wconf 90' lang='lat' dir='ltr'>bonum</span> <span class='ocrx_word' id='word_1_328' title='bbox 1517 2584 1712 2630; x_wconf 90' lang='lat' dir='ltr'>alterius.</span> <span class='ocrx_word' id='word_1_329' title='bbox 1731 2585 1817 2629; x_wconf 90' lang='lat' dir='ltr'>Per</span> <span class='ocrx_word' id='word_1_330' title='bbox 1833 2585 1924 2629; x_wconf 94' lang='lat' dir='ltr'>hoc</span> <span class='ocrx_word' id='word_1_331' title='bbox 1941 2585 2077 2643; x_wconf 88' lang='lat' dir='ltr'>igitur</span> 
     </span>
     <span class='ocr_line' id='line_1_33' title="bbox 119 2649 2072 2711; baseline -0.001 -16"><span class='ocrx_word' id='word_1_332' title='bbox 119 2651 241 2711; x_wconf 89' lang='lat' dir='ltr'>quod</span> <span class='ocrx_word' id='word_1_333' title='bbox 264 2649 425 2710; x_wconf 86' lang='lat' dir='ltr'>aliquis</span> <span class='ocrx_word' id='word_1_334' title='bbox 442 2651 495 2694; x_wconf 92' lang='lat' dir='ltr'>ab</span> <span class='ocrx_word' id='word_1_335' title='bbox 516 2650 606 2695; x_wconf 88' lang='lat' dir='ltr'>alio</span> <span class='ocrx_word' id='word_1_336' title='bbox 624 2662 774 2711; x_wconf 87' lang='lat' dir='ltr'>sperat</span> <span class='ocrx_word' id='word_1_337' title='bbox 788 2652 977 2705; x_wconf 91' lang='lat' dir='ltr'>bonum,</span> <span class='ocrx_word' id='word_1_338' title='bbox 1003 2651 1053 2695; x_wconf 90' lang='lat' dir='ltr'>fit</span> <span class='ocrx_word' id='word_1_339' title='bbox 1068 2651 1247 2695; x_wconf 90' lang='lat' dir='ltr'>homini</span> <span class='ocrx_word' id='word_1_340' title='bbox 1271 2652 1345 2695; x_wconf 85' lang='lat' dir='ltr'>via</span> <span class='ocrx_word' id='word_1_341' title='bbox 1363 2650 1558 2696; x_wconf 89' lang='lat' dir='ltr'>utillum</span> <span class='ocrx_word' id='word_1_342' title='bbox 1577 2650 1736 2710; x_wconf 89' lang='lat' dir='ltr'>diligat</span> <span class='ocrx_word' id='word_1_343' title='bbox 1748 2667 1773 2696; x_wconf 89' lang='lat' dir='ltr'>a</span> <span class='ocrx_word' id='word_1_344' title='bbox 1791 2665 1882 2710; x_wconf 93' lang='lat' dir='ltr'>quo</span> <span class='ocrx_word' id='word_1_345' title='bbox 1899 2651 2072 2695; x_wconf 91' lang='lat' dir='ltr'>bonurn</span> 
     </span>
     <span class='ocr_line' id='line_1_34' title="bbox 120 2717 2076 2778; baseline -0.001 -15"><span class='ocrx_word' id='word_1_346' title='bbox 120 2727 270 2778; x_wconf 88' lang='lat' dir='ltr'>sperat</span> <span class='ocrx_word' id='word_1_347' title='bbox 291 2717 540 2762; x_wconf 82' lang='lat' dir='ltr'>secundum</span> <span class='ocrx_word' id='word_1_348' title='bbox 557 2718 772 2777; x_wconf 90' lang='lat' dir='ltr'>seipsum,</span> <span class='ocrx_word' id='word_1_349' title='bbox 799 2718 981 2777; x_wconf 88' lang='lat' dir='ltr'>quando</span> <span class='ocrx_word' id='word_1_350' title='bbox 1004 2717 1197 2776; x_wconf 89' lang='lat' dir='ltr'>diligens</span> <span class='ocrx_word' id='word_1_351' title='bbox 1222 2717 1396 2761; x_wconf 89' lang='lat' dir='ltr'>bonum</span> <span class='ocrx_word' id='word_1_352' title='bbox 1424 2719 1518 2776; x_wconf 86' lang='lat' dir='ltr'>ejus</span> <span class='ocrx_word' id='word_1_353' title='bbox 1545 2717 1656 2771; x_wconf 89' lang='lat' dir='ltr'>vult,</span> <span class='ocrx_word' id='word_1_354' title='bbox 1680 2717 1817 2762; x_wconf 90' lang='lat' dir='ltr'>etiam</span> <span class='ocrx_word' id='word_1_355' title='bbox 1840 2717 1879 2762; x_wconf 88' lang='lat' dir='ltr'>si</span> <span class='ocrx_word' id='word_1_356' title='bbox 1899 2717 2014 2761; x_wconf 89' lang='lat' dir='ltr'>nihil</span> <span class='ocrx_word' id='word_1_357' title='bbox 2032 2717 2076 2762; x_wconf 87' lang='lat' dir='ltr'>ei</span> 
     </span>
     <span class='ocr_line' id='line_1_35' title="bbox 116 2782 2076 2843; baseline -0.001 -15"><span class='ocrx_word' id='word_1_358' title='bbox 116 2782 221 2828; x_wconf 87' lang='lat' dir='ltr'>inde</span> <span class='ocrx_word' id='word_1_359' title='bbox 240 2784 491 2843; x_wconf 83' lang='lat' dir='ltr'>proveniat.</span> <span class='ocrx_word' id='word_1_360' title='bbox 510 2782 669 2835; x_wconf 90' lang='lat' dir='ltr'>Quum</span> <span class='ocrx_word' id='word_1_361' title='bbox 685 2784 821 2842; x_wconf 88' lang='lat' dir='ltr'>igitur</span> <span class='ocrx_word' id='word_1_362' title='bbox 838 2798 916 2843; x_wconf 91' lang='lat' dir='ltr'>per</span> <span class='ocrx_word' id='word_1_363' title='bbox 933 2784 1125 2843; x_wconf 88' lang='lat' dir='ltr'>gratiam</span> <span class='ocrx_word' id='word_1_364' title='bbox 1144 2794 1322 2842; x_wconf 90' lang='lat' dir='ltr'>gratum</span> <span class='ocrx_word' id='word_1_365' title='bbox 1339 2783 1583 2828; x_wconf 87' lang='lat' dir='ltr'>facientem</span> <span class='ocrx_word' id='word_1_366' title='bbox 1603 2794 1811 2828; x_wconf 89' lang='lat' dir='ltr'>causetur</span> <span class='ocrx_word' id='word_1_367' title='bbox 1828 2785 1873 2827; x_wconf 90' lang='lat' dir='ltr'>in</span> <span class='ocrx_word' id='word_1_368' title='bbox 1886 2783 2076 2828; x_wconf 89' lang='lat' dir='ltr'>homine</span> 
     </span>
     <span class='ocr_line' id='line_1_36' title="bbox 118 2849 2069 2911; baseline 0 -17"><span class='ocrx_word' id='word_1_369' title='bbox 118 2850 240 2911; x_wconf 89' lang='lat' dir='ltr'>quod</span> <span class='ocrx_word' id='word_1_370' title='bbox 267 2850 419 2894; x_wconf 89' lang='lat' dir='ltr'>Deum</span> <span class='ocrx_word' id='word_1_371' title='bbox 441 2860 625 2910; x_wconf 90' lang='lat' dir='ltr'>propter</span> <span class='ocrx_word' id='word_1_372' title='bbox 650 2864 697 2894; x_wconf 91' lang='lat' dir='ltr'>se</span> <span class='ocrx_word' id='word_1_373' title='bbox 725 2849 895 2909; x_wconf 91' lang='lat' dir='ltr'>diligat,</span> <span class='ocrx_word' id='word_1_374' title='bbox 929 2864 1213 2909; x_wconf 89' lang='lat' dir='ltr'>consequens</span> <span class='ocrx_word' id='word_1_375' title='bbox 1245 2849 1329 2895; x_wconf 90' lang='lat' dir='ltr'>fuit</span> <span class='ocrx_word' id='word_1_376' title='bbox 1359 2861 1408 2895; x_wconf 91' lang='lat' dir='ltr'>ut</span> <span class='ocrx_word' id='word_1_377' title='bbox 1435 2852 1572 2895; x_wconf 88' lang='lat' dir='ltr'>etiam</span> <span class='ocrx_word' id='word_1_378' title='bbox 1598 2865 1678 2909; x_wconf 90' lang='lat' dir='ltr'>per</span> <span class='ocrx_word' id='word_1_379' title='bbox 1704 2851 1897 2910; x_wconf 88' lang='lat' dir='ltr'>gratiam</span> <span class='ocrx_word' id='word_1_380' title='bbox 1922 2851 2069 2895; x_wconf 88' lang='lat' dir='ltr'>homo</span> 
     </span>
     <span class='ocr_line' id='line_1_37' title="bbox 118 2915 2074 2977; baseline -0.001 -15"><span class='ocrx_word' id='word_1_381' title='bbox 118 2925 248 2977; x_wconf 86' lang='lat' dir='ltr'>spem</span> <span class='ocrx_word' id='word_1_382' title='bbox 270 2917 325 2961; x_wconf 91' lang='lat' dir='ltr'>de</span> <span class='ocrx_word' id='word_1_383' title='bbox 343 2916 446 2961; x_wconf 92' lang='lat' dir='ltr'>Deo</span> <span class='ocrx_word' id='word_1_384' title='bbox 465 2915 800 2974; x_wconf 89' lang='lat' dir='ltr'>adipisceretur.</span> <span class='ocrx_word' id='word_1_385' title='bbox 820 2916 1036 2961; x_wconf 88' lang='lat' dir='ltr'>Amicitia</span> <span class='ocrx_word' id='word_1_386' title='bbox 1061 2930 1171 2961; x_wconf 91' lang='lat' dir='ltr'>vero</span> <span class='ocrx_word' id='word_1_387' title='bbox 1190 2931 1279 2975; x_wconf 89' lang='lat' dir='ltr'>qua</span> <span class='ocrx_word' id='word_1_388' title='bbox 1296 2917 1394 2976; x_wconf 91' lang='lat' dir='ltr'>quis</span> <span class='ocrx_word' id='word_1_389' title='bbox 1414 2917 1555 2961; x_wconf 87' lang='lat' dir='ltr'>aliurn</span> <span class='ocrx_word' id='word_1_390' title='bbox 1578 2917 1828 2961; x_wconf 90' lang='lat' dir='ltr'>secundum</span> <span class='ocrx_word' id='word_1_391' title='bbox 1851 2931 1898 2962; x_wconf 90' lang='lat' dir='ltr'>se</span> <span class='ocrx_word' id='word_1_392' title='bbox 1912 2917 2074 2976; x_wconf 87' lang='lat' dir='ltr'>diligit,</span> 
     </span>
     <span class='ocr_line' id='line_1_38' title="bbox 118 2982 2080 3042; baseline 0 -14"><span class='ocrx_word' id='word_1_393' title='bbox 118 2984 201 3028; x_wconf 87' lang='lat' dir='ltr'>etsi</span> <span class='ocrx_word' id='word_1_394' title='bbox 218 2997 312 3027; x_wconf 90' lang='lat' dir='ltr'>non</span> <span class='ocrx_word' id='word_1_395' title='bbox 334 2982 391 3027; x_wconf 90' lang='lat' dir='ltr'>sit</span> <span class='ocrx_word' id='word_1_396' title='bbox 407 2993 592 3042; x_wconf 89' lang='lat' dir='ltr'>propter</span> <span class='ocrx_word' id='word_1_397' title='bbox 617 2983 848 3042; x_wconf 89' lang='lat' dir='ltr'>propriam</span> <span class='ocrx_word' id='word_1_398' title='bbox 874 2982 1130 3037; x_wconf 88' lang='lat' dir='ltr'>utilitatem,</span> <span class='ocrx_word' id='word_1_399' title='bbox 1156 2983 1294 3027; x_wconf 91' lang='lat' dir='ltr'>habet</span> <span class='ocrx_word' id='word_1_400' title='bbox 1318 2993 1473 3028; x_wconf 86' lang='lat' dir='ltr'>tamen</span> <span class='ocrx_word' id='word_1_401' title='bbox 1499 2984 1666 3028; x_wconf 91' lang='lat' dir='ltr'>multas</span> <span class='ocrx_word' id='word_1_402' title='bbox 1684 2983 1898 3028; x_wconf 88' lang='lat' dir='ltr'>utilitates</span> <span class='ocrx_word' id='word_1_403' title='bbox 1921 2998 2080 3028; x_wconf 89' lang='lat' dir='ltr'>conse-</span> 
     </span>
     <span class='ocr_line' id='line_1_39' title="bbox 117 3049 2080 3110; baseline 0.001 -16"><span class='ocrx_word' id='word_1_404' title='bbox 117 3059 322 3109; x_wconf 90' lang='lat' dir='ltr'>quentes,</span> <span class='ocrx_word' id='word_1_405' title='bbox 339 3050 591 3094; x_wconf 90' lang='lat' dir='ltr'>secundum</span> <span class='ocrx_word' id='word_1_406' title='bbox 610 3049 731 3108; x_wconf 92' lang='lat' dir='ltr'>quod</span> <span class='ocrx_word' id='word_1_407' title='bbox 749 3063 864 3093; x_wconf 91' lang='lat' dir='ltr'>unus</span> <span class='ocrx_word' id='word_1_408' title='bbox 884 3050 1139 3094; x_wconf 90' lang='lat' dir='ltr'>amicorum</span> <span class='ocrx_word' id='word_1_409' title='bbox 1157 3049 1285 3094; x_wconf 86' lang='lat' dir='ltr'>alteri</span> <span class='ocrx_word' id='word_1_410' title='bbox 1301 3050 1508 3095; x_wconf 90' lang='lat' dir='ltr'>subvenit</span> <span class='ocrx_word' id='word_1_411' title='bbox 1524 3061 1573 3095; x_wconf 93' lang='lat' dir='ltr'>ut</span> <span class='ocrx_word' id='word_1_412' title='bbox 1589 3051 1670 3095; x_wconf 89' lang='lat' dir='ltr'>sibi</span> <span class='ocrx_word' id='word_1_413' title='bbox 1690 3051 1774 3110; x_wconf 91' lang='lat' dir='ltr'>ipsi</span> <span class='ocrx_word' id='word_1_414' title='bbox 1786 3067 1797 3106; x_wconf 92' lang='lat'>;</span> <span class='ocrx_word' id='word_1_415' title='bbox 1811 3050 1929 3095; x_wconf 91' lang='lat' dir='ltr'>unde</span> <span class='ocrx_word' id='word_1_416' title='bbox 1949 3065 2080 3109; x_wconf 90' lang='lat' dir='ltr'>opor-</span> 
     </span>
     <span class='ocr_line' id='line_1_40' title="bbox 115 3115 2076 3181; baseline 0.001 -21"><span class='ocrx_word' id='word_1_417' title='bbox 115 3126 181 3181; x_wconf 75' lang='lat' dir='ltr'>tet</span> <span class='ocrx_word' id='word_1_418' title='bbox 197 3116 333 3175; x_wconf 92' lang='lat' dir='ltr'>quod,</span> <span class='ocrx_word' id='word_1_419' title='bbox 361 3130 500 3175; x_wconf 90' lang='lat' dir='ltr'>quum</span> <span class='ocrx_word' id='word_1_420' title='bbox 521 3115 680 3175; x_wconf 90' lang='lat' dir='ltr'>aliquis</span> <span class='ocrx_word' id='word_1_421' title='bbox 699 3115 838 3160; x_wconf 92' lang='lat' dir='ltr'>alium</span> <span class='ocrx_word' id='word_1_422' title='bbox 852 3116 1008 3175; x_wconf 88' lang='lat' dir='ltr'>diligit,</span> <span class='ocrx_word' id='word_1_423' title='bbox 1032 3126 1076 3161; x_wconf 93' lang='lat' dir='ltr'>et</span> <span class='ocrx_word' id='word_1_424' title='bbox 1107 3117 1346 3175; x_wconf 91' lang='lat' dir='ltr'>cognoscit</span> <span class='ocrx_word' id='word_1_425' title='bbox 1377 3131 1426 3162; x_wconf 91' lang='lat' dir='ltr'>se</span> <span class='ocrx_word' id='word_1_426' title='bbox 1459 3119 1512 3161; x_wconf 90' lang='lat' dir='ltr'>ab</span> <span class='ocrx_word' id='word_1_427' title='bbox 1533 3131 1588 3162; x_wconf 90' lang='lat' dir='ltr'>eo</span> <span class='ocrx_word' id='word_1_428' title='bbox 1622 3117 1764 3176; x_wconf 92' lang='lat' dir='ltr'>diligi,</span> <span class='ocrx_word' id='word_1_429' title='bbox 1791 3117 1913 3177; x_wconf 93' lang='lat' dir='ltr'>quod</span> <span class='ocrx_word' id='word_1_430' title='bbox 1931 3118 1986 3162; x_wconf 93' lang='lat' dir='ltr'>de</span> <span class='ocrx_word' id='word_1_431' title='bbox 2020 3131 2076 3162; x_wconf 93' lang='lat' dir='ltr'>eo</span> 
     </span>
     <span class='ocr_line' id='line_1_41' title="bbox 119 3182 2079 3243; baseline -0.001 -15"><span class='ocrx_word' id='word_1_432' title='bbox 119 3198 250 3243; x_wconf 91' lang='lat' dir='ltr'>spem</span> <span class='ocrx_word' id='word_1_433' title='bbox 275 3182 455 3228; x_wconf 88' lang='lat' dir='ltr'>habeat.</span> <span class='ocrx_word' id='word_1_434' title='bbox 482 3183 568 3227; x_wconf 88' lang='lat' dir='ltr'>Per</span> <span class='ocrx_word' id='word_1_435' title='bbox 595 3184 789 3242; x_wconf 87' lang='lat' dir='ltr'>gratiam</span> <span class='ocrx_word' id='word_1_436' title='bbox 817 3193 971 3228; x_wconf 90' lang='lat' dir='ltr'>autem</span> <span class='ocrx_word' id='word_1_437' title='bbox 997 3185 1057 3228; x_wconf 91' lang='lat' dir='ltr'>ita</span> <span class='ocrx_word' id='word_1_438' title='bbox 1086 3184 1374 3229; x_wconf 89' lang='lat' dir='ltr'>constituitur</span> <span class='ocrx_word' id='word_1_439' title='bbox 1398 3184 1543 3229; x_wconf 92' lang='lat' dir='ltr'>homo</span> <span class='ocrx_word' id='word_1_440' title='bbox 1571 3184 1661 3228; x_wconf 91' lang='lat' dir='ltr'>Dei</span> <span class='ocrx_word' id='word_1_441' title='bbox 1687 3183 1891 3238; x_wconf 90' lang='lat' dir='ltr'>dilector,</span> <span class='ocrx_word' id='word_1_442' title='bbox 1923 3198 2079 3229; x_wconf 89' lang='lat' dir='ltr'>secun-</span> 
     </span>
     <span class='ocr_line' id='line_1_42' title="bbox 117 3249 2081 3311; baseline -0.001 -17"><span class='ocrx_word' id='word_1_443' title='bbox 117 3250 227 3294; x_wconf 90' lang='lat' dir='ltr'>dum</span> <span class='ocrx_word' id='word_1_444' title='bbox 267 3251 466 3294; x_wconf 81' lang='lat' dir='ltr'>caritatis</span> <span class='ocrx_word' id='word_1_445' title='bbox 493 3249 722 3304; x_wconf 88' lang='lat' dir='ltr'>affectum,</span> <span class='ocrx_word' id='word_1_446' title='bbox 748 3252 871 3310; x_wconf 92' lang='lat' dir='ltr'>quod</span> <span class='ocrx_word' id='word_1_447' title='bbox 924 3252 1062 3295; x_wconf 91' lang='lat' dir='ltr'>etiam</span> <span class='ocrx_word' id='word_1_448' title='bbox 1088 3251 1321 3295; x_wconf 87' lang='lat' dir='ltr'>instruitur</span> <span class='ocrx_word' id='word_1_449' title='bbox 1345 3265 1424 3310; x_wconf 90' lang='lat' dir='ltr'>per</span> <span class='ocrx_word' id='word_1_450' title='bbox 1449 3251 1588 3296; x_wconf 88' lang='lat' dir='ltr'>fidem</span> <span class='ocrx_word' id='word_1_451' title='bbox 1616 3251 1738 3311; x_wconf 91' lang='lat' dir='ltr'>quod</span> <span class='ocrx_word' id='word_1_452' title='bbox 1766 3265 1791 3294; x_wconf 91' lang='lat' dir='ltr'>a</span> <span class='ocrx_word' id='word_1_453' title='bbox 1827 3251 1930 3294; x_wconf 94' lang='lat' dir='ltr'>Deo</span> <span class='ocrx_word' id='word_1_454' title='bbox 1957 3264 2081 3308; x_wconf 89' lang='lat' dir='ltr'>prae-</span> 
     </span>
     <span class='ocr_line' id='line_1_43' title="bbox 122 3315 2078 3376; baseline -0.001 -14"><span class='ocrx_word' id='word_1_455' title='bbox 122 3315 335 3376; x_wconf 83' lang='lat' dir='ltr'>diligatur</span> <span class='ocrx_word' id='word_1_456' title='bbox 361 3317 612 3361; x_wconf 91' lang='lat' dir='ltr'>secundum</span> <span class='ocrx_word' id='word_1_457' title='bbox 634 3315 744 3361; x_wconf 89' lang='lat' dir='ltr'>illud</span> <span class='ocrx_word' id='word_1_458' title='bbox 759 3317 881 3376; x_wconf 91' lang='lat' dir='ltr'>quod</span> <span class='ocrx_word' id='word_1_459' title='bbox 903 3316 1094 3362; x_wconf 89' lang='lat' dir='ltr'>habetur</span> <span class='ocrx_word' id='word_1_460' title='bbox 1120 3317 1174 3375; x_wconf 90' lang='grc' dir='ltr'>(Ι.</span> <span class='ocrx_word' id='word_1_461' title='bbox 1195 3317 1361 3375; x_wconf 90' lang='lat' dir='ltr'>Joann.</span> <span class='ocrx_word' id='word_1_462' title='bbox 1387 3317 1467 3362; x_wconf 87' lang='lat' dir='ltr'>IV.</span> <span class='ocrx_word' id='word_1_463' title='bbox 1496 3317 1608 3375; x_wconf 85' lang='lat'>10.):</span> <span class='ocrx_word' id='word_1_464' title='bbox 1641 3318 1692 3362; x_wconf 88' lang='lat' dir='ltr'>In</span> <span class='ocrx_word' id='word_1_465' title='bbox 1714 3318 1787 3362; x_wconf 85' lang='lat' dir='ltr'>hoc</span> <span class='ocrx_word' id='word_1_466' title='bbox 1808 3323 1862 3364; x_wconf 75' lang='lat' dir='ltr'>est</span> <span class='ocrx_word' id='word_1_467' title='bbox 1898 3318 2078 3362; x_wconf 78' lang='lat' dir='ltr'>caritas:</span> 
     </span>
     <span class='ocr_line' id='line_1_44' title="bbox 125 3383 2078 3444; baseline -0.001 -16"><span class='ocrx_word' id='word_1_468' title='bbox 125 3398 207 3428; x_wconf 87' lang='lat' dir='ltr'>non</span> <span class='ocrx_word' id='word_1_469' title='bbox 223 3385 341 3443; x_wconf 86' lang='lat' dir='ltr'>quasi</span> <span class='ocrx_word' id='word_1_470' title='bbox 365 3397 438 3428; x_wconf 90' lang='lat' dir='ltr'>nos</span> <span class='ocrx_word' id='word_1_471' title='bbox 462 3383 727 3428; x_wconf 73' lang='lat' dir='ltr'>dilexerimus</span> <span class='ocrx_word' id='word_1_472' title='bbox 751 3384 906 3439; x_wconf 81' lang='lat' dir='ltr'>Deum,</span> <span class='ocrx_word' id='word_1_473' title='bbox 938 3384 1005 3429; x_wconf 85' lang='lat' dir='ltr'>sed</span> <span class='ocrx_word' id='word_1_474' title='bbox 1025 3386 1224 3443; x_wconf 86' lang='lat' dir='ltr'>quoniam</span> <span class='ocrx_word' id='word_1_475' title='bbox 1250 3386 1335 3444; x_wconf 84' lang='lat' dir='ltr'>ipse</span> <span class='ocrx_word' id='word_1_476' title='bbox 1347 3386 1474 3444; x_wconf 84' lang='lat' dir='ltr'>prior</span> <span class='ocrx_word' id='word_1_477' title='bbox 1495 3384 1637 3429; x_wconf 82' lang='lat' dir='ltr'>dilexit</span> <span class='ocrx_word' id='word_1_478' title='bbox 1657 3383 1741 3428; x_wconf 74' lang='lat' dir='ltr'>nos.</span> <span class='ocrx_word' id='word_1_479' title='bbox 1768 3383 2078 3443; x_wconf 89' lang='lat' dir='ltr'>Consequitur</span> 
     </span>
     <span class='ocr_line' id='line_1_45' title="bbox 119 3449 2080 3510; baseline -0.001 -16"><span class='ocrx_word' id='word_1_480' title='bbox 119 3450 257 3509; x_wconf 88' lang='lat' dir='ltr'>igitur</span> <span class='ocrx_word' id='word_1_481' title='bbox 278 3465 333 3494; x_wconf 82' lang='lat' dir='ltr'>ex</span> <span class='ocrx_word' id='word_1_482' title='bbox 358 3450 482 3494; x_wconf 90' lang='lat' dir='ltr'>dono</span> <span class='ocrx_word' id='word_1_483' title='bbox 510 3450 681 3509; x_wconf 90' lang='lat' dir='ltr'>gratiae</span> <span class='ocrx_word' id='word_1_484' title='bbox 708 3450 830 3509; x_wconf 92' lang='lat' dir='ltr'>quod</span> <span class='ocrx_word' id='word_1_485' title='bbox 850 3449 995 3495; x_wconf 90' lang='lat' dir='ltr'>homo</span> <span class='ocrx_word' id='word_1_486' title='bbox 1023 3451 1077 3495; x_wconf 93' lang='lat' dir='ltr'>de</span> <span class='ocrx_word' id='word_1_487' title='bbox 1102 3450 1206 3495; x_wconf 92' lang='lat' dir='ltr'>Deo</span> <span class='ocrx_word' id='word_1_488' title='bbox 1225 3464 1354 3510; x_wconf 90' lang='lat' dir='ltr'>spem</span> <span class='ocrx_word' id='word_1_489' title='bbox 1378 3451 1560 3496; x_wconf 88' lang='lat' dir='ltr'>habeat.</span> <span class='ocrx_word' id='word_1_490' title='bbox 1585 3450 1652 3494; x_wconf 82' lang='lat' dir='ltr'>Ex</span> <span class='ocrx_word' id='word_1_491' title='bbox 1680 3464 1770 3509; x_wconf 94' lang='lat' dir='ltr'>quo</span> <span class='ocrx_word' id='word_1_492' title='bbox 1798 3450 1936 3494; x_wconf 86' lang='lat' dir='ltr'>etiam</span> <span class='ocrx_word' id='word_1_493' title='bbox 1957 3459 2080 3509; x_wconf 91' lang='lat' dir='ltr'>patet</span> 
     </span>
     <span class='ocr_line' id='line_1_46' title="bbox 117 3516 2078 3576; baseline -0.001 -15"><span class='ocrx_word' id='word_1_494' title='bbox 117 3516 256 3576; x_wconf 91' lang='lat' dir='ltr'>quod,</span> <span class='ocrx_word' id='word_1_495' title='bbox 281 3516 399 3575; x_wconf 89' lang='lat' dir='ltr'>sicut</span> <span class='ocrx_word' id='word_1_496' title='bbox 423 3529 525 3576; x_wconf 91' lang='lat' dir='ltr'>spes</span> <span class='ocrx_word' id='word_1_497' title='bbox 552 3526 620 3561; x_wconf 91' lang='lat' dir='ltr'>est</span> <span class='ocrx_word' id='word_1_498' title='bbox 643 3516 927 3576; x_wconf 88' lang='lat' dir='ltr'>praeparatio</span> <span class='ocrx_word' id='word_1_499' title='bbox 954 3517 1155 3561; x_wconf 89' lang='lat' dir='ltr'>hominis</span> <span class='ocrx_word' id='word_1_500' title='bbox 1183 3517 1237 3560; x_wconf 90' lang='lat' dir='ltr'>ad</span> <span class='ocrx_word' id='word_1_501' title='bbox 1263 3530 1420 3563; x_wconf 87' lang='lat' dir='ltr'>veram</span> <span class='ocrx_word' id='word_1_502' title='bbox 1451 3517 1540 3562; x_wconf 89' lang='lat' dir='ltr'>Dei</span> <span class='ocrx_word' id='word_1_503' title='bbox 1566 3516 1876 3571; x_wconf 90' lang='lat' dir='ltr'>dilectionem,</span> <span class='ocrx_word' id='word_1_504' title='bbox 1900 3516 1963 3561; x_wconf 90' lang='lat' dir='ltr'>ita</span> <span class='ocrx_word' id='word_1_505' title='bbox 1984 3526 2029 3561; x_wconf 91' lang='lat' dir='ltr'>et</span> <span class='ocrx_word' id='word_1_506' title='bbox 2054 3530 2078 3560; x_wconf 92' lang='lat' dir='ltr'>e</span> 
     </span>
     <span class='ocr_line' id='line_1_47' title="bbox 118 3582 1313 3643; baseline 0 -16"><span class='ocrx_word' id='word_1_507' title='bbox 118 3595 344 3628; x_wconf 87' lang='lat' dir='ltr'>converso</span> <span class='ocrx_word' id='word_1_508' title='bbox 371 3597 422 3627; x_wconf 88' lang='lat' dir='ltr'>ex</span> <span class='ocrx_word' id='word_1_509' title='bbox 448 3583 631 3628; x_wconf 89' lang='lat' dir='ltr'>caritate</span> <span class='ocrx_word' id='word_1_510' title='bbox 656 3582 803 3627; x_wconf 91' lang='lat' dir='ltr'>homo</span> <span class='ocrx_word' id='word_1_511' title='bbox 828 3583 873 3627; x_wconf 88' lang='lat' dir='ltr'>in</span> <span class='ocrx_word' id='word_1_512' title='bbox 900 3597 979 3643; x_wconf 91' lang='lat' dir='ltr'>spe</span> <span class='ocrx_word' id='word_1_513' title='bbox 1006 3582 1313 3628; x_wconf 89' lang='lat' dir='ltr'>confirmatur.</span> 
     </span>
    </p>
   </div>
  </div>
 </body>
</html>
