2332 3854
55 3314 57 3316 ι
65 3136 72 3144 ι

874 201 1026 241 mnan
1065 199 1137 240 ιν.
1167 200 1300 241 cap,
1343 200 1395 240 x.
2002 188 2113 258 561

963 390 1219 448 CAPUT
1256 391 1331 448 X.

207 524 474 566 antonus
516 524 740 566 com-Ra
780 525 1214 566 GENERATmNEM
1251 527 1323 565 ΕΤ
1364 525 1780 566 PROGESSIONEM
1819 525 2073 566 mvaM.

254 634 482 680 Omnibus
499 634 646 695 ,igitur
676 633 918 693 diligenter
950 635 1261 689 consideratis,
1294 634 1532 680 manifeste
1561 644 1747 694 apparet
1776 634 1868 680 hoc
1894 634 2027 678 nobis
2060 634 2118 678 de

157 701 455 762 generatione
487 701 639 744 divina
665 701 715 744 in
742 701 882 745 sacris
920 701 1163 760 Scripturis
1200 704 1392 761 proponi
1431 702 1710 747 credendum
1752 701 1872 760 quod
1909 701 2043 745 Pater
2076 711 2120 746 et

155 767 315 822 Pilius,
341 768 425 813 etsi
456 768 661 827 personis
687 768 1032 822 distinguantur,
1060 779 1164 813 sunt
1189 779 1344 813 tamen
1371 783 1486 812 unus
1522 770 1644 813 Deus
1686 778 1732 812 et
1769 782 1909 812 unam
1949 768 2119 812 habent

154 835 407 881 essentiam
433 847 511 878 seu
538 845 760 878 naturam.
792 834 914 887 Quia
939 849 1050 879 vero
1075 849 1099 878 a
1118 846 1425 879 creaturarum
1444 846 1604 879 natura
1626 835 1716 879 hoc
1739 835 1965 879 invenitur
1987 835 2118 879 valde

154 913 390 948 remotum
417 913 466 946 ut
491 902 639 962 aliqua
667 903 758 947 duo
785 903 1020 962 supposito
1049 903 1381 962 distinguantur
1407 913 1450 946 et
1481 913 1636 946 tamen
1670 916 1831 946 eorum
1857 902 1915 946 sit
1942 916 2030 945 una
2058 915 2121 946 es-

161 971 319 1023 sentia,
344 969 547 1013 humana
573 970 704 1022 ratio,
732 983 787 1013 ex
814 979 1123 1013 creaturarum
1150 969 1499 1029 proprietatibus
1525 969 1793 1028 procedens,
1817 968 2118 1028 multiplicem

156 1036 207 1082 in
229 1036 323 1080 hoc
349 1045 525 1080 secreto
552 1036 730 1080 divinae
754 1037 1063 1094 generationis
1090 1037 1254 1095 patitur
1282 1035 1610 1080 difficultatem.

247 1101 384 1156 Nam,
411 1116 550 1162 quum
576 1103 810 1162 generatio
845 1103 977 1146 nobis
1011 1114 1122 1147 nota
1159 1105 1350 1147 mutatio
1393 1102 1618 1161 quaedam
1659 1102 1729 1155 sit,
1757 1101 1831 1146 cui
1870 1101 2116 1160 opponitur

152 1169 407 1230 corruptio,
433 1168 616 1213 difficile
639 1169 816 1214 videtur
842 1170 887 1213 in
913 1170 1016 1213 Deo
1043 1170 1388 1227 generationem
1410 1183 1594 1228 ponere,
1619 1169 1695 1228 qui
1717 1178 1784 1213 est
1805 1166 2117 1222 immutabilis,

157 1235 512 1296 incorruptibilis
539 1246 583 1281 et
608 1245 832 1289 aeternus,
859 1247 908 1280 ut
926 1250 986 1280 ex
1013 1237 1319 1295 superioribus
1345 1236 1466 1295 (Lib.
1491 1235 1527 1280 I.
1555 1249 1594 1282 c.
1623 1249 1688 1294 13.
1717 1244 1761 1279 et
1791 1235 1879 1292 15.)
1905 1244 2042 1294 patet.

243 1301 484 1363 Amplius:
512 1303 552 1346 si
579 1302 811 1361 generatio
838 1303 1030 1347 mutatio
1058 1313 1138 1357 est,
1172 1313 1352 1362 oportet
1383 1316 1522 1346 omne
1548 1302 1671 1360 quod
1703 1313 1945 1360 generatur
1977 1310 2122 1345 muta-

158 1367 253 1415 hile
277 1383 390 1414 esse.
426 1368 566 1421 Quod
589 1379 751 1413 :autem
779 1379 978 1414 mutatur
1004 1370 1095 1414 exit
1121 1370 1175 1414 de
1207 1369 1410 1428 potentia
1440 1369 1488 1412 in
1522 1379 1699 1422 actum3
1726 1382 1835 1412 nam
1861 1378 2014 1412 motus
2047 1377 2116 1412 est

125 1431 130 1436 ’
162 1445 290 1483 actus
315 1435 568 1480 exsistentis
593 1436 639 1480 in
665 1437 868 1495 potentia
893 1436 1147 1480 secundum
1179 1436 1301 1495 quod
1327 1435 1606 1493 hujusmodi.
1635 1434 1686 1479 Si
1710 1434 1847 1493 igitur
1864 1433 2006 1479 Filius
2028 1434 2117 1479 Dei

161 1512 228 1547 est
252 1502 445 1561 genitus,
471 1502 649 1546 videtur
674 1502 795 1561 quod
822 1516 970 1561 neque
990 1513 1199 1546 aeternus
1226 1504 1297 1555 sit,
1323 1512 1559 1560 tamquam
1587 1502 1642 1545 de
1668 1502 1871 1560 potentia
1896 1501 1943 1544 in
1967 1510 2119 1545 actum

157 1569 328 1622 exiens,
351 1583 500 1629 neque
522 1583 655 1614 verus
686 1570 828 1624 Deus,
855 1584 916 1614 rex
948 1584 1040 1629 quo
1073 1583 1168 1613 non
1201 1579 1270 1613 est
1302 1578 1428 1613 actus
1462 1582 1614 1627 purus,
1645 1569 1726 1612 sed
1758 1567 1927 1627 aliquid
1959 1578 2116 1628 poten-

159 1635 360 1681 tialitatis
386 1636 575 1682 habens.

242 1703 430 1748 Adhuc:
462 1703 668 1762 genitum
694 1712 904 1746 naturam
932 1702 1096 1761 accipit
1121 1716 1147 1744 a
1169 1711 1430 1759 generante.
1460 1701 1506 1745 Si
1535 1715 1645 1759 ergo
1672 1700 1811 1745 Filius
1837 1701 2016 1759 genitus
2051 1710 2120 1746 est

159 1783 187 1813 a
217 1769 320 1813 Deo
345 1769 493 1822 Patre,
520 1778 701 1828 oportet
727 1768 849 1828 quod
875 1779 1085 1812 naturam
1114 1782 1252 1830 quam
1279 1768 1417 1812 habet
1443 1781 1469 1810 a
1495 1767 1629 1812 Patre
1652 1768 1890 1826 acceperit.
1917 1767 2025 1812 Non
2053 1777 2120 1812 est

160 1844 312 1879 autem
343 1834 558 1894 possibile
585 1835 706 1894 quod
735 1836 961 1894 acceperit
988 1849 1012 1878 a
1039 1835 1171 1878 Patre
1200 1834 1336 1878 aliam
1363 1845 1574 1878 naturam
1600 1848 1794 1878 numero
1822 1849 1960 1894 quam
1985 1834 2120 1879 Pater

155 1902 368 1948 haberet
388 1902 589 1947 similem
623 1904 789 1961 specie,
815 1903 932 1946 sicut
957 1901 1006 1946 fit
1024 1902 1076 1945 in
1100 1902 1468 1961 generationibus
1490 1901 1712 1955 univoci3‚
1740 1911 1789 1945 ut
1809 1916 1952 1960 quum
1974 1901 2119 1946 homo

154 1978 349 2028 ,generat
373 1969 613 2014 hominem
646 1979 691 2013 et
721 1969 838 2026 ignis
865 1969 1046 2027 ignem3
1073 1983 1207 2027 supra
1241 1969 1364 2012 enim
1398 1977 1633 2012 ostensum
1667 1978 1735 2012 est
1760 1969 1879 2026 (Lib.
1907 1968 1940 2012 Ι.
1975 1983 2012 2013 c.
2045 1981 2117 2023 42.

161 2046 207 2081 et
230 2035 308 2080 IV.
336 2050 374 2080 c.
391 2035 466 2097 9.)
483 2036 606 2095 quod
631 2035 913 2094 impossibile
935 2045 1003 2079 est
1029 2050 1126 2079 esse
1154 2035 1303 2094 plures
1330 2049 1522 2079 numero
1540 2036 1743 2079 deitates.
1767 2034 1958 2080 Videtur
1981 2037 2119 2080 etiam

162 2116 260 2148 esse
283 2101 563 2162 impossibile
582 2103 704 2161 quod
731 2102 952 2161 receperit
971 2104 1182 2145 eamdem
1199 2114 1410 2145 naturam
1428 2116 1621 2145 numero
1645 2116 1782 2160 quam
1802 2102 1935 2146 Pater
1956 2102 2117 2146 habet:

158 2168 280 2228 quia,
306 2171 343 2213 si
369 2169 527 2228 recipit
553 2180 727 2228 partem
761 2170 872 2226 ejuS,
903 2169 1107 2227 sequitur
1140 2169 1340 2212 divinam
1367 2164 1584 2212 naturam
1619 2183 1718 2212 esse
1752 2169 2047 2222 div³sibilem3
2080 2169 2118 2213 si

151 2247 314 2285 tantem
340 2245 501 2288 totam,
528 2236 707 2279 videtur
733 2236 861 2294 sequi
893 2237 1016 2294 quod
1040 2246 1209 2279 ,natura
1237 2236 1402 2288 divina,
1436 2236 1473 2279 si
1505 2236 1563 2279 sit
1594 2246 1690 2279 tota
1721 2234 1945 2279 transfusa
1974 2237 2020 2279 in
2051 2235 2119 2280 Fi-

159 2300 288 2355 lium,
319 2302 495 2347 desinat
519 2316 618 2346 esse
644 2302 690 2345 in
717 2302 865 2355 Patre,
893 2312 937 2346 et
962 2303 1025 2346 sic
1054 2303 1187 2346 Pater
1219 2302 1482 2361 generando
1511 2303 1830 2361 corrumpitur.
1856 2302 2018 2361 Neque
2040 2302 2120 2347 ite-

155 2378 272 2423 mm
292 2378 442 2427 potest
471 2368 562 2417 dici
593 2368 716 2428 quod
748 2379 909 2412 natura
941 2368 1093 2412 divina
1132 2383 1212 2427 per
1248 2369 1495 2427 quamdam
1534 2370 1875 2413 exuberantiam
1913 2368 2067 2414 effluat
2093 2383 2119 2412 a

151 2434 292 2486 ,Patre
318 2435 363 2479 in
386 2433 570 2489 Filium,
596 2436 711 2480 sicut
745 2449 861 2494 aqua
888 2434 1026 2479 fontis
1059 2435 1199 2479 effluit
1236 2436 1283 2480 in
1315 2435 1481 2488 rivum,
1514 2445 1559 2479 et
1589 2434 1692 2479 fons
1720 2450 1815 2479 non
1848 2445 2116 2480 evacuatur:

159 2500 265 2561 quia
289 2510 450 2547 natura
475 2501 625 2547 divina
657 2501 776 2546 sicut
801 2515 896 2546 non
927 2511 1077 2561 potest
1108 2501 1262 2556 dividi,
1296 2503 1355 2546 ita
1381 2516 1465 2546 nec
1494 2502 1664 2561 augeri.
1691 2501 1884 2546 Videtur
1911 2517 2021 2561 ergo
2051 2517 2120 2547 vre-

158 2567 335 2628 liquum
360 2581 459 2612 esse
485 2568 606 2627 quod
639 2568 778 2613 Filius
814 2579 1025 2612 naturam
1059 2582 1083 2612 a
1116 2569 1250 2612 Patre
1284 2569 1525 2628 acceperit,
1552 2584 1647 2613 non
1675 2570 1888 2614 eamdem
1920 2583 2114 2614 numero

158 2648 244 2680 nec
271 2634 421 2694 specie
447 2648 586 2694 quam
606 2634 742 2678 Pater
772 2635 923 2689 habet,
951 2635 1030 2679 sed
1063 2636 1254 2679 omnino
1282 2635 1466 2680 alterius
1494 2636 1671 2694 generis
1679 2651 1694 2690 3
1726 2636 1843 2680 sicut
1875 2637 2041 2680 accidit
2070 2636 2118 2680 in

160 2700 455 2760 generatione
482 2700 758 2764 aequivoca„
778 2710 827 2744 ut
848 2715 989 2760 quum
1016 2701 1231 2744 animalia
1257 2716 1312 2745 ex
1338 2701 1666 2760 putrefactione
1693 2712 1799 2745 nata
1826 2703 1988 2746 virtute
2005 2702 2118 2747 solis

152 2777 447 2828 generantur,
474 2767 530 2811 ad
557 2768 684 2824 cujus
716 2767 916 2826 speciem
943 2781 1038 2811 non
1066 2769 1303 2826 attingunt.
1333 2768 1546 2827 Sequitur
1573 2782 1684 2826 ergo
1712 2769 1834 2827 quod
1862 2769 1950 2812 Dei
1976 2768 2115 2814 Filius

160 2849 308 2895 neque
332 2849 467 2879 verus
493 2833 631 2878 Filius
658 2836 727 2888 sit,
755 2849 895 2893 quum
920 2849 1014 2878 non
1043 2833 1207 2879 habeat
1233 2836 1433 2893 speciem
1460 2835 1621 2889 Patris,
1648 2850 1796 2895 neque
1823 2850 1956 2881 verus
1975 2837 2117 2893 Deus,

152 2896 301 2961 'quum
327 2915 422 2945 non
447 2901 636 2958 recipiat
661 2902 860 2945 divinam
887 2912 1110 2944 naturam.

174 3011 175 3014 ,
249 2968 387 3012 Item:
411 2968 447 3011 si
473 2967 611 3011 Filius
639 2967 798 3025 recipit
822 2978 1031 3011 naturam
1059 2983 1083 3011 a
1105 2968 1209 3012 Deo
1236 2968 1383 3022 Patre,
1412 2977 1592 3027 oportet
1617 2969 1739 3027 quod
1765 2968 1811 3012 in
1835 2983 1890 3013 eo
1916 2969 2037 3014 aliud
2060 2970 2117 3015 sit

161 3034 384 3092 recipiens
416 3045 461 3078 et
492 3034 612 3077 aliud
645 3044 805 3077 natura
838 3044 1042 3092 recepta;
1074 3035 1187 3078 nihil
1214 3035 1337 3078 enim
1365 3036 1526 3094 recipit
1556 3037 1780 3094 seipsum3
1807 3035 1947 3080 Filius
1979 3037 2116 3096 igitur

160 3114 255 3145 non
281 3110 350 3145 est
379 3115 460 3145 sua
494 3101 687 3144 essentia
719 3101 790 3144 vel
818 3111 1002 3155 nat‚ura;
1035 3114 1127 3144 non
1155 3112 1222 3146 est
1247 3102 1383 3159 igitur
1409 3116 1541 3146 verus
1568 3102 1708 3146 Deus.

250 3167 512 3212 Praeterea:
546 3168 583 3210 si
609 3166 747 3210 Filius
781 3167 868 3211 Dei
900 3180 993 3210 non
1027 3177 1094 3211 est
1126 3167 1247 3211 aliud
1281 3182 1418 3226 quam
1452 3170 1647 3212 essentia
1680 3168 1845 3222 divina,
1873 3183 2013 3227 quum
2048 3183 2117 3213 es-

166 3234 309 3279 sentia
336 3234 488 3278 divina
505 3233 562 3277 sit
587 3234 849 3287 subsistens,
873 3243 918 3277 ut
941 3235 985 3277 in
1009 3235 1157 3292 primo
1185 3235 1244 3291 (c.
1274 3234 1366 3291 22.)
1390 3235 1628 3293 probatum
1658 3246 1739 3288 est,
1762 3246 1940 3279 constat
1961 3246 2116 3280 autem

161 3300 283 3360 quod
310 3300 446 3344 etiam
473 3299 606 3343 Pater
632 3310 699 3343 est
723 3300 821 3357 ipsa
842 3300 1035 3344 essentia
1063 3302 1228 3353 divina,
1255 3302 1432 3345 videtur
1458 3301 1651 3360 relinqui
1678 3302 1799 3360 quod
1829 3303 1962 3346 Pater
1984 3313 2029 3346 et
2045 3301 2111 3346 Fi-

163 3366 251 3412 lius
278 3367 553 3410 conveniant
578 3367 623 3410 in
647 3367 807 3411 eadem
830 3380 878 3411 re
899 3367 1183 3411 subsistente.
1210 3368 1298 3411 Res
1322 3378 1473 3411 autem
1497 3369 1744 3412 subsistens
1765 3370 1810 3411 in
1834 3369 2113 3413 intellectua-

160 3432 277 3478 libus
292 3433 463 3478 naturis
488 3445 678 3477 vocatur
695 3446 903 3492 persona.
924 3433 1136 3493 Sequitur
1159 3448 1285 3493 ergo,
1303 3435 1340 3478 si
1366 3433 1504 3479 Filius
1528 3445 1596 3479 est
1610 3436 1709 3493 ipsa
1737 3435 1888 3479 divina
1906 3437 2116 3490 essentia,

161 3499 284 3561 quod
310 3498 446 3543 Pater
471 3509 515 3543 et
540 3498 678 3544 Filius
705 3500 980 3545 conveniant
1003 3501 1050 3544 in
1077 3515 1285 3560 persona.
1313 3501 1363 3545 Si
1386 3512 1538 3546 autem
1565 3501 1703 3546 Filius
1730 3516 1824 3546 non
1847 3512 1916 3546 est
1938 3502 2039 3561 ipsa
2055 3503 2117 3549 di-

160 3566 264 3612 vina
285 3565 501 3633 essentia,
528 3580 621 3611 non
644 3576 711 3611 est
735 3580 868 3612 verus
888 3567 1151 3622 Deus;·h0c
1176 3567 1297 3612 enim
1325 3569 1381 3614 de
1405 3568 1506 3613 Deo
1532 3568 1773 3628 probatum
1797 3579 1864 3614 est
1894 3568 1940 3613 in
1967 3571 2129 3629 primo’

295 3667 331 3702 S.
358 3667 512 3702 Tuoun
527 3668 671 3720 ‘Summa
696 3674 805 3703 contra
826 3668 978 3704 Gentiles.
1154 3680 1161 3686 ·
1942 3673 1983 3715 36
