2332 3854
814 203 969 245 unna
1006 203 1083 245 111.
1124 202 1245 242 cap·
1284 201 1474 245 xcv111.
2013 201 2119 256 439

176 323 285 355 cnm
308 308 432 369 prius
455 307 666 362 noluerit,
686 311 764 353 aut
792 306 964 366 aliquid
997 306 1054 352 de
1082 317 1206 352 novo
1238 305 1426 365 incipiat
1455 305 1585 357 scire,
1615 302 1690 348 vel
1714 302 1761 348 in
1777 315 1917 348 suam
1942 301 2122 347 ordinet

174 377 441 422 bonitatem.
465 374 593 423 Nihil
617 374 754 433 igitur
768 374 895 419 Deus
919 372 1069 420 facere
1091 383 1241 433 potest
1266 373 1374 432 quin
1398 372 1481 419 sub
1499 371 1658 417 ordine
1674 384 1784 415 suae
1809 370 2120 428 providentiae

174 443 322 498 eadat,
348 443 464 487 sicut
492 455 587 487 non
618 450 769 500 potest
800 440 968 500 aliquid
998 439 1148 486 facere
1182 440 1305 499 quod
1337 441 1432 498 ejus
1465 437 1718 515 operationi
1747 450 1843 485 non
1875 435 2115 489 subdatur3

173 519 327 568 potest
354 519 509 554 tamen
550 508 638 553 alia
675 507 826 553 facere
865 522 1003 566 quam
1045 521 1099 551 ea
1130 522 1247 566 quae
1279 506 1529 552 subduntur
1560 506 1656 563 ejus
1679 503 2014 563 providentiae,
2046 501 2122 547 vel

169 576 445 636 operationi,
460 577 498 621 si
516 574 720 620 absolute
738 574 1049 619 consideretur
1065 575 1160 631 ejus
1182 583 1405 633 potestas;
1426 572 1505 618 sed
1521 585 1615 616 non
1633 580 1786 630 potest
1800 568 1951 616 facere
1969 568 2121 627 aliqua
2195 593 2203 603 ·

172 656 291 702 quae
312 643 394 686 sub
420 642 579 687 ordine
603 640 953 701 providentiae
941 640 1080 698 ipsius
1108 640 1161 684 ab
1197 650 1381 685 aeterno
1406 653 1501 685 non
1526 637 1722 693 fuerunt,
1747 650 1809 684 eo
1828 635 1955 696 quod
1980 644 2123 680 muta·

172 707 275 753 bilis
301 722 400 754 esse
423 722 518 753 non
575 717 711 755 otest.

261 774 391 818 Hanc
419 723 572 818 autenl}
598 773 934 818 distinctionem
961 772 1145 831 quidam
1167 786 1260 817 non
1289 771 1657 817 considerantes
1645 784 1692 815 m
1719 770 1922 815 diversos
1947 780 2124 815 errores

172 841 441 894 inciderunt.
476 840 680 893 Quidam
706 840 829 885 enim
864 839 1235 885 immobilitatem
1271 839 1411 884 divini
1447 840 1617 884 ordinis
1651 837 1708 883 ad
1749 851 1820 885 res
1853 837 1974 895 ipsas
2007 849 2124 895 quae

173 907 320 967 ordini
344 907 607 952 subdundur
632 907 872 952 extendere
900 907 1054 951 conati
1084 916 1202 960 sunt,
1240 906 1454 960 dicentes,
1491 906 1613 965 quod
1649 905 1805 950 omnia
1840 916 2027 948 necesse
2061 910 2127 947 est

172 988 271 1020 ease
294 974 412 1019 sicut
436 983 554 1027 sunt,
579 974 627 1018 in
651 984 830 1018 tantum
855 973 977 1032 quod
1003 973 1189 1031 quidam
1216 973 1436 1026 dixerunt,
1458 973 1580 1032 quod
1607 973 1733 1016 Deus
1748 985 1842 1016 non
1864 979 2015 1029 potest
2034 968 2125 1015 alia

170 1040 322 1086 facere
346 1055 484 1100 quam
510 1054 626 1099 quae
651 1039 783 1094 facit3
810 1050 968 1084 contra
1000 1040 1122 1099 quod
1149 1049 1216 1084 est
1241 1039 1363 1098 quod
1390 1040 1581 1084 habetur
1601 1038 1782 1098 (Matth.
1810 1037 1977 1082 XXVI.
2009 1036 2123 1095 53.):

171 1109 247 1154 An
262 1122 351 1152 non
376 1115 543 1168 possum
576 1122 724 1166 rogare
755 1107 925 1151 Patrem
961 1121 1112 1160 meum,
1151 1113 1189 1151 et
1219 1107 1422 1151 exhibebit
1446 1107 1552 1150 mihi
1575 1106 1799 1165 plusquam
1835 1104 2047 1149 duodecim
2073 1103 2124 1149 le-

168 1176 306 1233 giones
326 1174 605 1233 angelorum?
632 1173 836 1226 Quidam
863 1181 1030 1227 autem,
1056 1187 1080 1217 e
1108 1187 1347 1228 converso,
1374 1172 1722 1217 mutabilitatem
1749 1185 1900 1216 rerum
1922 1183 2038 1230 quae
2064 1169 2127 1214 di-

171 1241 304 1285 vinae
314 1240 626 1299 providentiae
640 1240 955 1298 subjiciuntur,
974 1239 1021 1284 in
1038 1239 1386 1284 mutabilitatem
1408 1239 1587 1284 divinae
1603 1238 1914 1298 providentiae
1938 1246 2130 1285 transtu»-

170 1306 335 1361 lerunt,
356 1307 412 1351 de
430 1307 532 1351 Deo
552 1306 790 1352 carnaliter
803 1309 1059 1360 sentientes,
1071 1306 1193 1365 quod
1216 1306 1342 1350 Deus
1366 1305 1421 1349 ad
1434 1305 1625 1350 modum
1649 1304 1841 1350 carnalis
1858 1304 2058 1351 hominis
2070 1303 2127 1353 sit

168 1373 218 1419 in
230 1387 316 1420 sua
335 1373 568 1419 voluntate
589 1373 833 1428 mutabilis,
846 1383 1005 1418 contra
1021 1372 1143 1432 quod
1158 1373 1319 1417 dicitur
1332 1372 1491 1430 (Num.
1508 1371 1673 1417 XXIII.
1698 1371 1805 1431 19.):
1824 1371 1924 1419 Non
1935 1377 1992 1417 est
2007 1370 2122 1415 Deus

167 1441 376 1495 urbemn,
398 1447 444 1485 ut
463 1442 708 1495 mentiatur,
723 1455 797 1486 nec
823 1442 946 1499 quasi.
960 1441 1078 1498 filius
1103 1440 1295 1493 hominis,
1312 1445 1359 1484 ut
1388 1445 1580 1484 mutetur.
1604 1438 1697 1485 Alii
1711 1449 1828 1483 ‘vero
1856 1436 2126 1495 contingen·

168 1508 474 1554 tiamdivinae
499 1507 810 1567 providentiae
829 1508 1158 1560 subtraxerunt,
1177 1516 1336 1551 contra
1359 1506 1482 1565 quod
1500 1506 1663 1551 dicitur
1687 1504 1882 1564 (Thren.
1901 1504 1978 1549 111.
2010 1503 2125 1563 37.):

165 1576 282 1633 Quis
301 1581 363 1621 ast
385 1576 459 1621 ista
483 1577 556 1634 qui
575 1574 684 1620 dixit
708 1581 755 1620 ut
769 1575 890 1633 fieret
916 1571 1100 1633 aliquid,
1125 1574 1314 1618 Domino
1339 1587 1424 1618 non
1444 1574 1648 1632 jubente?

904 1727 1160 1785 CAPUT
1201 1727 1408 1784 XCIX

174 1864 327 1935 QUOD
368 1863 510 1903 DEUS
550 1864 764 1903 POTEST
806 1864 1037 1903 OPERARI
1092 1863 1334 1903 PRAETER
1374 1862 1625 1902 ORDINEM
1665 1861 1831 1900 REBUS
1873 1859 2118 1900 INDITUM

143 1930 150 1935 ’
236 1944 238 1946 ’
392 1934 774 1978 PRODUCENDO
815 1938 1094 1976 EFFECTUS
1134 1937 1348 1983 ABSQUE
1389 1936 1578 1975 CAUSIS
1619 1931 1897 1975 PROXIMIS.

236 2016 419 2092 ‘Restat
455 2057 609 2093 autem
646 2046 885 2092 ostendere
922 2046 1045 2106 quod
1085 2057 1266 2106 praeter
1305 2045 1514 2090 ordinem
1551 2045 1604 2089 ab
1631 2045 1733 2104 ipso
1769 2044 1902 2088 rebus
1927 2043 2122 2087 inditum

170 2124 308 2174 agere
335 2116 497 2174 possin
526 2114 606 2159 Est
632 2116 760 2159 enim
788 2114 906 2159 ordo
937 2114 1116 2158 divinus
1141 2114 1370 2158 institutus
1396 2114 1444 2157 in
1470 2113 1616 2166 rebus,
1643 2122 1692 2156 ut
1714 2110 1929 2156 inferiora
1952 2124 2034 2170 per
2054 2125 2126 2155 su—

168 2182 349 2242 periora
378 2192 652 2227 moveantur
684 2196 710 2225 a
748 2183 867 2236 Deo,
904 2191 953 2225 ut
993 2194 1128 2240 supra
1163 2183 1231 2238 (c.·
1263 2194 1336 2239 77-
1319 2180 1431 2237 -82)
1469 2179 1640 2224 dictum
1674 2189 1753 2223 est.
1790 2179 1948 2222 Potest
1973 2187 2126 2221 autem
2193 2190 2199 2196 ·

160 2248 296 2294 Deus
326 2249 448 2293 hunc
476 2249 690 2293 ordinem
714 2247 879 2303 facere,
906 2258 955 2293 ut
978 2247 1190 2292 scilicet
1178 2261 1274 2308 ipse
1301 2246 1514 2292 effectum
1542 2245 1777 2322 aliquem
1765 2260 1813 2290 m
1837 2244 2125 2289 inferioribus

75 2361 83 2368 ,
161 2325 396 2375 operetur,
421 2314 536 2359 nihil
567 2314 623 2358 ad
655 2315 745 2359 hoc
779 2325 964 2374 agente
973 2315 1196 2373 superiori
1227 2324 1406 2372 agente.
1438 2314 1491 2357 In
1522 2313 1613 2357 hoc
1648 2313 1768 2357 enim
1785 2311 1952 2356 differt
1982 2325 2125 2370 agens

164 2382 421 2428 secundnm
445 2372 766 2428 necessitatem
792 2393 994 2436 naturae,
1027 2381 1081 2426 ab
1116 2392 1277 2441 agente
1303 2381 1555 2426 secundum
1587 2380 1886 2434 voluntatem,
1918 2380 2040 2456 quod
2068 2379 2122 2423 ab

170 2459 333 2509 agente
354 2450 607 2495 secundum
631 2450 950 2494 necessitatem
975 2459 1164 2494 naturae
1193 2448 1381 2494 effectus
1412 2462 1507 2492 non
1532 2457 1681 2507 potest
1703 2448 1833 2507 sequi.
1853 2447 1943 2491 nisi
1967 2461 2127 2491 secun-

164 2516 496 2561 dun-modum
528 2516 706 2561 virtutis
738 2518 941 2561 activae:
975 2517 1095 2560 unde
1128 2516 1267 2574 agens
1299 2516 1422 2575 quod
1456 2525 1524 2560 est
1559 2515 1787 2559 maximae
1822 2514 1997 2559 virtutis
2028 2528 2123 2558 non

167 2584 319 2641 potest
340 2582 605 2627 immediate
629 2582 881 2641 producere
906 2582 1121 2631 effectum
1139 2581 1339 2641 aliquem
1357 2596 1564 2641 parvum,
1583 2582 1661 2627 sed
1679 2581 1890 2640 producit
1905 2579 2120 2625 effectum

169 2662 280 2695 mae
299 2650 455 2694 virtuti
470 2650 888 2709 proportionatum;
913 2651 960 2694 in
977 2663 1068 2709 quo
1094 2660 1249 2694 tamen
1272 2649 1498 2694 invenitur
1514 2649 1787 2707 quandoque
1810 2648 1960 2692 minor
1980 2649 2122 2692 virtus

170 2717 308 2776 quam
328 2718 378 2760 in
403 2729 563 2770 causa3
596 2725 642 2760 et
670 2716 736 2760 sic
768 2730 848 2775 per
879 2716 1023 2761 multa
1053 2716 1206 2760 media
1231 2716 1420 2760 tendens
1454 2730 1479 2759 a
1513 2729 1650 2759 causa
1673 2728 1887 2773 suprema
1911 2714 2123 2774 provenit

164 2782 334 2842 aliquis
362 2795 528 2842 parvus
562 2781 761 2828 effectus.
788 2783 839 2828 In
874 2793 1038 2841 agente
1069 2793 1223 2829 autem
1254 2796 1335 2841 per
1358 2781 1642 2827 voluntatem
1664 2795 1759 2826 non
1792 2791 1860 2826 est
1890 2782 1979 2825 sic:
2012 2794 2121 2825 nam

171 2862 311 2908 agens
341 2862 422 2908 per
450 2848 734 2894 voluntatem
761 2850 912 2894 statim
935 2849 1031 2893 sine
1063 2849 1219 2893 medio
1251 2859 1401 2907 potest
1426 2848 1678 2906 producere
1704 2861 2041 2907 quemcumque
2060 2847 2123 2891 ef-

169 2916 341 2961 fectum
366 2916 445 2975 qui
474 2929 605 2960 suam
636 2930 730 2961 non
762 2916 953 2960 excedat
982 2916 1221 2970 virtutem;
1255 2914 1411 2959 artifex
1439 2915 1563 2959 enim
1588 2913 1942 2973 perfectissimus
1973 2924 2122 2973 potest

163 2982 319 3028 iacere
350 2996 476 3041 opust
497 2982 632 3042 quale
661 2982 799 3027 faciat
825 2981 984 3027 artifex
1010 2981 1316 3041 imperfectus.
1348 2982 1475 3026 Deus
1509 2992 1662 3026 autem
1694 2990 1906 3040 operatur
1937 2995 2017 3039 per
2046 2995 2125 3025 vo-

171 3049 406 3104 luntatem,
439 3060 483 3095 et
507 3064 600 3094 non
626 3064 706 3109 per
736 3051 1054 3095 necessitatem
1086 3059 1287 3104 naturae,
1316 3058 1364 3093 ut
1396 3063 1530 3106 supra
1556 3048 1676 3107 (Lib.
1703 3048 1762 3092 11.
1789 3061 1827 3093 c.
1855 3050 1947 3107 23.)
1974 3057 2121 3092 osten-

171 3130 276 3162 sum
303 3127 386 3162 est.
410 3117 554 3176 Igitur
579 3119 778 3162 minores
804 3116 1002 3170 effectus,
1030 3116 1107 3175 qui
1127 3115 1240 3160 fiunt
1256 3129 1336 3175 per
1358 3129 1518 3159 causas
1540 3114 1791 3170 inferiores,
1808 3124 1958 3174 potest
1971 3113 2122 3159 facere

162 3183 435 3230 immediate
460 3184 629 3243 absque
661 3183 870 3228 secundis
897 3182 1057 3228 causis.

205 3251 210 3257 '
235 3272 239 3277 =
260 3250 447 3295 Adhuc:
478 3250 619 3295 virtus
652 3250 805 3295 divina
831 3260 1122 3309 comparatur
1154 3249 1209 3293 ad
1233 3263 1394 3294 omnes
1416 3249 1603 3294 virtutes
1630 3250 1814 3303 activas,
1840 3249 1957 3293 sicut
1979 3249 2120 3293 virtus

28 3323 34 3331 ¹
110 3323 114 3325 “
170 3316 437 3368 universalis
464 3317 522 3361 ad
545 3317 732 3362 virtutes
757 3317 1063 3376 particulares,
1089 3317 1206 3361 sicut
1227 3330 1307 3375 per
1327 3316 1584 3375 supradicta
1607 3317 1668 3373 (c.
1695 3313 1765 3374 67.
1785 3324 1830 3360 et
1848 3316 1962 3375 seq.)
1983 3325 2119 3375 patet.

170 3382 324 3428 V‘ntus
350 3393 505 3428 autem
529 3384 679 3429 activa
703 3383 967 3429 universalis
989 3384 1045 3427 ad
1072 3382 1391 3442 particularem
1425 3383 1637 3428 effectum
1663 3382 2011 3441 producendum
2042 3382 2122 3427 de—

170 3450 403 3495 terminari
434 3459 581 3509 potest
613 3450 863 3509 dupliciter.
891 3450 998 3495 Uno
1042 3450 1182 3494 modo
1223 3464 1303 3508 per
1335 3464 1520 3494 causam
1553 3448 1752 3494 mediam
1785 3449 2120 3508 particularem,

159 3517 289 3562 sicut
310 3516 450 3561 virtus
475 3517 627 3562 activa
651 3516 862 3563 coelestis
887 3517 1091 3575 corporis
1123 3517 1448 3561 determinatur
1481 3515 1539 3561 ad
1569 3515 1781 3561 effectum
1815 3515 2120 3575 generationis

158 3582 406 3628 mumanae
432 3597 514 3643 per
532 3583 746 3630 virtutem
766 3582 1101 3644 particularem,
1122 3596 1238 3642 quae
1260 3591 1327 3629 est
1347 3583 1395 3628 in
1420 3583 1609 3639 semine,
1636 3582 1754 3628 sicut
1768 3582 1816 3628 in
1840 3581 2121 3643 syllogismis
