2332 3854
819 225 974 264 Lmen
1013 223 1048 262 1.
1092 222 1212 262 CAP.
1253 221 1402 261 xxw.
2021 219 2082 274 33

135 338 304 383 autem,
329 327 502 374 scilicet
526 340 627 372 esse
651 326 699 371 in
725 335 846 381 actu,
872 336 939 371 est
963 325 1061 385 ipsa
1086 324 1240 369 divina
1265 324 1474 377 essentia,
1507 332 1556 368 ut
1588 337 1723 381 supra
1755 332 1991 367 ostensum
2024 332 2093 367 est

15 368 63 454 ..V
135 397 197 454 (c.
231 395 338 453 22.).
371 394 657 454 Relinquitur
686 406 798 452 ergo
831 393 954 452 quod
985 405 1118 451 supra
1151 391 1355 436 divinum
1386 404 1485 435 esse
1525 389 1640 434 nihil
1670 390 1812 448 possit
1848 389 1966 444 addi,
1998 403 2090 449 quo

133 462 339 523 designet
363 463 511 523 ipsum
536 460 850 520 designatione
875 459 1117 513 essentiali,
1149 458 1264 503 sicut
1288 456 1540 503 differentia
1566 457 1773 516 designat
1796 470 1953 516 genus.

877 612 1131 670 CAPUT
1165 613 1344 668 XXV.

486 748 646 795 QUOD
687 748 828 786 DEUS
869 749 986 787 NON
1027 748 1112 786 SIT
1153 748 1209 787 m
1249 749 1460 794 ALIQuo
1504 748 1732 787 GENERE.

167 913 172 918 ³
226 860 294 906 Ex
318 859 410 905 hoc
437 868 591 904 autern
623 857 678 902 de
704 858 974 902 necessitate
1002 856 1302 911 concluditur,
1330 858 1451 916 quod
1486 858 1610 902 Deus
1642 871 1737 902 non
1768 856 1827 901 sit
1851 857 1898 901 in
1938 857 2091 916 aliquo

137 939 317 988 genere.

230 1008 268 1039 1.
293 993 414 1039 Nam
448 1006 588 1038 omne
614 991 737 1051 quod
770 1002 838 1037 est
863 992 909 1036 in
936 991 1090 1051 aliquo
1117 1005 1299 1050 genere,
1330 991 1468 1036 habet
1500 991 1667 1050 aliquid
1693 991 1739 1035 in
1765 1005 1827 1045 se,
1860 1005 1939 1050 per
1970 992 2092 1050 quod

136 1070 297 1106 natura
323 1060 502 1118 generis
524 1058 783 1117 designetur
809 1058 864 1102 ad
891 1058 1106 1117 speciem.
1132 1057 1259 1102 Nihil
1287 1058 1409 1102 enirn
1437 1066 1503 1102 est
1523 1058 1567 1101 in
1593 1072 1758 1116 genere
1779 1057 1901 1116 quod
1926 1071 2020 1101 non
2038 1057 2096 1101 sit

13 1109 72 1175 ἶ]-
137 1127 184 1173 in
219 1125 372 1186 aliqua
407 1126 503 1184 ejus
529 1125 693 1183 specie.
729 1125 830 1170 Hoc
858 1134 1010 1169 autem
1038 1125 1083 1168 in
1115 1125 1218 1169 Deo
1246 1134 1312 1169 est
1339 1124 1634 1184 impossibile,
1677 1134 1726 1168 ut
1761 1134 1994 1169 ostensum
2028 1133 2096 1168 est

138 1195 203 1254 (c.
227 1194 416 1253 praec.).
443 1191 732 1252 Impossibile
758 1200 825 1236 est
850 1191 985 1250 igitur
1009 1192 1162 1235 Deum
1188 1205 1286 1236 esse
1313 1192 1359 1235 in
1387 1191 1539 1250 aliquo
1567 1205 1746 1250 genere.

235 1274 276 1308 2.
302 1259 535 1319 Amplius:
562 1261 601 1303 si
639 1259 765 1303 Deus
793 1259 848 1303 sit
872 1259 918 1302 in
952 1272 1133 1317 genere,
1171 1268 1248 1302 aut
1274 1267 1341 1302 est
1369 1258 1430 1303 in.
1449 1272 1614 1316 genere
1641 1258 1902 1316 accidentis,
1939 1268 2017 1302 aut
2046 1258 2094 1302 in

144 1341 312 1389 genere
337 1327 626 1372 substantiae.
654 1327 705 1369 In
731 1339 898 1384 genere
926 1325 1171 1370 accidentis
1197 1339 1290 1368 non
1313 1335 1401 1379 est;
1439 1325 1649 1369 accidens
1681 1326 1802 1369 enirn
1825 1339 1920 1369 non
1946 1334 2098 1384 potest

141 1409 240 1442 esse
263 1394 459 1455 primum
480 1407 559 1438 ens
583 1403 627 1437 et
642 1394 788 1452 prima
807 1407 955 1436 causa.
974 1392 1026 1435 In
1049 1405 1214 1450 genere
1236 1393 1370 1436 etiam
1395 1392 1670 1438 substantiae
1693 1406 1791 1436 esse
1807 1406 1901 1436 non
1921 1401 2096 1450 potest3

139 1462 246 1522 quia
276 1459 539 1514 substantia,
565 1473 681 1519 quae
708 1470 775 1504 est
800 1473 956 1517 genus,
982 1472 1075 1502 non
1103 1468 1170 1502 est
1195 1460 1343 1516 ipsum
1371 1472 1493 1512 esse;
1527 1458 1638 1502 alias
1664 1460 1815 1503 omnis
1847 1459 2096 1503 substantia

139 1537 258 1573 esset
285 1541 384 1572 esse
405 1540 554 1579 suum,
581 1536 625 1570 et
655 1526 719 1570 sic
746 1539 841 1569 non
868 1534 988 1569 esset
1012 1534 1249 1568 causatum
1277 1524 1330 1568 ab
1359 1523 1466 1578 alio,
1493 1539 1633 1583 quum
1662 1525 1777 1569 ratio
1804 1525 1982 1583 generis
2009 1525 2097 1568 sal·

138 1603 270 1639 vetur
293 1593 340 1637 in
366 1593 592 1646 omnibus,
619 1606 735 1651 quae
762 1592 842 1636 sub
866 1605 1034 1650 genere
1062 1591 1373 1645 continentur3
1398 1601 1442 1634 et
1467 1591 1531 1635 sic
1558 1590 1682 1635 nulla
1708 1591 1956 1636 substantia
1979 1601 2097 1636 esset

142 1669 327 1706 causata
353 1660 408 1703 ab
435 1658 542 1713 alio,
559 1658 682 1718 quod
710 1672 808 1703 esse
833 1672 927 1702 non
952 1666 1115 1717 potest,
1142 1668 1191 1701 ut
1213 1668 1336 1714 patet
1361 1672 1415 1702 ex
1442 1657 1572 1701 dictis
1595 1659 1656 1716 (c.
1681 1671 1744 1716 13.
1769 1668 1814 1702 et
1844 1657 1946 1715 15.).
1969 1659 2095 1703 Deus

141 1736 294 1772 amem
320 1735 393 1770 estv
411 1726 561 1785 ipsum
590 1739 712 1779 esse;
738 1725 875 1783 igitur
899 1738 994 1768 non
1021 1733 1087 1768 est
1112 1723 1158 1767 in
1187 1723 1341 1783 aliquo
1364 1739 1547 1782 genere.

233 1806 271 1852 3.
295 1792 435 1838 Item:
473 1791 688 1851 quidquid
724 1802 792 1836 est
826 1792 871 1835 in
898 1805 1081 1851 genere,
1108 1793 1361 1836 secundum
1390 1806 1489 1836 esse
1516 1791 1664 1836 differt
1702 1793 1755 1836 ab
1784 1792 1882 1837 aliis
1907 1807 2024 1852 quae
2049 1792 2096 1836 in

138 1859 303 1905 eodem
322 1871 488 1918 genere
505 1867 632 1911 sunt;
650 1857 761 1902 alias
779 1871 924 1916 genus
951 1858 1005 1901 de
1023 1858 1224 1916 pluribus
1247 1873 1342 1902 non
1354 1859 1702 1918 praedicaretur.
1724 1859 1922 1918 Oportet
1943 1869 2096 1903 autem

139 1925 311 1980 omnia,
333 1939 450 1985 quae
475 1925 522 1968 in
548 1925 714 1969 eodem
741 1938 910 1983 genere
927 1933 1044 1978 sunt,
1070 1925 1117 1968 in
1142 1925 1391 1983 quidditate
1414 1926 1593 1983 generis
1621 1927 1892 1981 convenire3
1915 1926 2022 1985 quia
2039 1926 2095 1970 de

141 1992 352 2039 omnibus
378 2005 522 2051 genus
547 1991 594 2035 in
621 1990 730 2050 quod
754 1991 855 2050 quid
875 1998 931 2036 est
956 1991 1255 2050 praedicatur.
1283 1992 1394 2036 Esse
1425 1993 1562 2051 igitur
1595 1993 1834 2052 cujuslibet
1857 1993 1904 2037 in
1930 2006 2097 2052 genere

0 2030 71 2123 ΓΞ]
139 2059 393 2105 exsistentis
418 2068 487 2104 est
515 2067 691 2118 praeter
723 2058 905 2116 generis
937 2058 1248 2117 quidditatem.
1285 2059 1388 2103 Hoc
1415 2070 1568 2104 autem
1600 2061 1647 2104 in
1673 2061 1775 2105 Deo
1814 2059 2097 2120 impossibile

0 2123 71 2195 ’.ἦ
138 2134 232 2180 est;
252 2125 380 2169 Deus
405 2124 542 2183 igitur
566 2126 612 2169 in
639 2138 805 2184 genere
831 2138 924 2168 non
952 2134 1031 2168 est.

171 2224 174 2229 .
225 2205 270 2249 4.
296 2191 530 2251 Amplius:
554 2192 912 2251 unumquodque
939 2192 1193 2238 collocatur
1213 2193 1259 2237 in
1286 2207 1453 2252 genere
1479 2209 1558 2253 per
1584 2195 1809 2239 rationem
1835 2209 1944 2240 suae
1971 2195 2096 2254 quid-

137 2258 314 2314 ditatis3
338 2273 483 2318 genus
511 2269 663 2304 autem
681 2259 966 2318 praedicatur
990 2260 1037 2303 in
1062 2260 1170 2318 quod
1195 2260 1295 2319 quid
1320 2267 1386 2305 est.
1411 2261 1500 2306 Sed
1520 2262 1743 2321 quidditas
1759 2262 1848 2307 Dei
1865 2271 1933 2307 est
1947 2262 2097 2320 ipsum

0 2380 4 2394 ἱ
138 2334 274 2382 janum
300 2339 414 2380 esse,
439 2325 691 2370 secundum
718 2325 841 2384 quod
873 2340 969 2370 non
995 2326 1250 2371 collocatur
1283 2326 1451 2386 aliquid
1483 2329 1530 2372 in
1564 2343 1754 2387 genere3
1788 2329 1895 2388 quia
1926 2329 1989 2374 sic
2017 2342 2096 2372 ens

137 2401 260 2446 emet
289 2405 449 2452 genus,
479 2393 602 2452 quod
633 2392 860 2451 significat
899 2392 1049 2452 ipsum
1083 2407 1196 2438 esse.
1227 2394 1514 2454 Relinquitur
1546 2410 1671 2454 ergo,
1699 2396 1820 2455 quod
1845 2396 1971 2440 Deus
2002 2409 2097 2440 non

135 2458 207 2509 sit.
220 2459 270 2505 in
322 2472 473 2504 enere.

229 2473 370 2580 ngod
399 2535 551 2571 autern
593 2539 672 2571 ens
717 2540 810 2570 non
842 2526 985 2585 possit
1011 2541 1109 2572 esse
1132 2541 1289 2586 genus,
1315 2529 1531 2586 probatur
1571 2543 1651 2588 per
1682 2530 2020 2588 Philosophum
2051 2531 2098 2574 in

137 2589 259 2643 hunc
285 2593 500 2638 modum:
530 2592 580 2636 Si
606 2607 686 2637 ens
719 2601 839 2637 esset
865 2607 1024 2651 genus,
1057 2604 1289 2653 oporteret
1324 2595 1627 2640 differentiam
1653 2597 1854 2656 aliquam
1889 2597 2096 2650 inveniri,

5 2648 7 2651 ’
38 2648 102 2715 ἢ
138 2672 223 2720 per
243 2673 382 2720 quam
404 2660 657 2704 traheretur
683 2659 738 2704 ad
756 2662 978 2719 speciem;
1004 2660 1130 2704 nulla
1157 2671 1308 2705 autern
1326 2661 1577 2707 differentia
1602 2664 1840 2723 participat
1856 2677 2015 2723 genu8‚
2036 2666 2097 2708 ita

139 2724 315 2777 seilicet
347 2725 470 2785 quod
497 2740 642 2785 genus
664 2726 722 2771 sit
746 2726 793 2770 in
819 2726 995 2771 ratione
1022 2726 1328 2782 differentiae;
1355 2730 1459 2787 quia
1496 2730 1560 2773 sic
1589 2744 1732 2788 genus
1759 2740 2004 2789 poneretur
2028 2731 2098 2776 bis

63 2791 187 2846 ,mn
208 2791 482 2838 diffinitione
507 2792 690 2852 speciei.
719 2792 810 2837 Sed
837 2802 1017 2852 oportet
1044 2793 1347 2838 differentiam
1374 2809 1472 2840 esse
1505 2808 1681 2855 praeter
1705 2798 1751 2841 id
1778 2797 1899 2856 quod
1938 2797 2098 2841 intelli-

139 2857 261 2918 gitur
282 2858 329 2904 in
360 2858 536 2903 ratione
569 2859 762 2918 generis.
797 2859 926 2904 Nihil
952 2870 1105 2904 autem
1137 2870 1287 2920 potest
1319 2875 1417 2906 esse
1449 2863 1571 2922 quod
1605 2864 1661 2908 sit
1692 2874 1867 2923 praeter
1896 2864 1941 2908 id
1974 2865 2098 2923 quod

138 2923 405 2985 intelligitur
429 2939 510 2985 per
535 2939 630 2979 ens,
657 2925 696 2970 si
722 2939 801 2969 ens
827 2926 884 2969 sit
910 2926 964 2970 de
990 2926 1224 2971 intellectu
1252 2942 1411 2972 eorum
1440 2929 1495 2973 de
1527 2930 1688 2988 quibus
1721 2931 2031 2990 praedicatur3
2054 2941 2099 2975 et

75 2994 87 3056 ᾗἶ
141 2990 208 3039 sic
233 3005 314 3051 per
337 2990 511 3037 nullam
544 2990 847 3036 differentiam
875 2993 1084 3037 contrahi
1108 3003 1270 3052 potest.
1303 2994 1590 3055 Relinquitur
1611 3011 1721 3056 ergo
1744 2998 1866 3056 quod
1893 3011 1971 3042 ens
2003 3011 2098 3042 non

109 3092 111 3094 -
140 3057 199 3103 sit
235 3071 392 3117 genus.
426 3058 561 3103 Unde
594 3072 647 3103 ex
679 3058 769 3103 hoc
803 3059 859 3104 de
890 3060 1160 3105 necessitate
1193 3061 1495 3118 concluditur,
1527 3064 1649 3123 quod
1680 3065 1806 3108 Deus
1838 3079 1932 3109 non
1964 3065 2021 3109 sit
2050 3064 2098 3108 in

74 3127 90 3183 ἦ
140 3137 323 3184 genere.

227 3189 295 3235 Ex
329 3190 421 3235 hoc
444 3191 581 3236 etiam
601 3201 726 3250 patet
750 3193 873 3251 quod
897 3193 1023 3239 Deus
1050 3193 1230 3239 diffiniri
1255 3209 1350 3240 non
1375 3207 1539 3256 potest,
1562 3197 1668 3256 quia
1704 3197 1855 3242 omnis
1884 3197 2095 3243 diffinitio

120 3266 210 3315 ‚est
233 3270 288 3302 ex
313 3270 480 3322 genere
502 3268 546 3302 et
566 3257 844 3304 differentiis.

228 3323 360 3369 Patet
384 3323 537 3379 etiam,
563 3325 684 3384 quod
701 3340 795 3370 non
822 3335 970 3385 potest
987 3327 1318 3373 demonstratio
1337 3328 1420 3374 de
1409 3344 1509 3389 ipso
1536 3330 1647 3384 fieri,
1669 3331 1756 3375 nisi
1772 3346 1852 3390 per
1870 3331 2099 3387 effectum,

141 3389 247 3449 quia
285 3390 559 3450 principium
599 3391 1002 3439 demonstrationis
1034 3404 1102 3439 est
1133 3394 1341 3440 diffinitio
1375 3398 1581 3455 ejusdem
1613 3397 1669 3442 de
1702 3412 1793 3458 quo
1827 3399 1876 3444 fit
1912 3399 2101 3446 demon·

114 3500 122 3512 ,
141 3455 315 3502 stratio.

167 3545 168 3550 =
228 3522 387 3569 Potest
411 3532 563 3568 autem
597 3523 734 3570 alicui
763 3525 906 3572 videri
939 3528 1077 3587 quod,
1110 3530 1318 3588 quamvis
1355 3543 1529 3574 nomen
1555 3532 1832 3578 substantiae
1858 3533 1962 3579 Deo
1999 3548 2099 3593 pro-

143 3588 240 3648 prie
262 3591 508 3636 convenire
533 3604 627 3635 non
652 3593 809 3650 possit,
835 3594 939 3653 quia
967 3595 1093 3640 Deus
1133 3610 1228 3641 non
1260 3596 1432 3643 substat
1472 3598 1796 3655 accidentibus,
1838 3615 1908 3646 res
1944 3611 2099 3646 tamen

275 3690 312 3727 S.
337 3691 490 3728 Tuomst
517 3693 650 3727 Summa
674 3700 782 3728 eontra
810 3694 965 3731 Gentiles.
1950 3714 1964 3747 3
