2294 3854
829 229 982 269 Lmen
1021 229 1098 269 111.
1141 230 1261 270 cu».
1303 229 1410 269 xv1.
1993 219 2097 287 669

144 328 294 443 ¹32³st
317 338 362 374 et
384 327 613 390 putrefieri
637 340 843 390 possunt,
869 331 1034 377 eodem
1061 331 1202 376 modo
1224 342 1270 377 et
1294 331 1453 379 ordine
1480 346 1532 378 ac
1559 332 1596 378 si
1621 332 1869 378 substantia
1895 334 2022 394 panis
2055 344 2101 380 et

80 414 102 440 a
154 402 158 405 ’
224 394 238 408 “
264 395 456 442 adesset.

858 570 1113 627 CAPUT
1154 573 1384 638 LXVII.

76 669 82 679 ³
155 705 450 751 ‚wsonwrlo
490 704 683 745 EORUM
722 704 871 750 QUAE
911 705 1336 759 OBJICIEBANTUR
1373 707 1445 746 Ex
1484 709 1659 747 PARTE
1697 707 2044 749 FRACTIOMS.

265 789 269 802 ⁴‘
662 813 766 871 (111.
792 819 910 874 part.
943 821 1093 873 quaest.
1126 816 1348 860 LXXVII.
1381 823 1463 862 art.
1497 818 1572 877 7·)-

155 924 174 947 Ψ
191 931 199 947 ⁵
230 925 391 971 Restat
415 935 568 970 autem
595 938 648 970 ea
674 938 790 984 quae
824 925 879 969 ad
913 925 1116 984 quintam
1144 926 1453 972 difficultatem
1485 929 1712 988 pertinent
1742 928 1979 988 speculari.
2005 930 2101 975 Ma-

142 989 456 1040 nifestumest'
487 1001 640 1037 autem
672 992 923 1036 secundum
957 993 1185 1051 praedicta
1218 995 1338 1052 quod
1372 993 1603 1039 fractionis
1643 996 1895 1054 subiectum
1926 1009 2099 1056 ponere

56 1051 70 1103 Ῐ
94 1052 95 1055 ’
142 1056 386 1127 ᾔόεςιιωυε
411 1058 719 1103 dimensiones
745 1071 825 1117 per
848 1071 897 1102 se
923 1059 1240 1113 subsistentes;
1267 1074 1350 1103 nec
1378 1070 1547 1114 tamen,
1572 1061 1836 1119 hujusmodi
1856 1062 2101 1107 dimensio-

15 1154 17 1157 .
62 1151 68 1179 3
141 1120 275 1173 nibus
303 1122 479 1180 fractis,
512 1123 735 1183 frangitur
771 1124 1019 1168 substantia
1052 1125 1256 1184 corporis
1294 1125 1480 1181 Christi,
1515 1141 1571 1171 eo
1606 1129 1727 1187 quod
1759 1139 1907 1173 totum
1934 1142 2099 1188 corpus

43 1191 73 1251 g
143 1175 318 1252 Christi
336 1191 417 1237 sub
439 1191 640 1251 qualibet
663 1191 874 1251 portione
899 1200 1145 1235 remaneat.
1171 1191 1310 1243 Quod
1338 1194 1536 1251 quidem,
1562 1195 1646 1239 etsi
1671 1194 1853 1239 difficile
1876 1195 2097 1249 videatur,

57 1252 73 1297 f
140 1252 312 1314 &niem
335 1257 588 1303 secundum
621 1270 675 1302 ea
696 1272 813 1317 quae
846 1259 1096 1317 praemissa
1127 1269 1229 1302 sunt
1246 1259 1305 1317 (c.
1325 1258 1434 1316 64),
1448 1262 1611 1319 exponi
1637 1261 1785 1305 habet.
1811 1261 1998 1306 Dictum
2031 1270 2100 1308 est

140 1319 267 1372 einim
284 1324 426 1385 Tsupra
451 1323 574 1385 quod
600 1338 765 1384 corpus
791 1324 964 1371 Christi
991 1325 1060 1369 est
1083 1324 1130 1368 in
1146 1324 1237 1368 hoc
1256 1336 1542 1370 sacramento
1561 1341 1640 1386 per
1657 1327 1950 1372 substantiam
1969 1341 2099 1373 suam

51 1400 59 1407 ‘
143 1384 202 1437 Ex
221 1390 932 1446 bisacramenti3'dimensiones
965 1400 1118 1435 autem
1151 1391 1355 1450 corporis
1387 1391 1558 1437 Christi
1591 1404 1694 1437 sunt
1723 1394 1786 1437 ibi
1821 1407 1877 1439 ex
1906 1394 2100 1440 naturali

13 1463 19 1518 j
52 1459 74 1533 ⁵,
142 1451 501 1504 imcomitantia
519 1464 664 1518 quam
698 1457 753 1502 ad
779 1458 1078 1502 substantiam
1103 1458 1286 1512 habent,
1313 1473 1337 1503 e
1370 1461 1598 1505 contrario
1626 1462 1667 1505 ei
1693 1462 1943 1506 secundum
1975 1462 2099 1522 quod

143 1522 597 1586 &orpus'n'aturaliter
621 1534 690 1570 est
713 1524 762 1569 in
792 1524 926 1579 loco;
951 1538 1059 1568 nam
1093 1538 1258 1584 corpus
1289 1526 1552 1571 naturaliter
1577 1538 1644 1572 est
1674 1528 1719 1572 in
1752 1528 1874 1583 loco,
1900 1529 2100 1574 median·

47 1584 73 1629 Ϊ·
140 1587 260 1638 tibus
283 1588 656 1646 dimensionibus,
681 1591 842 1651 quibus
868 1590 975 1644 loco
1003 1602 1411 1636 commensuratur.
1439 1592 1546 1637 Alio
1571 1604 1722 1639 autem
1741 1596 1882 1639 modo
1899 1609 1946 1640 se
1962 1596 2100 1640 habet

142 1656 312 1718 aliquid
338 1657 631 1703 suBstantiale
658 1658 713 1702 ad
738 1655 794 1702 id*
816 1658 863 1701 in
895 1671 988 1717 quo
1019 1668 1101 1712 est,
1135 1668 1180 1702 et
1211 1658 1302 1702 alio
1339 1659 1481 1703 modo
1514 1660 1682 1719 aliquid
1720 1672 1965 1719 quantum;
1989 1675 2099 1706 nam

142 1724 537 1786 quantum'totum
562 1725 625 1768 ita
650 1734 720 1769 est
742 1724 789 1768 in
816 1724 970 1784 aliquo
995 1734 1095 1769 toto
1121 1725 1243 1784 quod
1268 1734 1416 1769 totum
1444 1740 1538 1770 non
1565 1736 1632 1770 est
1657 1727 1702 1770 in
1725 1737 1872 1786 parte3
1896 1729 1974 1772 sed
1995 1742 2099 1787 pars

140 1788 187 1836 in‘
212 1791 354 1852 parte,
379 1789 494 1835 sicut
518 1800 667 1835 totum
693 1792 738 1850 in
756 1800 878 1845 toto;
905 1791 1024 1835 unde
1047 1801 1092 1836 et
1119 1805 1284 1850 corpus
1309 1792 1514 1836 naturale
1541 1793 1603 1836 sic
1631 1803 1699 1837 est
1723 1794 1768 1837 in
1794 1803 1893 1838 toto
1910 1794 2018 1839 loco
2034 1805 2100 1839 to-

139 1856 254 1912 tum,
279 1855 405 1917 quod
426 1870 521 1901 non
547 1867 615 1902 est
638 1867 787 1901 totum
808 1856 1077 1916 in-qualibet
1102 1867 1227 1916 parte
1258 1858 1365 1912 loci,
1392 1859 1469 1902 sed
1496 1870 1644 1918 partes
1672 1861 1875 1919 corporis
1899 1862 2098 1919 partibus

140 1923 235 1969 loci
260 1933 483 1983 aptantur,
510 1937 566 1982 eo
593 1925 714 1983 quod
742 1924 875 1968 estin
902 1924 1007 1968 loco
1034 1925 1338 1969 mediantibus
1364 1926 1735 1970 dimensionibus.
1764 1928 1814 1971 Si
1839 1938 1990 1972 autem
2025 1928 2100 1972 ali·

141 1990 263 2052 quod
284 1990 578 2034 substantiale
604 1991 660 2034 sit
685 1990 731 2033 in
759 1989 922 2049 aliquo·
939 2000 1038 2034 toto
1067 2001 1232 2045 totum,
1260 1991 1398 2036 etiam
1424 2002 1571 2036 totum
1600 2003 1666 2037 est
1692 1994 1736 2036 in
1760 1994 1958 2053 qualibet
1974 2005 2099 2053 parte

59 2062 63 2069 ’
141 2058 252 2115 ejus,
279 2056 395 2100 sicut
417 2067 515 2100 tota
541 2063 702 2100 natura
734 2069 777 2100 et
809 2058 984 2116 species
1017 2071 1162 2116 aquae
1195 2061 1240 2101 in
1273 2058 1472 2117 qualibet
1504 2071 1628 2118 parte
1657 2073 1800 2118 aquae
1827 2072 1907 2116 est,
1934 2073 1978 2105 et
2001 2072 2099 2105 tota

139 2123 294 2169 anima
320 2128 388 2167 est
412 2124 458 2166 in
485 2123 684 2182 qualibet
711 2124 916 2181 corporis
933 2135 1071 2182 parte.
1093 2124 1219 2177 Quia
1245 2127 1378 2183 igitur
1407 2121 1571 2184 corpus
1599 2126 1768 2170 Christi
1793 2137 1858 2171 est
1883 2128 1928 2174 in
1955 2142 2100 2171 sacra-

139 2199 297 2235 mento
311 2190 485 2234 ratione
502 2204 610 2233 suae
627 2190 918 2243 substantiae,
944 2191 989 2234 in
1017 2205 1155 2250 quam
1179 2205 1398 2235 conversa
1417 2203 1484 2235 est
1501 2193 1746 2236 substantia
1770 2194 1912 2252 panis,
1930 2194 2100 2238 dimen-

139 2246 349 2302 sionibus
367 2257 464 2315 ejus
490 2257 792 2311 manentibus,
820 2258 936 2301 sicut
955 2268 1052 2301 tota
1077 2259 1252 2317 species
1274 2260 1401 2316 panis
1429 2269 1524 2303 erat
1550 2260 1629 2302 sub
1658 2260 1858 2318 qualibet
1883 2272 2007 2319 parte
2040 2261 2100 2304 di-

140 2321 448 2376 mensionum,
480 2316 542 2367 i'ta
574 2323 802 2382 integrum
830 2323 1003 2370 Christi
1029 2338 1194 2383 corpus
1229 2335 1297 2369 est
1328 2325 1409 2370 sub
1438 2325 1636 2384 qualibet
1668 2336 1792 2385 parte
1819 2327 2097 2371 earumdem.

138 2386 250 2444 Non>
272 2386 411 2448 igitur
435 2389 598 2434 fractio
625 2389 702 2450 illa
724 2403 804 2451 seu
831 2390 993 2435 divisio
1022 2392 1200 2450 attingit
1227 2392 1282 2438 ad
1309 2406 1474 2450 corpus
1501 2392 1687 2446 Christi,
1713 2402 1761 2436 ut
1789 2393 1845 2437 sit
1870 2394 1914 2436 in
1940 2393 2021 2437 illo
2047 2394 2100 2438 si·

140 2453 219 2501 ἀπ’
240 2455 289 2500 in
313 2453 543 2515 subjecto3
569 2455 647 2500 sed
685 2457 939 2516 subjectum
972 2459 1069 2516 ejus
1101 2468 1204 2502 sunt
1236 2457 1544 2502 dimensiones
1571 2458 1699 2517 panis
1731 2458 1802 2503 vel
1835 2459 1926 2502 vini
1951 2473 2098 2503 rema·

140 2521 315 2580 dentes,
339 2521 531 2581 sicut'et'
550 2521 1076 2569 aliorumaccidentium
1101 2524 1270 2568 ibidem
1297 2525 1630 2569 remanentium
1665 2525 1859 2570 diximus
1890 2539 1966 2569 eas
1999 2539 2096 2572 esse

141 2586 412 2648 subjectum.
623 2594 625 2596 ’

830 2736 1095 2795 CAPUT
1138 2739 1395 2794 LXVIII.

496 2872 740 2912 SOLUTIO
781 2873 1194 2913 AUCTORITATIS
1237 2874 1406 2912 SUPRA
1445 2874 1748 2913 INDUCTAE.

227 2979 315 3024 rHis
336 2978 473 3038 igitur
503 2979 838 3026 difficultatibus
869 2982 1072 3035 remotis,
1100 2981 1389 3025 manifestum
1418 2991 1484 3025 est
1510 2982 1631 3039 quod
1659 2981 1702 3024 id
1730 2981 1850 3039 quod
1885 2982 2096 3028 ecclesia-

139 3045 250 3091 stica
275 3047 459 3091 traditio
484 3047 621 3092 habet
645 3048 767 3092 circa
793 3059 1130 3092 sacramentum
1154 3048 1305 3091 altaris
1327 3048 1440 3091 nihil
1455 3049 1656 3092 continet
1674 3048 1954 3107 impossibile
1975 3050 2096 3105 Deo,

139 3113 397 3174 quiaeomnia
429 3123 592 3172 potest
623 3114 721 3159 Nec
755 3114 893 3158 etiam
927 3125 1087 3158 contra
1118 3114 1347 3158 Ecclesiae
1374 3115 1664 3158 traditionem
1692 3125 1759 3158 est
1784 3115 1973 3159 verbum
2005 3117 2097 3162 Do·

138 3177 255 3222 mini
277 3179 468 3224 dicentis
494 3180 680 3237 (Joann.
707 3180 786 3225 VI.
812 3180 906 3237 63.)
933 3181 989 3224 ad
1017 3180 1278 3238 discipulos,
1305 3181 1380 3238 qui
1398 3182 1453 3223 de
1471 3181 1556 3223 hac
1576 3180 1783 3224 doctrina
1800 3182 2098 3233 scandalizari

138 3244 428 3290 videbantur:
466 3247 599 3291 Verba
625 3261 729 3305 quae
754 3261 825 3305 ego
859 3248 1016 3291 locutus
1041 3261 1129 3290 sum
1161 3248 1295 3298 vobis,
1323 3249 1507 3304 spiritus,
1536 3254 1575 3291 at
1593 3249 1682 3291 vita
1705 3255 1814 3292 sunt.
1843 3248 1946 3293 Non
1972 3252 2096 3294 enim

138 3322 220 3369 per
242 3311 334 3356 hoc
361 3313 483 3356 dedit
507 3311 762 3371 intelligere
788 3313 909 3371 quod
937 3327 1043 3355 vera
1067 3326 1171 3355 caro
1194 3313 1337 3356 suain
1356 3313 1446 3355 hoc
1464 3324 1753 3357 sacramento
1781 3315 2096 3360 manducanda

138 3372 345 3422 fidelibus
366 3390 464 3434 ¹nort
488 3380 754 3432 traderetur,
780 3380 858 3422 sed
883 3379 989 3437 quia
1012 3393 1105 3421 non
1131 3379 1319 3421 traditur
1345 3379 1661 3423 manducanda
1679 3380 1933 3434 carnaliter,
1951 3392 1999 3427 ut
2015 3382 2099 3428 sci-

138 3441 261 3498 licet,
282 3443 403 3489 sicut
429 3444 506 3489 alii
531 3444 618 3489 cibi
645 3443 864 3498 carnales,
890 3446 935 3487 in
957 3444 1139 3503 propria
1165 3444 1315 3501 specie
1342 3444 1586 3489 dilacerata
1610 3456 1878 3500 sumeretur,
1895 3449 1971 3492 sed
1989 3449 2096 3507 quia

138 3506 341 3569 quodam
362 3510 582 3570 spirituali
603 3510 746 3555 modo
763 3510 958 3555 sumitur
977 3519 1156 3569 praeter
1176 3511 1551 3556 consuetudinem
1569 3510 1763 3557 aliorum
1782 3513 1988 3560 ciborum
2005 3528 2098 3559 car-

138 3573 353 3622 nulium..
