2332 3854
817 236 971 276 LIBER
1011 237 1083 276 lv.
1126 237 1247 276 CAP.
1289 235 1420 274 xvn.
1999 235 2104 290 579

145 342 298 388 autem
331 341 475 385 sancti
506 338 694 398 Spiritui
728 338 924 394 Sancto;
955 339 1065 384 dicit
1097 339 1221 385 enim
1253 336 1504 398 Apostolus
1537 335 1757 396 (Philipp.
1788 336 1866 380 111.
1905 335 1987 395 3.):
2021 336 2110 381 Nos

141 421 282 455 sumus
301 407 578 461 circumcisio,
604 407 676 464 qui
700 406 880 465 Spiritui
912 407 1004 451 Deo
1035 409 1238 451 servimus
1247 421 1265 464 ;
1301 416 1359 459 et,
1391 405 1498 449 licet
1529 403 1715 464 quidam
1747 402 1848 446 libri
1880 403 2102 447 habeant:

147 474 236 534 Qui
255 476 406 535 spiritu
435 474 615 518 Domini
637 474 852 527 servimus,
881 483 1034 518 tamen
1062 474 1214 532 graeci
1239 472 1336 518 libri
1361 483 1417 518 -et
1442 472 1719 532 antiquiores
1751 470 1883 515 latini⁴
1906 471 2102 515 habent:

145 542 237 600 Qui
259 541 438 600 Spiritui
468 540 560 583 Deo
583 540 808 591 servimus;
837 549 882 584 et
908 554 962 584 ex
988 542 1087 599 ipso
1120 554 1287 598 graeco
1315 549 1501 600 apparet
1526 538 1648 598 quod
1676 537 1765 583 hoc
1799 537 1855 581 de
1890 537 2106 582 servitute

141 607 300 653 latriae
330 605 677 667 intelligendum
704 615 784 660 est,
810 606 1040 666 quae‘soli
1066 607 1168 651 Deo
1195 607 1394 652 debetur.
1422 606 1499 651 Est
1525 606 1661 664 igitur
1688 604 1880 666 Spiritus
1908 605 2105 650 Sanctus

145 688 279 720 verus
302 673 444 727 Deus,
470 673 543 718 cui
568 673 698 718 latria
724 673 926 718 debetur.

160 764 162 769 v
235 740 422 785 Adhuc:
445 738 728 784 sanctificare
757 739 969 784 homines
993 741 1225 799 proprium
1245 740 1331 784 Dei
1353 753 1466 799 opus
1487 748 1553 784 est
1572 755 1582 793 ;
1609 738 1772 783 dicitur
1789 738 1914 782 enim
1937 737 2106 794 (Levit.

147 807 292 852 XXII.
324 806 412 866 9.):
444 806 532 863 Ego
565 807 790 859 Dominus,
823 806 896 865 qui
925 808 1136 863 sanctifico
1168 822 1253 851 vos.
1287 806 1366 850 Est
1398 816 1550 850 autem
1578 806 1770 864 Spiritus
1799 805 1993 849 Sanctus
2027 804 2106 863 qui

147 873 421 926 sanctificat3
455 873 562 917 dicit
594 873 719 916 enim
751 873 1001 931 Apostolus
1037 874 1090 930 (I.
1127 873 1337 917 Corinth.
1366 873 1443 916 VI.
1477 876 1583 930 11.):
1613 873 1762 917 Abluti
1792 878 1829 917 et
1856 872 2110 930 sanctificati

147 942 258 995 estis,
277 940 495 998 justificati
511 940 616 992 estis,
636 941 680 982 in
698 941 863 983 nomine
880 940 1061 983 Domini
1086 942 1216 983 nostri
1235 941 1331 996 sesu
1349 939 1523 992 Christi,
1550 946 1586 983 et
1607 941 1651 982 in
1669 940 1828 998 Spiritu
1845 939 1931 983 Dei
1946 939 2080 982 nostri
2089 953 2106 990 ,⁰

149 1015 194 1052 et
219 1006 297 1063 (ΙΙ.
325 1004 534 1050 Thessal.
561 1006 618 1048 II.
652 1006 738 1063 13.)
767 1005 953 1049 dicitur:
982 1006 1119 1064 Elegit
1139 1021 1212 1051 nos
1238 1007 1352 1051 Deus
1369 1007 1585 1064 primitias
1611 1008 1656 1049 in
1678 1006 1865 1059 salutem,
1893 1006 1939 1048 in
1962 1005 2112 1050 sancti-

140 1075 339 1130 ficatione
362 1074 532 1132 spiritus
557 1078 594 1116 et
614 1072 693 1129 fide
718 1074 920 1116 veritatis.
951 1073 1147 1131 Oportet
1169 1073 1304 1131 igitur
1333 1073 1551 1130 Spiritum
1580 1068 1799 1116 Sanctum
1822 1072 1974 1115 Deum
1998 1084 2112 1116 esse.

238 1138 475 1199 Amplius:
508 1138 623 1183 sicut
653 1139 744 1182 vita
777 1149 965 1183 naturae
1002 1139 1208 1198 corporis
1242 1150 1308 1183 est
1341 1153 1420 1198 per
1447 1140 1664 1192 animam,
1697 1139 1760 1182 ita
1791 1139 1883 1182 vita
1915 1138 2112 1196 justitiae

149 1206 289 1267 ipsius
321 1206 502 1250 animae
534 1215 601 1249 est
632 1219 713 1264 per
744 1206 920 1260 Deum3
954 1206 1073 1250 unde
1107 1206 1334 1250 Dominus
1367 1206 1473 1249 dicit
1507 1206 1696 1263 (Joann.
1731 1204 1808 1248 VI.
1845 1205 1956 1262 58.):
1997 1205 2114 1250 Sicut

149 1275 344 1319 misitme
366 1274 515 1317 vivens
540 1272 677 1325 Pater,
705 1279 743 1317 et
775 1287 843 1331 ego
869 1274 969 1316 vivo
984 1279 1163 1332 propter
1195 1274 1363 1318 Patrem
1377 1288 1393 1324 ‚⁶
1427 1278 1464 1317 et
1489 1274 1560 1330 qui
1592 1271 1820 1316 manducat
1849 1287 1928 1326 me,
1962 1277 1999 1316 el
2029 1273 2116 1331 ipsc

149 1332 267 1385 vivet
281 1345 456 1400 propter
476 1354 551 1383 me.
580 1339 854 1396 Huiusmodi
883 1348 1035 1383 autem
1062 1341 1153 1383 vita
1180 1349 1247 1384 est
1272 1352 1352 1398 p'er
1379 1340 1598 1399 Spiritum
1627 1338 1871 1383 Sanctum:
1895 1337 2014 1382 unde
2036 1338 2116 1382 ibi-

152 1406 255 1451 dem
283 1406 505 1450 subditur:
536 1406 717 1465 Spiritus
738 1412 806 1457 est,
835 1407 909 1464 qui
932 1407 1149 1461 vivificat,·
1177 1416 1223 1450 et
1249 1406 1406 1464 (Rom.
1434 1405 1556 1449 VIII.
1588 1405 1676 1462 18.)
1700 1404 1808 1448 dicit
1829 1404 2109 1462 Apostolus:

155 1473 202 1519 Si
238 1474 388 1532 spiritu
410 1473 531 1532 sacta
562 1474 699 1517 carnis
730 1473 1100 1529 mortificaveritis,
1133 1473 1294 1517 vivetis.
1330 1472 1522 1530 Spiritus
1555 1485 1666 1530 ergo
1699 1471 1893 1515 Sanctus
1931 1471 2110 1516 divinae

151 1546 339 1584 naturae
362 1549 442 1583 est.

189 1599 192 1602 ’
241 1606 505 1650 Praeterea:
532 1606 761 1650 Dominus
786 1606 832 1649 in
861 1616 1183 1664 argumentum
1210 1619 1318 1650 suae
1346 1605 1589 1649 divinitatis
1617 1615 1777 1649 contra
1798 1605 2011 1663 Judaeos,
2035 1605 2113 1664 qui

78 1699 80 1701 ·
151 1672 372 1736 sustinere
396 1686 490 1715 non
513 1682 720 1731 poterant
746 1683 794 1716 ut
820 1686 868 1716 se
895 1672 1135 1731 aequalem
1161 1673 1264 1716 Deo
1297 1672 1479 1726 faceret,
1513 1673 1671 1716 asserit
1701 1672 1747 1714 in
1781 1686 1829 1716 se
1862 1686 1960 1716 esse
1993 1681 2113 1716 resu-

151 1732 340 1784 scitandi
364 1740 591 1792 virtutem,
619 1739 772 1783 dicens
800 1738 988 1796 (Joann.
1015 1739 1070 1782 V.
1099 1740 1216 1795 21.):
1247 1740 1364 1784 Sicut
1386 1740 1512 1783 Pater
1541 1741 1709 1783 suscitat
1734 1745 1919 1784 mortuos
1940 1746 1977 1783 et
2001 1740 2111 1783 vivi-

140 1807 263 1867 ficat,
288 1808 346 1851 sic
370 1812 409 1850 et
432 1806 571 1850 Filius
601 1820 699 1865 quos
727 1806 822 1850 vult
850 1806 1052 1861 vivificat.
1085 1805 1239 1850 Virtus
1274 1815 1426 1850 autern
1457 1806 1768 1850 resuscitativa
1802 1806 1857 1849 ad
1892 1806 2112 1865 Spiritum

155 1873 376 1918 Sanctum
401 1874 616 1931 pertinen
643 1872 752 1916 dicit
777 1872 898 1916 enim
926 1871 1179 1931 Apostolus
1204 1873 1362 1933 (Rom.
1384 1873 1506 1916 VIII.
1534 1887 1550 1916 1
1566 1874 1645 1926 1.):
1666 1872 1713 1917 Si
1728 1874 1896 1932 spiritus
1916 1876 2018 1932 ejus,
2041 1874 2120 1932 qui

154 1941 372 1986 suscitavit
386 1940 527 1997 Jesum
559 1939 774 1983 Christum
800 1953 827 1984 a
855 1941 1044 1993 mortuis,
1071 1940 1234 1984 habitat
1263 1941 1307 1983 in
1333 1941 1466 1993 vobis,
1491 1941 1563 1999 qui
1586 1941 1803 1984 suscitavit
1827 1941 1967 1996 Jesum
1991 1939 2114 1984 Chri-

155 2014 264 2053 stum
295 2021 323 2052 a
353 2008 529 2051 mortuis
557 2007 796 2065 vivificabit
820 2012 859 2051 et
882 2007 1082 2051 mortalia
1109 2014 1286 2066 corpora
1314 2013 1468 2060 vestra,
1491 2012 1667 2066 propter
1691 2007 1995 2052 inhabitantem
2023 2007 2114 2067 Spi-

157 2077 287 2120 ritum
317 2076 403 2132 ejus
433 2075 478 2117 in
500 2075 632 2118 vobis.
661 2073 851 2133 Spiritus
878 2087 988 2131 ergo
1019 2073 1211 2118 Sanctus
1239 2083 1307 2118 est
1332 2074 1510 2118 divinae
1537 2083 1738 2118 naturae.

246 2138 384 2186 Item:
413 2141 584 2184 creatio
610 2139 750 2184 solius
781 2140 870 2184 Dei
897 2154 1010 2199 opus
1034 2150 1114 2194 est,
1141 2150 1190 2184 ut
1215 2154 1349 2200 supra
1375 2150 1611 2185 ostensum
1634 2150 1702 2184 est
1723 2141 1843 2199 (Lib.
1867 2141 1924 2184 II.
1949 2156 1986 2184 c.
2007 2142 2115 2198 21.).

158 2199 359 2253 Pertinet
374 2217 525 2253 autem
543 2207 713 2251 creatio
732 2206 786 2250 ad
806 2206 1024 2265 Spiritum
1045 2207 1290 2262 Sanctum3
1318 2208 1480 2251 dicitur
1501 2207 1624 2251 enim
1648 2207 1838 2265 (Psalm.
1858 2206 1978 2252 CIII.
2003 2207 2118 2266 30.):

157 2276 310 2321 Emitte
342 2275 546 2334 Spiritum
588 2279 722 2326 tuum,
756 2279 792 2318 et
823 2275 1105 2331 creabuntur5
1143 2284 1186 2318 et
1223 2273 1333 2330 (Job
1361 2274 1573 2317 XXXIII.
1610 2275 1674 2331 4.)
1713 2274 1895 2317 dicitur:
1939 2274 2121 2334 Spiritus

157 2342 243 2387 Dei
263 2341 370 2400 fecit
398 2355 492 2398 me5
518 2350 562 2384 et
589 2340 752 2397 (Eccli.
774 2340 808 2384 I.
834 2340 898 2400 9.)
926 2339 1089 2384 dicitur
1121 2340 1177 2384 de
1210 2341 1336 2384 Deo:
1371 2341 1459 2400 Ipse
1491 2343 1650 2386 creavit
1675 2342 1810 2395 illam,
1845 2340 2020 2386 scilicet
2053 2355 2119 2386 sa-

157 2408 391 2470 pientiam,
416 2408 580 2467 Spiritu
606 2408 770 2452 Sancto.
798 2406 877 2451 Est
903 2420 1012 2466 ergo
1040 2407 1236 2465 Spiritus¹
1260 2407 1454 2452 Sanctus
1486 2408 1665 2452 divinae
1691 2418 1894 2452 naturae.

172 2502 175 2504 -
249 2474 438 2519 Adhuc:
461 2473 712 2533 Apostolus
729 2473 839 2518 dicit
855 2474 911 2532 (Ι.
931 2473 1138 2518 Corinth.
1158 2474 1213 2517 II.
1238 2475 1350 2530 10.):
1380 2475 1564 2533 Spiritus
1581 2477 1725 2519 onmia
1744 2481 1973 2528 scrutatur,
1997 2477 2122 2520 etiam

154 2540 373 2602 profunda
397 2541 493 2585 Dei:
524 2541 631 2597 Quis
661 2541 772 2585 enim
799 2541 1014 2584 hominum
1040 2542 1117 2586 scit
1141 2554 1245 2599 quae
1277 2547 1370 2585 sunt
1402 2542 1597 2594 hominis,
1630 2543 1711 2585 nisi
1740 2543 1912 2600 spiritus
1944 2542 2123 2586 hominis

161 2609 298 2667 quiin
322 2609 411 2667 ipso
433 2609 527 2652 est?
557 2607 625 2651 Ita
656 2612 692 2651 et
716 2620 820 2665 quae
848 2607 932 2651 Dei
956 2613 1051 2651 sunt
1075 2621 1209 2650 memo
1233 2609 1438 2665 cognovit,
1467 2609 1547 2651 nisi
1573 2608 1752 2666 Spiritus
1774 2609 1871 2651 Dei.
1902 2609 2124 2667 Compre-

160 2674 360 2719 hendere
386 2682 539 2717 autem
565 2673 722 2717 omnia
747 2671 970 2732 profunda
995 2673 1083 2716 Dei
1109 2687 1203 2716 non
1235 2683 1303 2716 est
1330 2673 1518 2730 alicujus
1547 2684 1806 2719 creaturae:
1841 2676 1962 2733 quod
1996 2684 2121 2734 patet

162 2754 217 2786 ex
241 2740 332 2785 hoc
358 2739 480 2799 quod
507 2740 736 2784 Dominus
762 2739 869 2783 dicit
901 2738 1084 2796 (Matth.
1111 2739 1189 2782 XI.
1218 2740 1332 2796 27.):
1363 2741 1494 2783 Nemo
1520 2742 1639 2783 novit
1666 2740 1826 2784 Filium
1851 2742 1933 2785 nisi
1965 2741 2118 2794 Pater;

162 2816 289 2867 neque
310 2808 480 2852 Patrem
505 2808 594 2865 quis
618 2808 752 2860 novit,
784 2807 867 2850 nisi
891 2806 1066 2850 Filius?
1098 2815 1142 2849 et
1172 2805 1279 2864 (Isa.
1307 2805 1473 2850 XXIV.
1507 2805 1594 2863 16.)
1628 2821 1680 2850 ex
1714 2815 1908 2866 persona
1941 2808 2030 2853 Dei
2061 2808 2127 2852 di-

164 2874 301 2920 eitur:
330 2874 538 2919 Secretum
559 2888 696 2918 meum
719 2873 834 2916 mihi.
864 2872 984 2930 Ergo
1013 2872 1204 2931 Spiritus
1232 2871 1425 2916 Sanctus
1451 2886 1546 2916 non
1573 2883 1640 2916 est
1666 2883 1887 2917 creatura.

253 2941 513 2985 Praeterea:
538 2939 789 2984 secundum
816 2938 1094 2998 praedictam
1121 2938 1335 2997 Apostoli
1362 2934 1774 2997 comparationem,
1799 2940 1991 2999 Spiritus
2014 2941 2126 2986 San·

166 3010 264 3053 ctus
290 3018 339 3062 se
362 3007 501 3052 habet
527 3007 581 3050 ad
609 3006 762 3050 Deum
785 3007 901 3049 sicut
926 3005 1105 3064 spiritus
1133 3005 1334 3048 hominis
1368 3005 1423 3048 ad
1457 3005 1709 3049 hominem.
1744 3007 1936 3065 Spiritus
1969 3018 2123 3052 autem

164 3073 368 3119 hominis
397 3073 667 3118 intrinsecus
694 3082 761 3117 est
787 3072 980 3125 homini,
1014 3081 1057 3116 et
1087 3085 1181 3115 non
1214 3081 1282 3115 est
1313 3080 1552 3116 extraneae
1584 3082 1771 3116 naturae
1806 3074 1860 3117 ab
1893 3074 2010 3133 ipso,
2042 3073 2122 3119 s'ed

167 3150 236 3185 est
275 3139 443 3200 aliquid
483 3141 593 3198 eius.
640 3139 784 3199 Igitur
825 3149 870 3182 et
922 3138 1113 3198 Spiritus
1168 3137 1361 3182 Sanctus
1412 3152 1505 3182 non
1549 3149 1617 3183 est
1657 3149 1845 3184 naturae
1883 3150 2123 3185 extraneae

170 3220 196 3252 a
217 3206 337 3251 Deo.-
1606 3234 1608 3236 ·

258 3272 494 3331 Amplius:
528 3272 696 3331 siquis
729 3271 933 3316 conferat
963 3272 1100 3315 verba
1132 3270 1345 3330 Apostoli
1378 3272 1627 3330 praemissa
1659 3273 1807 3317 verbis
1848 3273 1994 3318 Isaiae
2026 3288 2130 3337 pro-

169 3339 348 3398 phetae,
373 3337 611 3382 manifeste
634 3338 849 3397 percipiet
872 3338 1088 3397 Spiritum
1116 3338 1337 3381 Sanctum
1359 3338 1511 3382 Deum
1536 3353 1647 3383 esse.
1670 3339 1848 3383 Dicitur
1871 3340 1994 3383 enim
2017 3339 2124 3394 (Isa.

171 3404 334 3450 LXIV.
360 3405 447 3461 4.)-:
474 3405 630 3450 Oculus
660 3419 742 3448 non
767 3404 887 3458 vidit,
917 3406 1045 3457 Deus,
1074 3406 1222 3462 absque
1241 3410 1289 3457 te,
1308 3419 1412 3462 quae
1431 3408 1701 3465 praeparasti
1721 3408 2044 3464 exspectantibus
2066 3413 2133 3465 te,·-

172 3484 289 3531 quae
315 3471 499 3530 quidem
518 3470 655 3515 verba
675 3470 924 3529 Apostolus
941 3484 1081 3530 quum
1099 3470 1435 3523 introduxisset,
1453 3472 1684 3530 subjungit
1699 3473 1836 3516 verba
1862 3473 2138 3533 praemissa,

174 3536 348 3600 scilicet
378 3537 514 3596 quod‘
533 3536 724 3596 Spiritus
758 3546 983 3582 scrutatur
1024 3537 1247 3595 profunda
1279 3537 1380 3582 Dei.
1414 3537 1549 3582 Unde
1583 3538 1873 3584 manifestum
1905 3549 1974 3584 est
2004 3541 2127 3599 quod

177 3602 370 3665 Spiritus
391 3603 689 3650 Sanctusilla
715 3602 938 3664 profunda
953 3604 1042 3648 Dei
1061 3603 1301 3662 cognoscit
1326 3617 1442 3663 quae
1468 3606 1749 3665 praeparavit
1766 3607 2131 3667 exspect-antibus⁴
