2294 3854
813 197 967 236 mima
1006 195 1451 236 1v.0AP.1.xxu.
1536 256 1539 259 ·
2003 181 2106 249 675

159 314 310 361 neque
333 310 484 359 potest
509 313 607 344 esse
632 298 756 359 quod
775 298 1019 358 spiritualis
1044 298 1218 343 curatio
1243 298 1302 343 sit
1324 296 1525 342 totaliter
1545 296 1599 340 ab
1624 295 1856 340 exteriori·
1877 309 1973 340 non
1995 280 2120 341 enim

153 368 467 415 'minaretur
490 366 660 410 sanitas
686 364 867 418 mentis,
892 365 980 408 nisi
1006 364 1202 410 ordinati
1226 373 1381 408 motus
1404 362 1689 408 voluntatis
1677 376 1724 405 ιιι
1749 361 1941 407 homine
1963 375 2119 406 causa·

82 434 91 468 J
159 444 327 487 rentur
353 432 553 491 Oportet
574 431 713 489 igitur
737 431 785 475 in
811 431 1115 490 poenitentiae
1141 438 1430 475 sacramento
1458 427 1739 488 spiritualem
1763 426 1959 473 salutem
1984 436 2029 473 et
2060 428 2116 473 ab

158 499 379 551 interiori,
406 508 453 543 et
477 498 531 542 ab
558 497 770 542 exteriori
796 497 1056 555 procedere.
1084 496 1186 541 Hoc
1214 507 1365 541 autem
1393 495 1456 540 sic
1484 494 1721 553 contingit.

191 565 325 611 Ad
355 565 446 609 hoc
473 564 597 608 enim
622 563 745 622 quod
771 562 930 621 aliquis
964 577 989 607 a
1021 563 1185 607 morbo
1217 561 1445 621 corporali
1470 571 1649 606 curetur
1681 559 1893 619 perfecte,
1922 572 2111 605 necesse

161 642 232 680 et
253 631 377 691 quod
404 631 457 675 ab
484 629 695 675 omnibus
728 629 1037 674 incommodis
1070 628 1283 673 liberetur
1314 643 1429 687 quae
1462 642 1541 687 per
1571 627 1784 672 morbum
1807 625 2021 680 incurrit3
2053 626 2118 671 sic

162 696 474 757 etspiritualis
501 696 675 741 curatio
700 695 1005 754 poenitentiae
1032 694 1231 752 perfecta
1256 709 1349 739 non
1377 704 1509 748 esset,
1539 694 1625 738 nisi
1650 694 1796 738 homo
1823 692 1878 737 ab
1904 691 2117 738 omnibus

161 763 444 810 detrimentis
470 761 779 807 sublevaretur
804 762 850 804 in
877 775 992 820 quae
1017 761 1227 806 inductus
1253 772 1322 806 est
1347 774 1425 819 per
1451 770 1706 819 peccatum.
1731 758 1938 804 Primum
1964 768 2123 804 autem

163 831 485 877 detrimentum
510 827 632 888 quod
657 827 803 872 homo
830 842 884 871 ex
910 837 1097 886 peccato
1125 827 1314 871 sustinet
1343 837 1412 871 est
1442 826 1726 871 deordinatio
1759 825 1947 879 mentis,
1965 838 2128 870 secun·

162 897 273 942 dnm
298 896 423 956 quod
447 909 577 939 mens
604 893 818 938 avertitur
844 893 897 936 ab
926 893 1291 938 incommutabili
1316 893 1455 946 bono,
1481 892 1655 937 scilicet
1676 906 1702 936 a
1723 891 1842 945 Deo,
1863 902 1909 936 et
1934 904 2124 936 conver-

54 997 94 1018 fxv.
162 964 271 1011 titur
301 962 357 1007 ad
388 971 644 1021 peccatum.
678 958 940 1004 Secundum
974 970 1125 1003 autem
1160 969 1227 1007 est
1258 961 1381 1018 quod
1413 969 1590 1004 reatum
1622 971 1799 1017 poenae
1829 957 2048 1003 incurrit·
2077 965 2129 1003 ιιι

53 1042 61 1094 ⁴.
103 1031 105 1033 ’
163 1028 360 1090 emmiu
383 1028 518 1073 tertio
545 1027 606 1084 (c.
639 1038 734 1080 140.
762 1035 808 1069 et
833 1026 948 1083 seq.)
982 1035 1215 1069 ostensum
1250 1036 1331 1078 est,
1365 1040 1390 1069 a
1422 1025 1672 1082 justissimo
1704 1034 1882 1069 rectore
1908 1023 2012 1069 Deo
2039 1031 2130 1082 pro

162 1094 364 1156 qnalibet
388 1093 520 1153 culpa
540 1105 690 1152 poena
712 1091 911 1136 debetur.
932 1090 1140 1135 Tertium
1158 1101 1226 1136 est
1241 1091 1468 1150 quaedam
1485 1090 1735 1136 debilitatio
1760 1089 1980 1135 naturalis
1998 1089 2128 1144 boni,

162 1160 415 1210 secundum
438 1159 564 1219 quod
588 1159 734 1203 homo
760 1157 996 1216 peccando
1023 1158 1222 1202 redditur
1247 1158 1435 1217 pronior
1461 1158 1517 1202 ad
1544 1156 1845 1217 peccandum,
1877 1165 1920 1201 et
1953 1154 2128 1201 tardior

164 1228 223 1275 ad
245 1228 361 1277 berse
385 1226 632 1286 agendum.

209 1292 459 1338 -Ριιιιιιιιιι
492 1292 629 1351 igitur
654 1291 778 1350 quod
813 1291 859 1334 in
895 1288 1174 1349 po'enitentia
1208 1291 1462 1350 requiritur,
1500 1300 1568 1335 est
1601 1289 1828 1334 ordinatio
1865 1288 2047 1343 mentis,
2078 1298 2133 1340 ut

163 1359 339 1406 scilieet
356 1373 488 1404 mens
516 1367 806 1402 convertatur
833 1357 888 1401 ad
915 1358 1083 1410 Deum,
1109 1368 1154 1402 et
1179 1367 1407 1402 avertatur
1435 1372 1461 1400 a
1480 1365 1695 1431 peccato,
1720 1356 1881 1400 dolens
1912 1355 1969 1400 de
2001 1369 2133 1400 com-

160 1427 322 1482 misso,
345 1436 394 1470 et
416 1438 677 1500 proponens
707 1438 803 1468 non
836 1424 1242 1469 committendum:
1274 1424 1396 1483 quod
1429 1434 1497 1467 est
1527 1424 1582 1467 de
1614 1422 1790 1466 ratione
1823 1411 2131 1466 contritionis.

163 1494 292 1539 Haec
314 1506 426 1538 vero
453 1492 616 1536 mentis
642 1490 918 1534 reordinatio
946 1491 1041 1533 sine
1069 1491 1213 1566 gratia
1240 1504 1337 1534 esse
1364 1504 1458 1534 non
1483 1499 1646 1547 potest.
1669 1488 1790 1532 Nam
1813 1502 1942 1532 mens
1967 1497 2127 1533 nostra

164 1559 315 1605 debite
340 1559 403 1604 ad
427 1559 580 1603 Deum
607 1557 812 1601 converti
836 1570 930 1600 non
957 1566 1106 1614 potest
1131 1558 1227 1601 sine
1254 1557 1464 1610 caritate;
1491 1558 1654 1600 caritas
1679 1566 1832 1599 autem
1858 1555 1955 1600 sine
1983 1554 2130 1614 gratia
2172 1587 2176 1595 .

163 1625 443 1672 Ῑιιιιεῐιιιοιι
465 1634 628 1684 potest,
646 1634 695 1668 ut
717 1634 841 1681 patet
857 1637 912 1667 ex
928 1623 999 1667 his
1022 1637 1138 1682 quae
1159 1624 1206 1666 in
1227 1624 1360 1667 tertio
1384 1625 1446 1680 (c.
1470 1623 1588 1680 151.)
1613 1623 1733 1667 dicta
1758 1632 1876 1667 sunt.
1895 1622 1971 1666 Sic
1988 1622 2132 1681 igitur

166 1706 247 1753 per
269 1691 592 1738 amaritionem
619 1701 665 1734 et
690 1689 865 1734 offensa
889 1690 978 1733 Dei
999 1689 1186 1742 tollitur,
1209 1700 1253 1734 et
1275 1704 1300 1733 a
1323 1700 1450 1733 reatu
1475 1703 1651 1748 poenae
1669 1699 1878 1733 aeternae
1897 1688 2133 1742 liberatur,

166 1758 245 1818 qui
283 1771 393 1803 cum
421 1757 568 1816 gratia
599 1767 644 1801 et
675 1756 860 1800 caritate
894 1769 991 1800 esse
1023 1769 1118 1800 non
1150 1766 1322 1814 potest:
1365 1770 1459 1799 non
1501 1756 1626 1800 enim
1659 1766 1841 1799 aeterna
1873 1768 2024 1812 poena
2062 1763 2132 1799 est

167 1825 257 1870 nusi
278 1823 722 1900 perseparationem
749 1836 776 1865 a
800 1822 919 1876 Deo,
943 1822 1017 1865 cui
1042 1822 1187 1880 gratia
1213 1833 1258 1866 et
1284 1822 1469 1866 caritate
1495 1822 1639 1866 homo
1668 1823 1972 1879 conjungitur.
2003 1820 2131 1865 Haec

169 1890 311 1936 enim
311 1890 485 1935 mentis
509 1889 786 1934 reordinatio
813 1902 930 1947 quae
955 1888 1002 1932 in
1030 1888 1302 1932 contritione
1335 1889 1556 1942 consistit,
1589 1902 1644 1932 ex
1675 1888 1878 1932 interiori
1909 1887 2132 1946 procedit,

169 1958 218 2003 id
234 1967 310 2002 est
334 1971 361 2002 a
377 1955 528 2012 jhbero
555 1955 739 1999 arbitrio
758 1969 864 1999 cum
885 1955 1111 2012 adjutorio
1129 1954 1309 1999 divinae
1333 1955 1518 2013 gratiae.
1537 1955 1662 2007 Quia
1679 1968 1788 1999 vero
1806 1968 1941 2031 supra
1958 1955 2016 2011 (c.
2040 1959 2135 2030 55.)

169 2035 405 2070 ostensum
425 2033 509 2077 est,
532 2022 655 2081 quod
681 2022 896 2066 meritum
922 2021 1095 2066 Christi
1122 2036 1204 2080 pro
1230 2022 1435 2066 humano
1462 2035 1630 2080 genere
1663 2022 1873 2080 patientis
1899 2022 1955 2065 ad
1983 2021 2135 2080 expia-

167 2092 344 2136 tionem
373 2089 587 2134 omnium
604 2098 911 2150 peccatorum
943 2098 1168 2146 operatur,
1209 2102 1398 2133 necesse
1431 2098 1498 2133 est
1529 2089 1584 2132 ad
1616 2089 1707 2132 hoc
1740 2089 1863 2147 quod
1895 2088 2041 2132 homo
2074 2087 2132 2132 de

169 2166 361 2218 peccato
386 2155 614 2207 liberetur,
639 2154 763 2214 quod
788 2168 882 2198 non
910 2154 1062 2198 solum
1089 2165 1240 2198 mente
1265 2155 1368 2199 Deo
1396 2155 1653 2210 adhaereat,
1686 2155 1764 2199 sed
1798 2156 1935 2199 etiam
1961 2153 2134 2199 media·

169 2222 262 2272 tori
283 2222 376 2270 Dei
398 2232 444 2266 ot
465 2221 712 2265 hominum
731 2219 838 2277 Jesu
864 2220 1066 2274 Christo,
1091 2221 1139 2264 in
1165 2235 1256 2279 quo
1283 2221 1414 2265 datur
1439 2221 1648 2265 remissio
1682 2222 1891 2265 omnium
1923 2230 2135 2280 peccato-

170 2302 294 2335 rum.
313 2287 472 2333 Nam
460 2301 508 2331 ιιι
533 2287 835 2332 conversione
862 2289 1026 2331 mentis
1054 2288 1110 2331 ad
1135 2287 1288 2331 Deum
1315 2288 1436 2332 salus
1462 2288 1706 2346 spiritualis
1733 2288 1962 2364 consistit:
1988 2300 2133 2346 quarn

177 2355 363 2416 quidem
386 2352 584 2399 salutem
614 2354 832 2411 consequi
864 2367 958 2397 non
989 2367 1233 2411 possumus
1269 2354 1355 2398 nisi
1388 2369 1467 2412 per
1499 2355 1730 2399 medicum
1766 2354 2024 2398 animarum
2055 2366 2136 2397 no-

172 2433 368 2468 strarum
387 2420 544 2478 Jesnm
570 2419 823 2472 Christum,
849 2419 926 2478 qui
948 2418 1092 2463 salvat
1117 2418 1339 2478 populum
1361 2435 1495 2465 suum
1523 2434 1547 2463 a
1575 2420 1772 2479 peccatis
1796 2434 1976 2464 eorum:
2005 2420 2136 2477 cujus

177 2487 362 2548 quidem
387 2487 602 2531 meritum
626 2484 854 2530 sufficiens
881 2495 949 2530 est
972 2486 1030 2529 ad
1057 2486 1212 2530 omnia
1238 2495 1425 2544 peccata
1451 2487 1651 2531 totaliter
1675 2486 1902 2531 tollenda:
1935 2487 2032 2544 ipse
2067 2495 2137 2530 est

180 2554 306 2599 enim
329 2555 403 2613 qui
423 2553 531 2599 tollit
545 2556 715 2611 peccata
736 2552 896 2606 mundi,
924 2562 973 2596 ut
998 2553 1160 2596 dicitur
1186 2553 1372 2610 (Joann.
1391 2553 1424 2596 Ι.
1444 2554 1551 2612 29.).
1575 2553 1665 2598 Sed
1688 2564 1843 2597 tamen
1861 2566 1955 2597 non
1971 2565 2138 2596 omnes

177 2619 389 2665 effectam}
414 2619 696 2664 remissionis
722 2618 920 2678 perfecte
948 2630 1301 2677 consequuntur,
1328 2620 1406 2663 sed
1435 2619 1740 2677 unusquisque
1762 2619 1808 2662 in
1830 2629 2008 2663 tantum
2030 2632 2138 2662 con-

176 2687 395 2763 sequitur,
417 2686 465 2730 ιιι
490 2696 711 2744 quantum
738 2686 926 2730 Christo
952 2700 1035 2744 pro
1063 2686 1260 2744 peccatis
1294 2686 1478 2744 patienti
1506 2686 1809 2744 conjungitur.
1846 2685 1968 2738 Quia
1999 2684 2138 2742 igitur

181 2752 447 2812 conjunctio
471 2753 618 2797 nostri
643 2752 699 2796 ad
725 2752 962 2797 Christum
989 2753 1036 2795 ιιι
1061 2752 1289 2810 baptismo
1314 2766 1408 2796 non
1441 2762 1508 2796 est
1539 2752 1789 2795 secundum
1816 2751 2137 2812 operationem

173 2829 381 2865 nostram
420 2819 550 2878 quasi
580 2819 638 2862 ab
670 2819 888 2873 interiori,
924 2819 1029 2877 quia
1065 2818 1191 2861 nulla
1235 2832 1307 2862 res
1347 2818 1543 2875 seipsam
1579 2827 1766 2876 generat
1801 2827 1850 2862 ut
1884 2819 1955 2871 sit,
1995 2817 2076 2863 sed
2112 2831 2139 2862 a

177 2885 380 2940 ehi-isto,
395 2885 573 2945 quinos
589 2895 829 2944 regenerat
853 2886 900 2929 in
926 2899 1054 2943 spem
1076 2885 1253 2938 vivam;
1282 2884 1492 2928 remissio
1514 2895 1809 2943 peccatorum
1835 2884 1881 2928 ιιι
1907 2884 2135 2942 baptismo

175 2950 227 2997 fit
248 2951 501 2998 secundum
526 2961 801 3011 potestatem
827 2951 967 3010 ipsius
995 2950 1167 2995 Christi
1197 2965 1283 2994 nos
1311 2950 1394 2994 sibi
1419 2950 1742 3008 conjungentis
1774 2949 1973 3008 perfecte
2000 2960 2046 2995 et
2070 2952 2137 2994 in·

174 3028 316 3078 tegre,
347 3028 397 3063 ut
425 3031 528 3062 non
542 3017 699 3063 solum
726 3018 964 3093 impuritas
997 3017 1174 3076 peccati
1205 3016 1405 3070 tollatur,
1437 3017 1516 3061 sed
1549 3017 1687 3061 etiam
1720 3015 1924 3061 solvatur
1955 3016 2136 3084 penitus

176 3084 327 3131 omnis
357 3097 534 3144 poenae
564 3094 730 3138 reatus,
755 3084 841 3128 nisi
873 3083 990 3128 forte
1022 3098 1101 3143 per
1133 3083 1346 3127 accidens
1376 3083 1423 3127 in
1455 3083 1525 3127 his
1557 3083 1635 3141 qui
1665 3096 1759 3127 non
1791 3093 2132 3143 consequuntur

177 3148 392 3197 effectum
416 3150 691 3196 sacramenti
715 3160 898 3226 propter
923 3151 1014 3194 hoc
1041 3150 1164 3208 quod
1190 3149 1291 3193 ficte
1320 3149 1557 3193 accedunt.
1582 3149 1633 3192 In
1659 3148 1745 3194 hac
1772 3163 1882 3193 vero
1915 3149 2139 3208 spirituali

178 3215 416 3280 sanatione
443 3215 631 3262 Christo
659 3216 981 3274 conjungimur
1000 3217 1249 3260 secundum
1269 3215 1585 3274 operationem
1601 3225 1808 3259 nostram
1823 3215 1976 3259 divina
1992 3216 2139 3274 gratia

177 3280 495 3342 informatam:
527 3283 648 3327 unde
679 3296 775 3328 non
806 3296 985 3340 semper
1021 3282 1235 3335 totaliter,
1266 3295 1350 3325 nec
1384 3295 1547 3325 omnes
1573 3281 1825 3340 ‘aequaliter
1856 3282 2139 3327 remissionis

182 3346 394 3396 effectum
419 3362 499 3408 per
522 3342 641 3393 hanc
669 3349 1043 3407 conjunctionem
1071 3357 1423 3406 consequuntur.
1445 3347 1603 3392 Potest
1626 3347 1749 3392 enim
1771 3361 1872 3393 esse
1898 3348 2140 3394 conversio

181 3414 349 3461 mentis
373 3414 418 3461 in
436 3414 614 3469 Deum,
640 3424 684 3460 et
708 3414 756 3459 in
784 3415 1132 3460 detestationem
1165 3414 1341 3473 peccati
1371 3424 1466 3459 tam
1492 3413 1756 3467 vehemenS,
1787 3414 1910 3473 quod
1941 3413 2140 3474 perfecte

181 3480 506 3529 remissionem
525 3481 701 3540 peccati
722 3481 868 3526 homo
890 3481 1181 3539 consequitur
1202 3494 1295 3525 non
1317 3479 1465 3525 solum
1490 3491 1711 3539 quantum
1738 3481 1794 3525 ad
1820 3481 2140 3540 purgationem

184 3546 360 3608 culpae,
383 3545 630 3595 sedetiam
647 3558 878 3608 ,quantum
905 3549 959 3592 ad
986 3548 1303 3592 remissionem
1329 3547 1468 3593 totius
1500 3561 1690 3607 poenae.
1726 3547 1826 3592 Hoc
1859 3557 2013 3593 autem
2044 3562 2140 3595 non
