2332 3854
289 235 317 288 5
327 235 397 288 54
986 234 1141 273 LIBER
1179 234 1252 274 ιν.
1284 235 1412 273 clm
1448 234 1545 275 mn

288 335 428 379 etiam
447 336 668 393 judicium
699 336 899 379 veritatis
922 335 1178 379 catholicae
1204 334 1329 379 sumi
1353 344 1526 393 potest;
1556 349 1664 379 nam
1695 348 1821 390 veto,
1854 346 1903 380 ut
1916 335 2241 396 ,Philosophus

288 402 411 457 dicit,
437 403 574 446 etiam
597 402 709 446 falsa
734 412 978 456 testantur3
1004 401 1116 446 falsa
1138 415 1248 446 vero
1274 412 1368 446 non
1395 402 1546 460 solum
1573 416 1599 446 a
1623 402 1759 457 veris,
1783 403 1861 447 sed
1890 402 2243 457 etiamsabffinaie

286 483 392 513 cem
420 470 597 514 distant.
2087 496 2233 534 ‹21:{21

1044 622 1298 679 CAPUT
1337 623 1491 680 vm.
1811 576 1814 578 ‚
1856 696 1859 697 f
1911 635 1915 705 ᾗ
2004 596 2082 656 ἵ·
2058 681 2062 686 ,
2092 578 2218 660 ιιι

1919 696 1995 721 {13
2028 682 2175 722 ς’-Ὕξι
2231 714 2233 717 .

351 758 593 796 SOLUTIO
634 758 708 795 AD
749 757 1177 797 AUCTORlTATES
1219 756 1362 805 QUAS
1402 759 1560 798 ARIUS
1594 758 1706 797 ERO
1749 758 1810 796 SE
1849 748 2221 799 ΙΝὩῌΟΒΒΝ-Υό

379 867 502 918 Quia
527 880 637 920 vero
663 867 828 911 veritas
859 867 1036 912 veritati
1071 869 1296 913 contraria
1329 882 1427 912 esse
1458 882 1553 912 non
1580 878 1743 927 potest,
1768 843 2065 922 manifestum
2090 843 2244 921 estea

287 947 403 992 quae
421 947 475 976 ex
504 933 745 992 Scripturis
771 934 972 978 veritatis
999 935 1052 978 ab
1080 935 1263 980 Arianis
1280 935 1536 979 introducta
1559 944 1663 978 sunt
1688 934 1744 979 ad
1770 947 2245 989 suumspgtoremicon-

286 1000 575 1053 firmandum,
592 1014 753 1044 eorum
767 1001 1015 1045 sententiae
1029 1001 1335 1046 accommoda
1352 1011 1447 1046 non
1470 1015 1584 1047 esse.
1599 999 1761 1053 Quum
1778 1001 1905 1050 enim
1932 1000 2244 1059 emsa-timuis

287 1067 449 1110 divinis
477 1065 712 1110 ostensum
738 1067 795 1110 sit
815 1067 961 1111 Patris
989 1078 1033 1112 et
1057 1067 1158 1112 Filii
1190 1069 1622 1113 eamdem-numero
1647 1067 2016 1121 essentiamesse
2042 1077 2096 1119 etv
2112 1077 2244 1121 natu-

288 1147 385 1175 ram
412 1133 612 1176 divinam
640 1134 894 1177 secundum
911 1149 1050 1192 quam
1075 1144 1264 1193 uterque
1286 1148 1419 1180 verus
1446 1135 1609 1182 dicitur
1629 1135 1771 1187 Deus,
1796 1143 1992 1192 οροιιει
1992 1133 2184 1187 Patrem
2201 1144 2245 1178 et

286 1199 466 1253 Filium,
507 1214 603 1243 non
633 1200 750 1244 duos
780 1200 905 1254 deos,
938 1201 1018 1244 sed
1049 1216 1191 1246 unum
1223 1202 1375 1246 Deum
1413 1215 1525 1246 esse.
1559 1201 1609 1245 Si
1641 1202 1763 1246 enim
1796 1200 1955 1259 plures
1983 1200 2055 1253 dii
2081 1209 2244 1254 essent,

287 1276 517 1325 oporteret
543 1281 621 1325 per
645 1281 928 1325 consequens
952 1268 1195 1312 divinitatis
1214 1268 1460 1312 essentiam
1485 1269 1531 1311 in
1550 1278 1742 1326 utroque
1765 1262 1991 1325 partitam
2001 1266 2246 1322 εεεε,ξιᾱιιι

284 1334 331 1377 in
359 1334 535 1377 duobus
560 1333 824 1376 hominibus
852 1344 920 1377 est
946 1334 1035 1377 alia
1061 1344 1106 1378 et
1131 1334 1219 1378 alia
1246 1334 1513 1379 humanitas
1531 1348 1750 1387 numero;
1776 1343 1822 1379 et
1845 1333 2245 1392 pcaecipuequum

285 1414 380 1443 non
405 1401 462 1443 sit
489 1398 610 1443 aliud
635 1400 789 1443 divina
808 1410 969 1444 natura
997 1411 1042 1445 et
1068 1400 1220 1445 aliud
1210 1415 1306 1459 ipse
1323 1401 1463 1455 Deus,
1490 1411 1539 1445 ut
1563 1415 1698 1459 supra
1716 1409 1949 1450 ostensum
1959 1409 2074 1454 ῑιειιιςζ
2083 1413 2245 1456 ςςημρ

286 1467 341 1510 de
359 1466 629 1510 necessitate
652 1467 944 1525 consequitur
960 1467 1097 1525 quod,
1115 1467 1358 1511 exsistente
1375 1478 1642 1511 unanatura
1664 1467 1815 1511 divina
1833 1466 2033 1517 in‘Patre
2051 1465 2246 1520 ειξιιιο,

284 1534 376 1577 sint
400 1533 531 1577 Pater
560 1543 604 1577 et
629 1533 768 1577 Filius
795 1547 911 1578 unus
936 1534 1075 1578 Deus.
1105 1534 1236 1579 Licet
1268 1548 1379 1591 ergo
1407 1544 1452 1577 et
1474 1534 1659 1588 Patrem
1690 1529 2247 1590 confiteamutheutn—fflt

286 1599 451 1643 Filium
469 1601 637 1654 Deum,
656 1615 750 1644 non
766 1611 921 1645 tamen
944 1601 1199 1645 recedimus
1219 1615 1244 1644 a
1266 1601 1490 1645 sententia
1513 1614 1601 1659 qua
1619 1601 1809 1659 ponitur
1828 1612 1943 1651 unus
1964 1597 2092 1654 solua
2104 1598 2246 1661 Deus,

286 1681 424 1726 quam
450 1668 497 1711 in
519 1670 668 1726 primo
693 1677 736 1711 et
761 1667 1011 1712 rationibus
1030 1678 1075 1711 et
1092 1667 1435 1712 auctoritatibus
1461 1667 1768 1721 firmavimus;
1794 1666 2111 1721 unde‚=‚etsi‹„,si‚t
2126 1679 2246 1721 gnus

289 1734 413 1778 solus
444 1748 578 1779 verus
604 1734 747 1787 DeuS,
773 1744 927 1778 tamen
953 1734 1044 1778 hoc
1073 1744 1117 1778 et
1142 1734 1198 1777 de
1223 1734 1358 1778 Patre
1385 1743 1429 1777 et
1454 1734 1509 1777 de
1534 1733 1651 1777 Filio
1684 1731 2246 1791 praedicarifiqnfitemur}

378 1800 535 1852 Quum
570 1815 681 1858 ergo
714 1801 958 1854 Dominus,
992 1800 1046 1844 ad
1079 1801 1262 1845 Patrem
1290 1800 1496 1859 loquens,
1539 1800 1646 1844 dicit
1678 1799 1860 1857 (Joann.
1893 1798 2247 1856 XVlgqtg3.)fl‹Ut

290 1874 539 1926 cognoscant
563 1874 611 1921 te,
637 1868 770 1911 solum
794 1868 935 1911 Deum
956 1875 1120 1921 verum,
1149 1882 1243 1912 non
1269 1867 1334 1911 sic
1362 1866 1708 1925 intelligendum
1733 1876 1803 1913 est
1826 1866 1950 1925 quod
1967 1865 2246 1925 solus-Fater

292 1935 348 1979 sit
368 1949 501 1978 verus
518 1935 660 1989 Deus,
678 1935 806 1993 quasi
822 1934 962 1978 Filius
978 1948 1072 1978 non
1091 1935 1148 1978 sit
1163 1948 1296 1978 verus
1313 1934 1440 1978 Deus
1459 1934 1603 1991 (quod
1620 1943 1774 1984 tamen
1791 1931 2028 1986 manifeste
2047 1932 2246 1991 Scriptu-

287 2015 365 2045 rae
392 2002 658 2045 testimonio
684 2001 935 2058 probatur),
963 2001 1042 2045 sed
1069 2000 1191 2060 quod
1227 2000 1305 2044 illa
1328 2014 1445 2058 quae
1474 2010 1541 2044 est
1573 2013 1664 2043 una
1691 1999 1791 2044 sola
1814 2012 1922 2052 vera
1955 1998 2104 2053 deitas
2122 1998 2246 2054 Batti

287 2069 544 2123 conveniat,
570 2068 632 2111 ita
651 2079 809 2112 tamen
836 2069 958 2126 quod
981 2082 1075 2112 non
1099 2066 1362 2112 excludatur
1388 2067 1492 2111 inde
1513 2077 1557 2110 et
1572 2066 1724 2111 Filius.
1747 2066 2245 2125 Undessignamegffion

287 2136 396 2178 dixit
417 2135 670 2179 Dominus:
698 2136 752 2179 Ut
768 2141 1012 2193 cognoscant
1029 2141 1078 2189 tc,
1098 2135 1230 2178 solum
1251 2135 1392 2181 Deum
1408 2149 1572 2187 verum,
1601 2133 1730 2191 quasi
1755 2132 2245 2193 solusgipsei‘sitDfflss
2313 2134 2317 2138 '

288 2202 367 2245 sed
393 2202 526 2245 dixit:
563 2202 617 2246 Ut
642 2207 888 2259 cognoscant
920 2208 971 2258 te,
1000 2211 1045 2245 et
1072 2201 1265 2246 addidit:
1291 2201 1425 2245 solum
1450 2201 1593 2244 Deum
1609 2215 1774 2255 verum,
1797 2209 1848 2244 ut
1859 2199 2151 2255 ,.›ostendeuet
2166 2198 2248 2242 Pa-

288 2279 419 2321 trem,
447 2268 575 2325 cujus
601 2282 648 2312 se
681 2267 848 2311 Filium
875 2268 1222 2326 protestabatur,
1256 2281 1355 2311 esse
1381 2267 1549 2320 Deum,
1581 2267 1629 2310 in
1652 2280 1746 2325 quo
1778 2266 2020 2320 invenitur
2027 2264 2120 2322 illa
2113 2279 2246 2324 φιλο

288 2334 385 2378 sola
414 2345 481 2378 est
506 2349 614 2378 vera
641 2335 865 2378 divinitas.
894 2334 950 2378 Et
975 2335 1080 2393 quia
1107 2344 1286 2393 oportet
1310 2348 1468 2378 verum
1506 2333 1674 2377 Filium
1699 2333 1908 2391 ejusdem
1927 2342 2005 2379 nat
2090 2347 2130 2378 e
2139 2345 2246 2387 {esse

288 2416 393 2445 cum
420 2402 569 2455 Patre,
595 2401 744 2459 magis
771 2402 973 2460 sequitur
999 2401 1121 2460 quod
1147 2400 1226 2445 illa
1258 2414 1374 2459 quae
1399 2399 1500 2444 sola
1532 2410 1599 2444 est
1625 2414 1733 2444 vera
1762 2400 1977 2453 divinitas
1983 2346 2145 2454 &a
2135 2412 2247 2455 conf

285 2469 453 2522 veniat,
479 2482 616 2526 quam
641 2469 694 2511 ab
724 2482 777 2512 ea
802 2467 941 2512 Filius
969 2467 1255 2520 excludatur;
1283 2466 1401 2510 un'de
1429 2477 1474 2510 et
1486 2467 1685 2524 Joannes
1709 2467 1838 2525 quasi
1863 2466 1978 2519 haec
1995 2465 2134 2521 verba
2146 2465 2248 2514 Do.-

287 2536 397 2578 mini
445 2549 690 2592 exponens,
733 2545 975 2593 utrumque
1006 2535 1199 2578 istorum
1230 2548 1341 2578 vero
1374 2533 1490 2577 Filio
1524 2533 1722 2577 attribuit
1753 2547 1872 2591 quae
1895 2533 1976 2595 hic
2015 2531 2245 2589 Dominus

288 2603 397 2646 dicit
424 2602 479 2645 de
504 2602 656 2654 Patre,
683 2602 859 2646 scilicet
885 2601 1006 2660 quod
1033 2602 1090 2645 sit
1121 2615 1253 2644 verus
1278 2601 1405 2644 Deus
1438 2610 1484 2644 et
1515 2601 1637 2658 quod
1668 2600 1715 2644 in
1749 2613 1805 2643 eo
1838 2600 1896 2645 sit
1925 2600 2017 2655 vita
2038 2609 2244 2655 mewa,

288 2670 442 2713 dicens
470 2669 524 2726 (Ι.
547 2668 709 2726 Joann.
737 2668 793 2712 V.
822 2670 939 2725 20.:)
975 2669 1030 2713 Ut
1052 2682 1343 2726 cognoscamus
1369 2682 1516 2711 verum
1545 2668 1701 2722 Deum,
1730 2674 1770 2711 et
1792 2668 1933 2713 simus
1942 2667 1988 2710 in
2008 2680 2118 2721 varp
2128 2665 2244 2722 Filio

286 2739 385 2794 ejus.
408 2736 494 2780 Hic
521 2742 574 2779 est
597 2750 719 2780 verus
745 2736 860 2779 Deus
892 2741 928 2779 et
952 2738 1044 2780 vita
1076 2741 1258 2780 aeterna.
1287 2734 1337 2778 Si
1362 2744 1517 2778 tamen
1545 2733 1782 2778 confessus
1809 2744 1928 2781 esset
1950 2732 2090 2790 Filius
2110 2731 2245 2791 qnod

286 2802 412 2847 solus
439 2803 574 2847 Pater
592 2812 711 2847 esset
731 2817 864 2847 verus
886 2803 1028 2855 Deus,
1051 2817 1144 2845 non
1163 2811 1347 2861 propter
1367 2801 1458 2845 hoc
1483 2816 1507 2844 a
1524 2815 1631 2845 vera
1649 2801 1881 2845 divinitate
1904 2785 2047 2863 Pilius
2065 2786 2245 2857 excludi

290 2869 614 2928 intelligendus
641 2879 781 2923 esset3
805 2883 928 2923 nam,
957 2869 1060 2927 quia
1087 2869 1222 2913 Pater
1249 2878 1292 2912 et
1317 2867 1459 2912 Filius
1487 2878 1590 2912 sunt
1615 2882 1732 2912 unus
1762 2867 1925 2921 Deus,
1923 2859 1978 2911 ut
2010 2876 2244 2922 ostensum

286 2947 369 2990 est,
396 2937 612 2995 quidquid
635 2937 810 2980 ratione
837 2936 1081 2980 divinitatis
1110 2936 1165 2979 de
1191 2935 1324 2978 Patre
1351 2935 1526 2988 dicitur,
1550 2934 1674 2978 idem
1706 2943 1773 2978 est
1804 2947 1856 2977 ac
1889 2933 1926 2979 si
1953 2933 2008 2983 de
2027 2932 2176 2989 Ριιιο
2185 2930 2247 2976 di-

290 3014 477 3056 ceretur,
501 3014 545 3047 et
577 3018 601 3047 e
634 3017 873 3046 converso.
905 3002 1011 3046 Non
1046 3003 1168 3046 enim
1201 3012 1383 3061 propter
1414 3002 1504 3045 hoc
1541 3001 1662 3060 quod
1695 3001 1925 3047 Dominus
1956 2999 2086 3049 dicit:
2111 3000 2244 3053 Nemo

285 3073 402 3115 novit
433 3071 607 3123 Filium,
641 3072 723 3115 nisi
753 3071 893 3124 Pater,
922 3085 1049 3128 neque
1075 3070 1243 3114 Patrem
1269 3072 1358 3127 quis
1390 3071 1524 3123 novit,
1559 3071 1641 3112 nisi
1672 3068 1807 3113 Filius
1839 3067 2030 3125 (Matth.
2043 3066 2126 3121 XI.
2150 3067 2243 3125 27.)

286 3138 550 3195 intelligitur
576 3137 649 3181 vel
675 3137 810 3181 Pater
833 3152 858 3180 a
885 3138 951 3181 sui
981 3137 1244 3195 cognitione
1273 3135 1466 3188 excludi,
1492 3135 1567 3178 vel
1593 3134 2093 3179 Filius..
2115 3167 2117 3171 ‚

376 3205 441 3247 Ex
478 3219 568 3263 quo
603 3205 742 3249 etiam
776 3213 896 3262 patet
930 3204 1052 3262 quod
1084 3218 1191 3247 vera
1224 3202 1325 3247 Filii
1359 3203 1567 3246 divinitas
1599 3216 1693 3246 non
1726 3185 1981 3255 excluditur
2010 3214 2066 3246 ex
2097 3185 2244 3252 uerbis

287 3271 500 3329 Apostoli
527 3272 687 3329 quibus
714 3271 822 3314 dicit
850 3271 906 3327 (Ι.
937 3269 1059 3315 Tim.
1082 3270 1159 3314 VI.
1199 3268 1312 3326 15.:)
1343 3270 1479 3325 Quem
1510 3271 1594 3313 suis
1625 3269 1891 3328 temporibus
1904 3266 2078 3317 ostendet
2106 3267 2245 3320 beata&

286 3344 323 3381 et
342 3338 449 3381 solus
475 3345 621 3397 potans
649 3340 734 3383 Rex
765 3352 923 3395 regum,
957 3344 994 3381 et
1026 3338 1238 3381 Dominus
1270 3336 1590 3380 dominantium.
1623 3336 1731 3380 Non
1764 3336 1886 3385 enim
1906 3334 1966 3379 »in
1995 3333 2067 3389 his
2096 3321 2244 3391 verbis

286 3404 419 3448 Pater
444 3405 721 3458 nominatur,
745 3405 823 3448 sed
849 3404 894 3448 id
912 3403 1035 3462 quod
1053 3413 1121 3448 est
1144 3416 1390 3447 commune
1408 3403 1529 3446 Patri
1548 3412 1592 3447 et
1617 3402 1746 3448 Filio.
1764 3400 1900 3446 Nam
1894 3400 2030 3461 quod
2046 3398 2243 3456 etFiJius

287 3471 343 3514 sit
384 3471 479 3515 Rex
523 3486 681 3530 regum
722 3481 766 3515 et
802 3471 1031 3515 Dominus
1067 3470 1402 3515 dominantium
1452 3468 1688 3531 manifeste
1731 3468 2010 3523 ostenditur
2002 3465 2241 3527 (Apocal

287 3537 407 3581 XIX.
444 3552 490 3596 13
499 3539 547 3594 .),
575 3539 650 3582 ubi
677 3538 862 3582 dicitur:
899 3539 1071 3583 Vestitus
1097 3544 1189 3582 erat
1209 3543 1314 3582 veste
1339 3544 1506 3595 aspersa
1529 3537 1744 3593 sanguine,
1771 3542 1808 3582 et
1837 3535 2085 3590 vocalfflmr
2093 3547 2242 3588 nomn

287 3607 385 3661 ejus,
419 3604 620 3649 VERBUM
645 3605 758 3660 DE13
786 3614 831 3649 et
856 3615 1014 3664 postea
1041 3604 1268 3649 subditur·
1290 3604 1346 3648 Et
1373 3603 1530 3648 habet
1514 3618 1557 3647 m
1589 3604 1828 3647 vestimento
1855 3608 1899 3648 et
1909 3600 2139 3660 imfemon
2169 3614 2241 3647 suo
