2332 3854
754 209 908 249 unna
946 208 1020 248 1v.
1061 207 1182 247 cap·
1222 206 1415 250 xxxta.
1673 210 1676 214 ·
1949 192 2053 262 609

26 314 30 315 ’
103 312 254 358 vicem
279 310 428 370 specie
460 308 683 365 differunt,
716 323 911 368 quorum
948 319 1104 353 tamen
1140 306 1498 367 unumquodque
1539 306 1789 351 secundum
1824 309 2055 367 propriam

19 394 35 425 i
104 378 306 423 animam
338 377 538 436 speciem
563 376 713 420 habet.
742 376 817 420 Sic
844 376 981 433 igitur
1008 375 1162 419 anima
1194 375 1408 419 sensitiva
1441 374 1616 417 ratione
1649 387 1807 417 carens
1834 384 1901 417 est
1926 374 2056 433 quasi

45 443 47 445 ’
102 459 247 489 unum
272 457 417 503 genus
457 444 539 488 sub
581 457 629 487 se
656 442 803 501 plures
834 442 1010 501 species
1052 441 1460 503 comprehendens.
1487 439 1614 484 Nihil
1641 450 1793 484 autem
1820 450 1886 484 est
1910 441 1956 484 in
1983 456 2056 500 ge-

100 525 209 557 nere
229 510 352 586 quod
379 523 472 553 non
499 509 556 553 sit
587 510 632 553 in
659 509 810 567 aliqua
843 510 938 566 ejus
963 509 1129 566 specie.
1159 506 1207 551 Si
1240 508 1376 565 igitur
1403 507 1554 551 anima
1582 505 1755 551 Christi
1789 505 1872 550 fuit
1898 507 1944 550 in
1981 522 2056 566 ge-

17 581 30 619 Ϊ
101 590 210 622 nere
252 577 433 621 animae
473 575 713 620 sensitivae
755 577 930 618 ratione
963 576 1171 627 carentis,
1211 583 1440 633 oporteret
1471 573 1594 632 quod
1635 573 1941 618 contineretur
1973 574 2053 618 sub

19 642 23 685 ξ
101 642 252 703 aliqua
276 643 527 702 specierum
555 643 664 700 ejus,
695 651 851 699 utpote
884 640 1006 699 quod
1032 639 1200 685 fuerit
1190 655 1236 684 in
1262 640 1411 698 specie
1438 642 1617 684 animae
1643 638 1803 694 leonis,
1829 638 1904 684 vel
1936 642 2054 699 equi,

27 760 29 763 γ
101 720 177 755 aut
203 710 394 768 alicujus
426 709 609 754 alterius
639 707 839 761 belluae;
868 707 989 765 quod
1013 717 1078 750 est
1104 709 1294 750 omnino
1322 706 1578 750 absurdum.

184 776 428 835 Amplius.
450 789 620 833 ,corpus
651 784 941 832 comparatur
978 774 1034 817 ad
1077 774 1278 816 animam
1304 773 1420 816 sicut
1456 772 1647 816 materia
1678 771 1734 816 ad
1765 771 1984 827 formam,
2009 784 2055 818 et

98 842 218 888 sicut
238 843 591 890 instrumentum
632 842 687 885 ad
723 839 970 900 principale
1004 854 1156 897 agens.
1192 840 1389 898 Oportet
1421 849 1572 883 autem
1606 835 1844 883 materiam
1870 853 2055 900 propor-

95 908 320 955 tionatam
359 922 458 953 esse
494 907 684 962 formae,
718 917 763 952 et
793 907 1145 951 instrumentum
1183 906 1422 964 principali
1455 906 1620 963 agenti.
1648 907 1771 964 Ergo
1798 907 2053 951 secundum

16 1005 21 1010 »
57 1003 63 1011 -
95 974 405 1021 diversitatem
437 974 692 1019 animarum
718 983 899 1032 oportet
924 983 968 1017 et
1000 986 1245 1030 corporum
1273 972 1579 1016 diversitatem
1606 986 1730 1026 esse;
1761 973 1884 1031 quod
1921 984 1966 1018 et
1989 987 2054 1019 se-

97 1041 298 1089 cundum
335 1055 521 1087 sensum
554 1050 762 1099 apparet;
789 1054 900 1084 nam
931 1041 977 1083 in
1003 1039 1191 1083 diversis
1225 1039 1497 1082 animalibus
1524 1039 1817 1083 inveniuntur
1848 1039 2052 1086 diversae

95 1106 415 1166 dispositiones
452 1108 787 1160 membrorum,
824 1106 1076 1151 secundum
1099 1105 1223 1164 quod
1271 1105 1549 1149 conveniunt
1580 1106 1767 1150 diversis
1799 1106 2054 1166 dispositio-

95 1173 229 1218 nibus
285 1174 555 1218 animarum.
599 1173 649 1217 Si
681 1187 791 1231 ergo
828 1174 874 1216 in
917 1173 1104 1216 Christo
1146 1186 1240 1216 non
1274 1171 1356 1215 fuit
1399 1172 1551 1215 anima
1592 1172 1737 1231 qualis
1785 1184 1853 1217 est
1898 1173 2052 1218 anima

91 1246 262 1294 nostra,
302 1254 387 1285 nec
428 1240 634 1284 membra
660 1240 891 1284 habuisset
917 1240 1032 1284 sicut
1059 1249 1163 1284 sunt
1189 1239 1395 1282 membra
1420 1239 1635 1282 humana.

14 1343 15 1346 η
158 1307 444 1353 Praeterea:
477 1321 633 1366 quum,
668 1307 921 1351 secundum
957 1306 1289 1365 Apollinarem,
1314 1306 1517 1349 Verbum
1550 1307 1635 1350 Dei
1668 1306 1726 1351 sit
1749 1320 1882 1352 verus
1908 1307 2051 1364 Deus,

17 1368 25 1427 J
94 1373 137 1419 ei
176 1374 417 1419 admiratio
459 1384 720 1432 competere
761 1388 854 1418 non
888 1384 1057 1432 potest;
1094 1386 1202 1416 nam
1239 1387 1292 1417 ea
1329 1373 1607 1417 admiramur
1640 1387 1835 1432 quorum
1864 1388 2051 1419 causam

16 1447 20 1449 “
91 1440 375 1499 ignoramus.
408 1441 627 1485 Similiter
659 1450 811 1485 autem
845 1455 931 1484 nec
966 1440 1204 1485 admiratio
1249 1439 1428 1493 animae
1476 1440 1715 1484 sensitivae
1756 1451 2051 1499 competeret,

0 1502 8 1519 ¹
92 1520 234 1566 quum
259 1508 316 1552 ad
344 1507 545 1551 animam
571 1507 833 1552 sensitivam
866 1521 960 1550 non
987 1509 1209 1565 pertineat
1240 1505 1474 1549 sollicitari
1523 1506 1579 1550 de
1607 1507 1871 1565 cognitione
1898 1522 2052 1553 causa-

91 1588 208 1619 rum.
235 1574 287 1619 In
309 1573 495 1619 Christo
518 1584 669 1618 autem
704 1573 943 1617 admiratio
969 1573 1068 1627 fuit,
1099 1575 1215 1617 sicut
1247 1586 1299 1616 ex
1325 1572 1585 1631 Evangeliis
1617 1574 1856 1632 probatur-3
1889 1576 2052 1620 dicitur

21 1696 25 1701 .
93 1640 219 1684 enim
253 1640 440 1698 (Matth.
468 1640 589 1683 VIII.
622 1639 708 1695 10.)
740 1636 864 1697 quod
905 1639 1074 1683 audiens
1103 1640 1218 1695 Jesus
1257 1639 1393 1682 verba
1431 1638 1737 1694 Centurionis‚
1759 1641 1940 1685 miratus
1979 1645 2049 1684 est.

93 1705 290 1764 Oportet
312 1706 462 1765 igitur,
488 1717 665 1765 praeter
690 1705 972 1749 divinitatem
999 1705 1140 1749 Verbi
1177 1715 1222 1749 et
1248 1705 1450 1749 animam
1476 1706 1753 1760 sensitivam,
1785 1707 1832 1749 in
1862 1706 2047 1751 Christo

18 1823 19 1826 Ἰ
91 1771 262 1831 aliquid
293 1772 736 1831 ponere-secundum
762 1773 884 1830 quod
911 1772 1152 1816 admiratio
1179 1772 1221 1815 ei
1244 1782 1505 1830 competere
1538 1773 1695 1830 possit,
1721 1773 1899 1818 scilicet
1924 1788 2048 1818 men-

15 1837 21 1883 j
87 1847 185 1884 tem
209 1839 458 1885 humanm.
482 1838 777 1884 Manifestum
814 1849 880 1883 est
915 1839 1052 1898 igitur
1085 1853 1140 1882 ex
1169 1839 1410 1897 praedictis
1443 1839 1565 1897 quod
1590 1840 1638 1883 in
1676 1839 1863 1884 Christo
1885 1854 2048 1885 verum

11 1934 16 1936 ν
89 1918 253 1965 corpus
278 1905 534 1951 humanum
565 1916 608 1950 et
633 1919 742 1950 vera
767 1905 920 1949 anima
950 1906 1152 1950 humana
1178 1905 1275 1950 fuit.

13 2005 17 2010 Δ
136 2014 137 2017 ,
178 1972 255 2017 Sic
285 1973 424 2030 igitur
448 1972 571 2031 quod
587 1972 788 2030 Joannes
819 1972 950 2017 dicit:
984 1973 1040 2018 Et
1079 1973 1257 2017 Verbum
1288 1986 1387 2018 caro
1411 1973 1579 2031 factum
1603 1980 1673 2028 est,
1706 1988 1799 2017 non
1831 1974 1896 2018 sic
1923 1974 2050 2019 intel-

87 2037 242 2098 ligitur
280 2039 408 2098 quasi
433 2039 638 2084 Verbum
677 2038 735 2082 sit
773 2038 819 2082 in
852 2053 1038 2082 carnem
1081 2052 1368 2093 conversum,
1414 2053 1562 2098 neque
1595 2041 1659 2083 sic
1693 2040 1817 2099 quod
1842 2040 2047 2085 Verbum

89 2118 272 2151 carnem
298 2105 447 2150 solam
473 2105 765 2163 assumpserit
796 2114 873 2149 aut
903 2106 1106 2149 animam
1131 2105 1396 2150 sensitivam
1435 2106 1531 2150 sine
1565 2117 1743 2161 mente;
1770 2107 1865 2161 sed,
1892 2122 2048 2152 secun-

9 2186 23 2239 1ε
87 2171 197 2217 dum
238 2180 510 2217 consuetum
553 2171 812 2230 Scripturae
853 2171 1059 2226 modum,
1099 2172 1281 2230 ponitur
1314 2188 1417 2231 pars
1449 2187 1532 2232 pro
1558 2184 1672 2228 toto,
1706 2185 1754 2218 ut
1779 2175 1844 2219 sic
1871 2175 2046 2220 dictum

85 2238 170 2285 sit:
204 2239 383 2284 Verbum
408 2251 507 2283 caro
527 2238 689 2294 factum
713 2245 785 2292 est,
805 2252 858 2282 ac
885 2238 922 2282 si
948 2238 1195 2284 diceretur:
1214 2238 1420 2283 Verbum
1447 2240 1589 2284 homo
1616 2240 1789 2285 facturn
1809 2251 1898 2287 est:
1934 2256 2044 2287 nam

84 2314 131 2350 et
146 2303 299 2350 anima
318 2304 546 2349 interdum
557 2305 740 2363 ponitur
756 2317 838 2363 pro
852 2305 1041 2348 homine
1058 2305 1105 2349 in
1125 2305 1382 2364 Scriptura;
1407 2307 1567 2350 dicitur
1591 2309 1713 2351 enim
1731 2307 1944 2365 (Exodst.
1960 2308 2042 2366 5.):

83 2372 223 2419 Eram
252 2385 391 2416 omnes
421 2373 587 2416 animae
612 2386 756 2415 eorum
787 2373 859 2430 qui
890 2373 1036 2430 egressi
1066 2378 1159 2416 sunt
1191 2372 1239 2417 de
1262 2373 1424 2431 femore
1443 2374 1572 2430 Jacob
1603 2376 1861 2434 septuaginta
1870 2391 1887 2427 ,·
1921 2375 2045 2421 simi-

0 2432 18 2503 ξ
83 2437 186 2484 liter
210 2437 348 2482 etiam
385 2447 429 2482 et
474 2451 581 2482 caro
607 2451 689 2496 pro
712 2447 811 2483 toto
848 2438 1037 2482 homine
1074 2439 1283 2497 ponitur;
1326 2440 1489 2484 dicitur
1526 2441 1649 2484 enim
1691 2442 1797 2500 (Isa.
1825 2442 1920 2487 XL.
1954 2442 2041 2500 5.):

18 2516 21 2519 ·
92 2504 251 2550 Videbit
274 2506 407 2550 omnis
437 2518 536 2551 caro
550 2506 718 2564 pariter
743 2504 850 2563 quod
881 2519 923 2549 οε
953 2506 1134 2549 Domini
1165 2506 1348 2550 locutum
1381 2513 1446 2551 est.
1482 2507 1556 2551 Sic
1582 2508 1719 2566 igitur
1749 2519 1794 2552 et
1830 2509 1906 2553 hic
1934 2523 2040 2554 caro

8 2593 16 2606 s
80 2578 164 2630 pro
188 2580 288 2616 toto
312 2570 502 2616 homine
541 2571 722 2630 ponitur
767 2571 823 2616 ad
855 2571 1199 2630 exprimendam
1233 2573 1463 2618 humanae
1495 2584 1683 2619 naturae
1710 2574 2039 2631 infirmitatem,

8 2659 25 2686 ι
83 2647 223 2697 quam
248 2636 452 2683 Verbum
478 2637 735 2696 assumpsit.

18 2705 24 2756 ζ
171 2703 222 2749 Si
251 2714 407 2749 autem
430 2703 640 2749 Christus
666 2704 917 2748 humanam
944 2717 1130 2749 carnem
1171 2714 1216 2749 et
1255 2690 1507 2750 humanam
1545 2707 1748 2751 animam
1789 2708 1962 2765 habuit,
1990 2719 2039 2755 ut

82 2780 319 2817 ostensum
344 2780 426 2824 est,
459 2769 751 2815 manifestum
777 2778 844 2815 est
869 2770 1073 2815 animam
1100 2770 1272 2816 Christi
1293 2785 1388 2816 non
1412 2772 1549 2818 fuisse
1577 2784 1680 2818 ante
1707 2775 1913 2834 corporis
1941 2778 2038 2835 ejus

6 2870 36 2877 ,
81 2837 446 2896 conceptionem.
474 2836 726 2883 Ostensum
766 2847 832 2882 est
865 2837 987 2881 enim
1019 2837 1140 2896 (Lib.
1167 2838 1222 2881 II.
1256 2852 1294 2882 c.
1331 2839 1424 2898 83.)
1453 2840 1575 2898 quod
1601 2840 1830 2886 humanae
1856 2843 2036 2888 animae

16 2927 33 2954 :f
79 2903 271 2963 propriis
284 2903 549 2963 corporibus
570 2917 665 2947 non
683 2903 1024 2963 praeexsistunt.
1050 2903 1182 2947 Unde
1198 2914 1321 2963 patet
1338 2904 1504 2950 falsum
1517 2920 1616 2951 esse
1629 2907 1846 2967 Origenis
1865 2909 2036 2968 dogma

79 2970 268 3016 dicentis
295 2970 497 3016 animam
523 2970 695 3016 Christi
727 2970 780 3014 ab
817 2970 948 3015 initio
985 2969 1090 3015 ante
1128 2971 1390 3029 corporales
1427 2984 1655 3019 creaturas
1683 2989 1789 3019 cum
1818 2976 2035 3022 omnibus

23 3077 30 3082 Α,
79 3036 179 3083 aliis
205 3037 420 3083 creaturis
445 3036 748 3097 spiritualibus
781 3047 997 3091 creatam,
1025 3047 1070 3082 et
1095 3051 1121 3082 a
1147 3038 1301 3083 Verbo
1335 3040 1423 3084 Dei
1456 3051 1752 3100 assumptam,
1778 3052 1825 3088 et
1845 3043 2034 3091 demum

27 3140 31 3166 3
79 3103 205 3149 circa
222 3102 362 3150 finem
382 3103 672 3149 saeculorum
696 3117 779 3163 pro
805 3103 950 3149 salute
977 3103 1223 3148 hominum
1249 3119 1386 3151 carne
1411 3105 1549 3152 fuisse
1576 3108 1796 3154 indutam.

210 3648 247 3684 S.
273 3648 426 3685 Tuon!
452 3650 585 3690 Summa
609 3658 719 3687 eonem
746 3651 902 3689 Gentiles.
1858 3674 1896 3708 39
