2332 3854
259 224 370 309 482
894 253 1048 291 LlBER
1088 253 1163 291 111.
1207 253 1327 291 CAP.
1370 252 1595 292 cxxvm.

260 357 404 410 debet,
433 367 476 401 et
510 356 647 400 etiam
681 355 924 399 liberaliter
956 355 1238 412 superaddit3
1266 355 1384 399 unde
1410 365 1507 400 tota
1528 355 1643 415 legis
1659 356 1866 416 impletio
1893 371 1948 401 ex
1974 356 2218 404 dilectione

263 424 500 483 dependet,
529 423 780 466 secundum
807 421 918 464 illud
952 421 1165 479 Apostoli
1192 421 1351 480 (Rom.
1373 422 1497 466 XIII.
1535 422 1648 479 10.):
1675 423 1892 468 Plenitudo
1919 424 2016 483 legis
2045 430 2100 470 est
2124 424 2221 470 dite-

257 492 364 548 ctio,·
384 500 427 533 et
443 490 673 532 Dominus
696 488 805 531 dicit
823 487 1007 544 (Matth.
1033 487 1179 531 XXII.
1206 487 1300 544 40.)
1324 488 1447 547 quod
1469 490 1514 533 in
1541 490 1601 534 his
1625 489 1782 534 duobus
1806 489 2026 544 mandalis,
2045 488 2220 535 scillcet

256 556 303 600 in
327 556 569 599 dilectione
596 555 697 606 Dei,
721 564 765 597 et
786 554 996 612 proximi,
1017 555 1213 598 universa
1230 554 1296 598 lex
1313 555 1470 614 pendet.
1495 556 1602 610 Sed,
1624 557 1730 614 quia
1753 555 1891 614 aliqui
1915 555 2102 601 interius
2120 569 2217 602 non

256 632 360 666 sunt
371 624 434 665 sic
450 620 654 679 dispositi
672 629 717 663 ut
732 634 783 663 ex
799 619 957 677 seipsis
976 630 1139 678 sponte
1154 619 1326 665 faciant
1341 621 1463 680 quod
1477 621 1547 665 lex
1564 623 1702 679 jubet,
1714 622 1766 665 ab
1787 622 1997 667 exteriori
2007 623 2216 669 trahendi

260 699 364 732 sunt
391 688 445 730 ad
472 687 691 745 justitiam
710 686 823 744 legis
846 686 1153 745 implendam3
1181 687 1303 746 quod
1335 688 1518 747 quidem
1552 688 1600 732 fit
1632 689 1741 732 dum
1766 690 1932 734 timore
1952 700 2218 748 poenarum,

255 769 351 798 non
380 753 642 806 liberaliter,
670 753 747 796 sed
782 753 1002 796 serviliter
1027 753 1180 812 legem
1205 753 1421 813 implent3
1449 756 1567 799 unde
1595 755 1756 799 dicitur
1789 756 1896 814 (Isa.
1928 755 2094 801 XXVI.
2126 757 2217 818 9.):

255 824 398 878 Quum
406 822 557 879 feceris
579 820 742 877 judicia
765 827 839 864 tua
856 821 900 864 in
923 826 1050 873 terra,
1077 820 1252 865 scilicet
1274 822 1505 881 puniendo
1524 821 1687 876 malos,
1702 825 1910 879 justitiam
1927 822 2080 868 discent
2101 825 2220 869 habi-

253 895 404 933 tatores
426 889 549 931 orbis.
577 887 670 930 Alii
693 901 801 930 vero
829 888 892 930 sic
920 897 1025 931 sunt
1051 887 1255 946 dispositi
1274 899 1322 932 ut
1347 903 1400 933 ex
1427 889 1585 947 seipsis
1612 899 1773 948 sponte
1791 888 1962 935 faciant
1992 891 2115 950 quod
2142 890 2218 936 lex

250 956 388 1013 jubet.
408 953 607 997 Secundi
632 954 767 1012 igitur
785 954 867 998 sibi
886 954 970 1012 ipsi
996 965 1099 998 sunt
1115 954 1201 1008 lex,
1217 955 1438 1000 habentes
1465 956 1717 1010 caritatem,
1734 970 1850 1015 quae
1877 970 1957 1002 eos
1973 956 2082 1002 loco
2102 957 2218 1016 legis

253 1021 442 1066 inclinat
474 1031 518 1064 et
542 1020 788 1064 liberaliter
820 1021 999 1079 operari
1024 1019 1144 1065 facit.
1179 1022 1273 1065 Lex
1299 1023 1435 1081 igitur
1462 1023 1657 1066 exterior
1681 1037 1775 1066 non
1800 1022 1884 1067 fuit
1907 1026 2217 1069 necessarium

255 1088 377 1147 quod
411 1098 595 1146 propter
628 1101 707 1131 eos
733 1097 1001 1146 poneretur3
1025 1088 1104 1131 sed
1130 1098 1314 1148 propter
1339 1088 1444 1133 illos
1471 1089 1548 1148 qui
1570 1103 1623 1133 ex
1646 1089 1804 1149 seipsis
1826 1102 1919 1134 non
1944 1089 2219 1135 inclinantur

255 1155 311 1198 ad
342 1155 542 1208 bonum3
565 1155 685 1198 unde
712 1154 875 1198 dicitur
901 1153 957 1212 (Ι.
986 1153 1110 1197 Tim.
1137 1155 1170 1199 Ι.
1194 1155 1283 1215 9.):
1317 1157 1406 1200 Lex
1432 1159 1542 1214 justo
1568 1171 1652 1200 non
1678 1163 1733 1201 est
1756 1158 1906 1215 posita,
1933 1155 1999 1202 sed
2022 1158 2184 1216 injustis
2199 1174 2217 1207 ‚-

256 1221 378 1280 quod
399 1236 494 1265 non
513 1231 579 1265 est
602 1223 665 1265 sic
685 1220 1032 1280 intelligendum
1055 1222 1184 1280 quasi
1200 1223 1305 1280 justi
1320 1237 1413 1266 non
1431 1233 1669 1267 teneantur
1681 1223 1736 1267 ad
1753 1222 1905 1283 legem
1922 1222 2219 1283 implendam,

257 1299 305 1332 ut
325 1288 514 1346 quidam
536 1287 657 1331 male
684 1287 1018 1342 intellexerunt,
1036 1288 1114 1332 sed
1133 1289 1237 1348 quia
1262 1289 1337 1333 isti
1363 1289 1637 1334 inclinantur
1658 1304 1713 1335 ex
1739 1291 1897 1349 seipsis
1922 1290 1979 1336 ad
2000 1290 2217 1374 justitiam

239 1355 529 1409 faciendam,
553 1355 691 1399 etiam
718 1355 813 1399 sine
840 1353 956 1414 lege.

958 1500 1213 1556 CAPUT
1255 1500 1517 1557 CXXIX.

261 1630 421 1677 QUOD
454 1630 511 1669 IN
532 1629 777 1668 HUMANIS
796 1629 1031 1668 ACTIBUS
1056 1630 1198 1669 SUNT
1220 1630 1428 1676 ALIQUA
1442 1630 1622 1669 RECTA
1640 1629 1941 1670 SECUNDUM
1953 1631 2220 1673 NATURAM

703 1705 774 1742 ET
807 1705 923 1743 NON
958 1704 1146 1742 SOLUM
1180 1705 1345 1751 QUASI
1378 1705 1520 1743 LEGE
1552 1705 1770 1744 POSITA.

347 1814 412 1858 Ex
445 1813 706 1873 praemissis
739 1823 892 1858 autem
925 1824 1111 1873 apparet
1143 1813 1266 1872 quod
1298 1828 1352 1858 ea
1385 1827 1501 1873 quae
1546 1813 1699 1859 divina
1736 1813 1839 1873 lege
1879 1814 2217 1874 praecipiuntur

256 1881 574 1926 rectitudinem
600 1881 783 1935 habent,
809 1895 904 1924 non
931 1881 1083 1925 solum
1106 1883 1211 1939 quia
1237 1891 1341 1926 sunt
1371 1881 1473 1940 lege
1499 1882 1662 1940 posita,
1695 1881 1775 1926 sed
1801 1881 1941 1926 etiam
1965 1881 2218 1927 secundum

255 1959 479 1993 naturam.
1977 1968 1979 1970 ·

343 2016 408 2059 Ex
440 2015 695 2075 praeceptis
741 2014 863 2058 enim
891 2013 1004 2073 legis
1039 2015 1218 2059 divinae
1246 2029 1376 2060 mens
1409 2014 1612 2059 hominis
1650 2015 1883 2061 ordinatur
1912 2015 1994 2060 sub
2019 2015 2140 2070 Deo,
2173 2026 2219 2062 et

257 2083 414 2126 omnia
441 2082 529 2125 alia
562 2096 678 2140 quae
712 2091 816 2126 sunt
841 2081 887 2125 in
913 2081 1103 2125 homine
1130 2082 1211 2125 sub
1237 2082 1427 2126 ratione.
1456 2082 1558 2125 Hoc
1587 2092 1739 2126 autem
1771 2081 1989 2127 naturalis
2014 2082 2130 2128 ordo
2153 2096 2219 2128 re-

252 2150 389 2209 quirit
421 2149 543 2207 quod
565 2147 782 2192 inferiora
807 2149 1115 2207 superioribus
1134 2149 1397 2194 subdantur.
1425 2149 1541 2193 Sunt
1562 2149 1700 2208 igitur
1726 2162 1779 2194 ea
1801 2163 1918 2209 quae
1939 2148 2042 2210 lege
2063 2150 2216 2195 divina

247 2217 583 2276 praecipiuntur
607 2215 860 2259 secundum
886 2229 934 2260 se
960 2215 1224 2260 naturaliter
1248 2226 1385 2260 recta.
2105 2249 2107 2253 -

336 2283 596 2327 Praeterea·
616 2282 828 2326 homines
851 2295 903 2326 ex
922 2282 1073 2326 divina
1096 2282 1379 2340 providentia
1401 2282 1649 2327 sortiuntur
1670 2281 1876 2328 naturale
1891 2254 2217 2342 judicatorium

249 2350 457 2404 rationis,
489 2359 538 2393 ut
567 2348 841 2408 principium
868 2349 1155 2407 propriarum
1182 2349 1516 2408 operationum.
1549 2349 1809 2394 Naturalia
1804 2359 1973 2395 autem
1997 2351 2219 2411 principia

248 2417 302 2460 ad
331 2416 677 2461 ea'ordinantur
710 2429 826 2474 quae
852 2425 958 2459 sunt
988 2415 1264 2460 naturaliter.
1300 2416 1415 2460 Sunt
1436 2416 1575 2474 igitur
1608 2415 1787 2475 aliquae
1820 2417 2110 2475 operationes
2140 2432 2218 2463 na·

247 2483 452 2528 turaliter
472 2482 651 2526 homini
676 2482 1014 2536 convenientes,
1041 2496 1157 2541 quae
1184 2492 1288 2527 sunt
1313 2483 1566 2527 secundum
1593 2497 1642 2527 se
1675 2493 1842 2537 rectae,
1862 2493 1919 2528 vet
1942 2497 2039 2529 non
2063 2483 2217 2530 solum

252 2551 382 2610 quasi
408 2549 510 2608 lege
533 2549 723 2608 positae.

337 2618 601 2661 Praeterea:
637 2629 1034 2674 quorumcumque
1067 2625 1135 2660 est
1166 2626 1327 2660 natura
1361 2616 1678 2691 determinata,
1709 2626 1894 2675 oportet
1923 2630 2023 2662 esse
2062 2630 2218 2677 opera

247 2684 395 2728 tiones
413 2683 735 2727 determinatas
758 2696 875 2741 quae
891 2682 954 2731 illi
974 2693 1163 2727 naturae
1185 2683 1484 2728 conveniant.
1503 2683 1684 2741 propria
1703 2683 1826 2727 enim
1843 2683 2050 2743 operatio
2066 2684 2218 2730 unius-

249 2753 468 2811 cujusque
501 2760 712 2795 naturam
755 2750 896 2808 ipsius
930 2750 1143 2808 sequitur.
1180 2749 1377 2805 Constat
1410 2759 1562 2793 autem
1595 2750 1839 2795 hominum
1871 2759 2091 2799 naturam·
2115 2764 2217 2797 esse

249 2818 613 2863 determinatam.
649 2817 847 2876 Oportet
872 2817 1009 2875 igitur
1035 2826 1133 2861 esse
1161 2817 1335 2876 aliquas
1367 2817 1659 2875 operationes
1685 2817 1937 2868 secundum
1962 2830 2011 2862 se
2035 2816 2216 2863 homini

250 2885 591 2931 convenientes.

338 2952 528 2996 Adhuc:
559 2951 831 3010 cuicumque
859 2960 927 2995 est
949 2950 1119 3010 aliquid
1145 2950 1365 3005 naturale,
1393 2961 1573 3010 oportet
1590 2965 1689 2995 esse
1705 2950 1911 2997 naturale
1931 2951 1978 2997 id
2003 2952 2100 2998 sine
2122 2966 2214 3022 quo

247 3019 359 3065 illud
390 3019 550 3063 haberi
580 3032 676 3062 non
702 3028 877 3077 potest;
911 3027 1071 3062 natura
1107 3018 1231 3062 enim
1264 3032 1358 3062 non
1391 3017 1576 3062 deficit
1565 3033 1612 3062 m
1638 3018 1918 3063 necessariis.
1951 3018 2030 3064 Est
2058 3019 2215 3065 autem

247 3086 428 3131 homini
450 3085 655 3130 naturale
683 3085 804 3144 quod
838 3087 896 3128 sit
923 3084 1094 3128 animal
1118 3085 1315 3139 sociale3
1342 3085 1464 3144 quod
1493 3100 1547 3129 ex
1572 3085 1663 3130 hoc
1691 3085 1942 3131 ostenditur
1966 3086 2072 3146 quia
2097 3099 2214 3132 unus

247 3156 392 3199 homo
429 3153 552 3199 solus
585 3167 678 3198 non
711 3151 875 3196 sufficit
903 3152 958 3196 ad
985 3153 1141 3196 omnia
1169 3167 1285 3211 quae
1318 3162 1423 3196 sunt
1448 3152 1677 3197 humanae
1702 3152 1823 3199 vitae
1853 3153 2123 3201 necessaria.
2149 3152 2214 3199 Ea

248 3222 384 3282 igitur
409 3222 506 3265 sine
530 3220 690 3280 quibus
717 3219 912 3263 societas
940 3219 1143 3263 humana
1170 3219 1430 3266 conservari
1454 3233 1549 3264 non
1571 3228 1735 3278 potest,
1761 3228 1866 3269 sunt
1885 3219 2067 3267 homini
2083 3230 2215 3269 natu-

249 3293 401 3337 raliter
434 3292 766 3336 convenientia.
796 3290 1071 3349 Hujusmodi
1099 3300 1250 3334 autem
1279 3300 1383 3334 sunt
1415 3290 1658 3366 unicuique
1691 3289 1813 3350 quod
1845 3303 1978 3334 suum
2009 3298 2079 3334 est
2108 3301 2214 3335 con·

250 3374 442 3414 servare,
477 3368 520 3404 et
547 3358 600 3402 ab
628 3358 801 3415 iniuriis
835 3357 1074 3402 abstinere.
1103 3357 1220 3401 Sunt
1245 3357 1382 3416 igitur
1407 3356 1594 3416 aliqua
1583 3372 1629 3402 m
1656 3356 1870 3402 humanis
1891 3355 2064 3404 actibus
2087 3364 2213 3403 natu-

252 3426 402 3470 raliter
430 3436 566 3471 recta
1861 3450 1873 3467 .-

339 3493 579 3552 Amplius.
615 3506 749 3550 supra
783 3501 1019 3536 ostensum
1057 3500 1124 3536 est
1159 3490 1280 3550 quod
1318 3490 1463 3536 honio
1496 3490 1760 3536 naturaliter
1794 3490 1886 3537 hoc
1916 3489 2060 3536 hebet
2087 3488 2213 3549 quod

249 3569 398 3603 utatur
424 3560 555 3604 rebus
582 3558 866 3604 inferioribus
893 3558 950 3603 ad
982 3572 1090 3604 suae
1113 3558 1232 3604 vitae
1258 3558 1603 3614 necessitatem;
1631 3568 1698 3603 est
1723 3566 1897 3604 autem
1911 3554 2062 3616 aliqua
2086 3569 2213 3602 men·

249 3639 351 3673 sura
384 3625 680 3673 determinata
715 3625 966 3672 secundum
994 3640 1130 3686 quam
1158 3639 1265 3672 usus
1298 3625 1631 3687 praedictarum
1659 3638 1812 3673 rerum
1832 3623 2062 3676 humanae
2086 3621 2207 3672 Vme

2317 2144 2319 2146 ’
2316 2108 2326 2125 *⁷*
2315 1769 2332 2099 'aemzzuaffi-ffimrmfflmm
2330 1750 2332 1756 o
2328 1734 2332 1738 ‚
2326 1657 2332 1694 -.«-,
