2332 3854
209 202 319 273 284
925 216 1081 255 LIBER
1120 215 1176 254 11:
1219 215 1339 255 CAP.
1382 216 1432 254 e.

1006 403 1261 460 CAPUT
1304 403 1368 460 C.

320 548 478 594 QUOD
522 545 895 586 SUBSTANTIAE
936 546 1248 585 SEPARATAE
1290 544 1667 587 COGNOSCUNT
1709 545 2052 586 SINGULARIA.

774 656 827 714 (Ι.
854 663 970 716 part.
997 663 1151 716 quaest.
1179 657 1321 721 LVII.
1355 664 1436 703 art.
1466 658 1543 717 7.).

298 775 420 827 Quia
452 787 560 818 vero
594 773 912 818 similitudines
944 788 1112 828 rerum,
1143 774 1190 818 in
1222 774 1455 820 intellectu
1481 774 1757 819 substantiae
1789 784 2037 834 separatae,
2062 784 2167 819 sunt

209 841 559 885 universaliores
601 854 739 898 quam
779 841 826 885 in
858 840 1092 886 intellectu
1123 851 1296 896 nostro,
1334 852 1379 886 et
1415 841 1694 886 efficaciores
1727 841 1782 885 ad
1812 842 1903 886 hoc
1934 842 2058 901 quod
2087 855 2168 900 per

208 922 283 952 eas
311 908 478 966 aliquid
506 917 813 965 cognoscatur
838 922 919 966 per
945 907 1262 953 similitudines
1288 923 1438 952 rerum
1462 908 1782 963 materialium,
1801 909 2076 954 substantiae
2102 922 2167 953 se-

206 985 390 1034 paratae
421 989 515 1018 non
547 974 699 1018 solum
733 985 1020 1032 cognoscunt
1050 989 1121 1019 res
1154 975 1412 1020 materiales
1445 975 1698 1020 secundum
1729 976 1957 1020 rationem
1989 975 2164 1035 generis

206 1041 281 1086 vel
306 1042 486 1100 speciei,
513 1042 629 1084 sicut
653 1040 911 1085 intellectus
937 1051 1105 1095 noster,
1132 1043 1210 1086 sed
1237 1043 1375 1086 etiam
1408 1043 1659 1087 secundum
1683 1043 1927 1088 individua.

297 1109 457 1160 Quum
484 1108 608 1152 enim
634 1109 807 1167 species
834 1122 986 1152 rerum
1012 1109 1060 1152 in
1085 1108 1318 1153 intellectu
1351 1110 1614 1154 exsistentes
1641 1119 1852 1168 oporteat
1883 1123 1983 1154 esse
2007 1109 2168 1153 imma-

205 1175 400 1229 teriales,
426 1189 518 1219 non
545 1185 773 1234 poterunt,
799 1176 1054 1219 secundum
1077 1176 1199 1235 quod
1226 1187 1331 1221 sunt
1355 1177 1402 1220 in
1429 1176 1661 1221 intellectu
1687 1186 1863 1231 nostro,
1889 1191 1987 1226 esse
2008 1176 2168 1235 princi-

206 1244 333 1303 pium
360 1242 670 1301 cognoscendi
696 1241 957 1301 singularia,
984 1257 1101 1301 quae
1123 1257 1202 1302 per
1219 1243 1460 1287 materiam
1483 1243 1834 1298 individuantur,
1853 1256 1909 1287 eo
1927 1242 2049 1302 quod
2074 1255 2169 1302 spe-

207 1312 298 1355 cies
324 1311 580 1356 intellectus
602 1314 745 1357 nostri
760 1314 808 1357 in
830 1323 1008 1358 tantum
1026 1324 1130 1359 sunt
1156 1324 1417 1359 contractae
1433 1314 1609 1359 virtutis
1628 1315 1750 1373 quod
1768 1328 1859 1358 una
1875 1314 1999 1358 ducit
2015 1312 2168 1359 solum

204 1378 252 1421 in
279 1379 594 1436 cognitionem
620 1380 778 1434 unius3
805 1381 940 1436 unde,
967 1378 1082 1425 sicut
1108 1380 1358 1425 similitudo
1383 1391 1571 1425 naturae
1594 1382 1772 1441 generis
1798 1395 1893 1426 non
1917 1390 2069 1440 potest
2093 1380 2170 1435 du-

206 1460 308 1490 cere
334 1446 381 1489 in
409 1447 720 1505 cognitionem
749 1448 927 1506 generis
955 1457 998 1492 et
1025 1447 1318 1503 differentiae,
1345 1458 1394 1492 ut
1419 1462 1499 1506 per
1525 1462 1629 1492 eam
1650 1448 1825 1507 species
1848 1457 2169 1506 cognoscatur,

204 1513 267 1557 ita
294 1513 541 1557 similitudo
568 1524 757 1558 naturae
783 1514 952 1574 speciei
977 1528 1071 1559 non
1097 1525 1247 1573 potest
1272 1515 1495 1559 deducere
1522 1515 1569 1558 in
1596 1515 1910 1573 cognitionem
1927 1513 2170 1574 principio-

205 1594 308 1623 rum
333 1581 501 1639 speciei
528 1581 978 1626 et-individuantium
1005 1596 1120 1640 quae
1143 1592 1247 1626 sunt
1267 1583 1488 1641 principia
1514 1582 1781 1636 materialia,
1807 1592 1957 1641 utper
1981 1595 2085 1626 eam
2105 1580 2170 1631 in,-

207 1647 441 1691 dividuum
472 1647 519 1690 in
552 1662 632 1691 sua
665 1648 975 1706 singularitate
1004 1660 1322 1707 cognoscatur.
1359 1649 1621 1693 Similitudo
1647 1663 1757 1693 vero
1783 1648 2040 1694 intellectus
2072 1647 2172 1693 sub-

207 1715 397 1759 stantiae
420 1725 670 1774 separatae,
689 1730 829 1774 quum
851 1716 907 1760 sit
928 1715 1195 1760 universalis
1221 1716 1411 1770 virtutis,
1429 1731 1519 1760 una
1537 1727 1580 1761 et
1596 1715 1908 1761 immaterialis
1934 1715 2167 1768 exsistens,

207 1791 357 1841 potest
384 1782 548 1826 ducere
580 1782 626 1825 in
654 1783 970 1841 cognitionem
1001 1783 1329 1842 principiorum
1361 1783 1530 1841 speciei
1556 1793 1600 1827 et
1625 1782 2020 1836 individuantium,
2052 1795 2170 1842 quae
2218 1776 2225 1779 λ

207 1858 312 1893 sunt
337 1849 556 1908 principia
573 1849 839 1904 materialia,
866 1850 928 1894 ita
955 1850 1076 1909 quod
1094 1864 1173 1908 per
1190 1864 1292 1894 eam
1311 1851 1559 1894 substantia
1579 1859 1783 1908 separata
1800 1863 1895 1894 non
1910 1849 2062 1894 solum
2078 1862 2171 1892 ma-

206 1916 369 1959 teriam
396 1916 573 1974 generis
598 1926 641 1960 et
666 1917 848 1975 speciei,
876 1917 955 1961 sed
979 1918 1117 1961 etiam
1137 1917 1358 1961 individui
1385 1931 1665 1976 cognoscere
1687 1919 1829 1975 possit
1853 1930 1933 1976 per
1957 1928 2092 1960 suum
2107 1915 2171 1960 in·

206 1981 455 2026 tellectum.
482 1982 580 2026 Nec
614 1983 814 2041 sequitur
840 1984 961 2042 quod
994 1983 1144 2027 forma
1176 1998 1256 2042 per
1289 1998 1425 2042 quam
1461 1983 1699 2042 cognoscit
1729 1983 1786 2027 sit
1811 1981 2072 2037 materialis,
2096 1981 2171 2026 vel

207 2049 330 2108 quod
363 2049 452 2093 sint
476 2049 678 2093 infinitae
705 2050 958 2093 secundum
984 2064 1229 2094 numerum
1256 2050 1610 2094 individuorum.

297 2116 484 2159 Adhuc:
518 2116 642 2175 quod
668 2126 816 2175 potest
849 2116 1036 2161 inferior
1067 2117 1208 2161 virtus
1245 2127 1395 2176 potest
1431 2126 1474 2161 et
1506 2117 1725 2176 superior,
1761 2117 1839 2162 sed
1875 2115 2171 2170 eminentius3

206 2183 327 2227 unde
345 2183 483 2227 virtus
509 2182 695 2227 inferior
713 2193 924 2241 operatur
946 2197 1026 2242 per
1042 2183 1199 2238 multa,
1223 2184 1299 2227 ubi
1323 2184 1464 2228 virtus
1491 2184 1696 2242 superior
1722 2198 1802 2243 per
1826 2197 1968 2228 unum
1993 2193 2171 2228 tantum

206 2259 440 2310 operatur3
467 2250 608 2294 virtus
635 2250 772 2304 enim,
800 2260 970 2309 quanto
998 2260 1066 2294 est
1090 2251 1311 2309 superior,
1333 2260 1460 2295 tanto
1493 2251 1640 2309 magis
1673 2250 1903 2309 colligitur
1927 2260 1972 2294 et
1996 2250 2170 2304 unitur;

207 2332 232 2362 e
260 2317 489 2360 contrario
515 2331 625 2360 vero
647 2317 788 2361 virtus
811 2316 997 2361 inferior
1013 2317 1225 2361 dividitur
1251 2327 1296 2362 et
1321 2317 1660 2376 multiplicatur,
1678 2317 1796 2361 unde
1818 2317 2025 2361 videmus
2048 2315 2170 2375 quod

207 2384 383 2428 diversa
412 2398 581 2442 genera
607 2384 906 2437 sensibilium,
940 2398 1055 2443 quae
1089 2385 1287 2443 quinque
1314 2399 1472 2429 sensus
1508 2385 1750 2429 exteriores
1782 2384 2050 2443 percipiunt,
2080 2396 2170 2427 una

206 2451 274 2495 vis
301 2465 459 2495 sensus
486 2451 747 2495 communis
774 2451 1085 2510 apprehendit.
1109 2452 1279 2494 Anima
1307 2461 1459 2496 autem
1485 2451 1687 2495 humana
1715 2460 1782 2495 est
1805 2449 1992 2495 inferior
2011 2449 2171 2494 ordine

207 2529 395 2563 naturae
423 2533 561 2577 quam
579 2518 828 2562 substantia
850 2528 1083 2577 separata3
1109 2518 1206 2577 ipsa
1234 2528 1387 2563 autem
1415 2518 1728 2577 cognoscitiva
1755 2528 1822 2563 est
1843 2515 2167 2562 universalium

209 2596 253 2630 et
284 2586 583 2644 singularium
615 2600 697 2644 per
728 2585 819 2629 duo
852 2585 1086 2644 principia,
1120 2585 1294 2630 scilicet
1325 2599 1404 2643 per
1437 2599 1622 2630 sensum
1657 2595 1702 2629 et
1731 2584 2027 2629 intellectum.
2062 2583 2173 2628 Sub-

207 2653 373 2697 stantia
398 2653 535 2711 igitur
560 2662 781 2710 separata,
808 2666 924 2711 quae
952 2662 1019 2697 est
1046 2651 1191 2706 altior,
1219 2653 1459 2711 cognoscit
1484 2661 1725 2711 utrumque
1748 2650 1898 2696 altiori
1918 2650 2061 2695 modo
2086 2663 2168 2710 per

208 2734 352 2764 unum
377 2720 666 2779 principium,
693 2718 868 2764 scilicet
892 2718 1191 2764 intellectum.

293 2788 434 2832 Item:
461 2787 634 2845 species
660 2801 812 2831 rerum
838 2785 1146 2845 intelligibiles
1175 2787 1404 2831 contrario
1431 2786 1590 2830 ordine
1616 2785 1885 2845 perveniunt
1916 2783 1974 2829 ad
1998 2782 2172 2829 intelle·

209 2865 333 2900 ctum
358 2864 582 2909 nostrum,
615 2864 659 2899 et
688 2853 973 2915 intellectum
1014 2853 1291 2898 substantiae
1325 2863 1584 2912 separatae3
1627 2853 1683 2897 ad
1724 2851 2007 2905 intellectum
2048 2851 2171 2896 enim

207 2932 415 2967 nostrum
440 2921 709 2981 perveniunt
733 2935 814 2980 per
838 2921 963 2965 viam
994 2921 1302 2975 resolutionis,
1329 2920 1505 2965 scilicet
1530 2935 1611 2980 per
1639 2919 1992 2964 abstractionem
2015 2932 2041 2963 a
2067 2931 2174 2964 con-

208 2989 453 3034 ditionibus
480 2988 789 3033 materialibus
822 2998 867 3032 et
897 2988 1308 3043 individuantibus;
1335 2988 1454 3031 unde
1485 3002 1566 3046 per
1598 3002 1675 3032 eas
1708 2985 1952 3046 singularia
1985 3000 2011 3030 a
2041 2985 2173 3031 nobis

209 3056 431 3114 cognosci
454 3070 549 3100 non
575 3065 787 3115 possunt;
817 3055 871 3098 ad
890 3054 1174 3099 intellectum
1193 3065 1346 3099 autem
1363 3055 1639 3099 substantiae
1655 3065 1890 3114 separatae
1906 3053 2173 3113 perveniunt
2207 3086 2210 3092 -

207 3123 381 3181 species
407 3121 715 3181 intelligibiles
742 3122 870 3181 quasi
895 3135 975 3180 per
999 3122 1123 3166 viam
1161 3121 1536 3180 compositionis;
1577 3121 1715 3165 habet
1747 3121 1871 3166 enim
1911 3120 2086 3180 species
2110 3120 2176 3165 in-

207 3189 464 3249 telligibiles
492 3205 546 3234 ex
573 3189 900 3235 assimilatione
927 3189 995 3234 sui
1024 3189 1078 3233 ad
1105 3189 1300 3248 primam
1326 3188 1659 3248 intelligibilem
1691 3188 1893 3248 speciem
1917 3185 2173 3233 intellectus

208 3258 362 3313 divini,
388 3272 505 3316 quae
532 3257 717 3316 quidem
742 3271 837 3300 non
863 3266 931 3301 est
957 3269 982 3299 a
1008 3256 1140 3300 rebus
1169 3257 1407 3310 abstracta,
1431 3256 1508 3301 sed
1535 3270 1687 3300 rerum
1712 3255 1892 3300 factiva.
1918 3254 2000 3300 Est
2019 3261 2172 3304 autem

209 3324 373 3368 factiva
399 3339 493 3368 non
515 3323 666 3368 solum
688 3323 880 3378 formae,
907 3322 985 3367 sed
1009 3323 1239 3377 materiae,
1263 3337 1379 3382 quae
1402 3333 1470 3368 est
1490 3322 1861 3367 individuationis
1885 3321 2172 3382 principium.

211 3390 395 3450 Species
421 3392 557 3449 igitur
588 3390 842 3435 intellectus
875 3390 1150 3435 substantiae
1177 3399 1410 3450 separatae
1437 3400 1582 3434 totam
1604 3404 1703 3435 rem
1728 3389 1988 3450 respiciunt,
2015 3397 2060 3434 et
2077 3398 2173 3435 non

210 3458 361 3502 solum
388 3457 608 3517 principia
631 3458 815 3517 speciei,
842 3457 922 3502 sed
949 3457 1087 3503 etiam
1111 3457 1330 3517 principia
1351 3457 1692 3501 individuantia.
1714 3456 1822 3501 Non
1846 3464 1913 3502 est
1931 3455 2069 3516 igitur
2087 3456 2174 3501 sin-

212 3525 438 3584 gularium
478 3525 680 3584 cognitio
708 3523 1013 3569 subtrahenda
1039 3523 1298 3569 substantiis
1325 3523 1555 3583 separatis,
1590 3522 1698 3568 licet
1735 3521 1993 3568 intellectus
2017 3531 2174 3567 noster

212 3590 459 3651 singularia
493 3605 776 3651 cognoscere
808 3605 903 3637 non
930 3590 1086 3652 possit.
