2332 3854
0 858 15 917 π
0 765 15 834 '5:1—
12 751 13 754 „
0 712 14 740 ἶ*

319 198 387 267 98
977 180 1134 253 Lmen
1172 214 1207 251 1.
1249 212 1368 251 cAP.
1409 211 1616 251 Lxxxn.

320 316 417 373 ejus
444 315 499 358 ad
527 314 649 373 quod
672 315 848 370 dicitur,
873 314 1099 357 invenitur
1117 313 1267 371 aliqu-a
1291 313 1432 356 virtus
1459 312 1518 356 ad
1541 311 1804 358 utrumlibet
1829 326 1942 367 esse,
1975 313 2157 371 quando
2179 327 2277 373 per·

323 382 442 426 fecta
469 382 673 440 operatio
707 381 882 425 virtutis
909 395 933 424 a
959 390 1119 424 neutro
1148 379 1388 436 dependet,
1411 379 1489 423 sed
1521 388 1674 424 tamen
1707 389 1948 439 utrumque
1981 393 2080 423 esse
2101 381 2276 439 potet-m

322 450 439 493 sicut
463 463 533 493 ars
562 463 678 507 quae
711 448 898 492 diversis
924 447 1234 491 instrumentis
1266 446 1332 490 uti
1357 455 1507 505 potest
1532 446 1588 490 ad
1613 446 1736 490 idem
1762 460 1877 504 opus
1909 446 2158 504 aequaliter
2181 460 2279 505 per·

319 515 580 559 ficiendum.
610 516 710 558 Hoc
730 524 881 558 autem
909 514 964 557 ad
987 512 1386 571 imperfectionem
1405 513 1581 557 virtutis
1598 527 1691 556 non
1717 513 1923 571 pertinet,
1949 512 2029 556 sed
2055 512 2204 571 magis
2220 512 2276 556 ad

320 584 417 640 ejus
460 582 769 634 eminentiam,
812 581 858 623 in
885 589 1105 638 quantum
1146 579 1407 623 utrumlibet
1447 579 1763 638 oppositorum
1805 578 1993 632 excedit,
2025 588 2071 622 et
2101 578 2159 623 ob
2184 577 2275 623 hoc

319 648 645 692 determinatur
672 648 726 691 ad
756 656 968 690 neutrum
995 659 1042 689 se
1069 645 1125 688 ad
1152 645 1415 690 utrumlibet
1446 646 1632 689 habens.
1667 645 1742 689 Sic
1770 654 1921 688 autem
1955 654 2022 688 est
2051 644 2099 688 in
2123 644 2276 689 divina

318 714 551 758 voluntate
584 723 790 772 respectu
830 711 1025 755 aliorum
1058 726 1083 755 a
1109 726 1183 766 se;
1209 726 1317 756 nam
1343 711 1444 756 finis
1477 714 1572 771 eJus
1600 726 1626 755 a
1656 711 1783 755 nullo
1811 711 2006 755 aliorum
2038 711 2274 770 dependet,

320 794 425 823 cum
449 790 603 824 tamen
630 780 726 837 ipsa
753 779 831 821 fini
853 792 935 822 suo
954 777 1280 836 perfectissime
1312 779 1371 822 sit
1395 779 1532 822 unita
1560 778 1667 822 Non
1688 778 1826 836 igitur
1852 786 2033 836 oportet
2053 778 2274 853 potentia·

321 846 496 890 litatem
523 846 722 903 aliquam
755 845 799 887 in
823 845 974 888 divina
1000 844 1234 889 voluntate
1257 845 1379 904 poni.
2183 868 2185 870 v

403 912 621 956 Similiter
648 921 799 954 autem
826 925 911 954 nec
938 911 1302 955 mutabilitatem.
1327 911 1375 954 Si
1402 912 1523 954 enim
1545 911 1592 954 in
1615 911 1768 954 divina
1791 909 2028 955 voluntate
2053 907 2180 954 nulla
2203 921 2271 956 est

311 978 631 1036 potentialitas,
668 992 760 1020 non
794 977 857 1020 sic
892 978 1060 1035 absque
1106 979 1374 1022 necessitate
1409 977 1601 1022 alterum
1641 979 1957 1036 oppositorum
1997 978 2274 1037 praeaccipit

311 1045 432 1088 circa
464 1059 545 1088 sua
579 1053 776 1096 causata,
810 1045 938 1102 quasi
965 1044 1276 1088 consideretur
1301 1044 1348 1087 in
1374 1044 1576 1102 potentia
1603 1043 1659 1087 ad
1686 1054 1942 1103 utrumque,
1970 1054 2020 1089 ut
2043 1044 2193 1103 primo
2215 1046 2272 1089 sit

309 1111 469 1154 volens
502 1110 704 1168 potentia
731 1120 988 1168 utrumque,
1017 1119 1060 1154 et
1076 1104 1373 1168 postmodum
1389 1109 1550 1155 volens
1570 1120 1695 1154 actu:
1720 1111 1799 1154 sed
1821 1124 2001 1169 semper
2022 1120 2092 1155 est
2111 1110 2271 1155 volens

310 1187 427 1230 actu,
455 1177 670 1235 quidquid
702 1176 812 1229 vult,
845 1191 938 1220 non
965 1176 1116 1220 solum
1144 1177 1265 1220 circa
1298 1190 1360 1230 se,
1387 1176 1465 1220 sed
1499 1177 1638 1220 etiam
1672 1177 1792 1220 circa
1818 1187 2026 1221 causata:
2061 1177 2141 1221 sed
2166 1178 2273 1236 quia

308 1242 503 1286 volitum
534 1256 628 1285 non
654 1242 792 1286 habet
816 1244 1125 1286 necessarium
1167 1242 1375 1286 ordinem
1409 1242 1464 1285 ad
1506 1242 1708 1286 divinam
1748 1243 2014 1296 bonitatem,
2047 1257 2163 1302 quae
2204 1253 2275 1288 est

308 1310 542 1368 proprium
570 1310 803 1367 objectum
830 1309 1011 1353 divinae
1043 1308 1304 1362 voluntatis,
1332 1322 1411 1366 per
1438 1309 1630 1352 modum
1656 1322 1747 1367 quo
1779 1322 1874 1352 non
1899 1309 2173 1364 necessasia,
2193 1310 2272 1354 sed

309 1376 542 1434 possibilia
575 1375 868 1420 enuntiabilia
895 1376 1104 1429 dicimus,
1138 1375 1321 1433 quando
1353 1389 1448 1418 non
1475 1384 1544 1418 est
1568 1375 1850 1419 necessarius
1881 1375 1995 1419 ordo
2028 1375 2274 1435 praedicati

310 1443 366 1487 ad
393 1443 660 1500 subjectum.
694 1442 829 1486 Unde
862 1456 966 1485 cum
1000 1442 1184 1487 dicitur:
1212 1442 1338 1486 Deus
1363 1441 1461 1485 vult
1484 1441 1575 1484 hoc
1604 1451 1858 1495 causatum,
1881 1441 2175 1487 manifestum
2207 1451 2277 1487 est

296 1523 410 1553 ‘esse
437 1508 712 1552 enuntiabile
739 1522 833 1552 non
859 1509 1167 1552 necessarium
1195 1508 1273 1552 sed
1299 1507 1528 1566 possibile,
1547 1507 1627 1551 illo
1651 1508 1792 1552 modo
1811 1522 1903 1567 quo
1922 1507 2084 1553 dicitur
2105 1507 2277 1568 aliquid

308 1574 539 1633 possibile,
564 1575 938 1628 non-secundum
965 1574 1165 1632 aliquam
1191 1575 1459 1632 potentiam,
1481 1575 1559 1618 sed
1587 1574 1709 1632 quod
1731 1588 1826 1619 non
1851 1588 2040 1619 necesse
2067 1585 2135 1620 est
2159 1588 2272 1629 esse,

307 1656 393 1685 nec
416 1640 697 1699 impossibile
724 1651 792 1685 est
817 1654 931 1694 esse,
954 1652 1002 1684 ut
1018 1640 1328 1699 Philosophus
1349 1640 1484 1684 tradit
1503 1641 1549 1683 in
1574 1641 1731 1699 quinto
1752 1641 2009 1700 Metaphys.
2031 1643 2084 1700 (t.
2104 1655 2142 1687 c.
2165 1640 2270 1700 17.),

311 1709 429 1752 sient
452 1707 732 1765 triangulum
759 1707 926 1750 habere
959 1707 1049 1750 duo
1076 1706 1217 1750 latera
1259 1706 1480 1765 aequalia,
1507 1716 1574 1750 est
1600 1706 1875 1751 enuntiabile
1918 1706 2147 1766 possibile,
2177 1721 2273 1752 non

308 1783 463 1817 tamen
496 1773 748 1817 secundum
782 1772 982 1831 aliquam
1008 1773 1275 1832 potentiam,
1304 1786 1410 1816 cum
1441 1773 1487 1816 in
1514 1773 1852 1817 mathematicis
1873 1787 1969 1818 non
1986 1774 2043 1818 sit
2067 1775 2272 1834 potentia

307 1854 456 1898 neque
479 1848 641 1883 motus.
670 1839 883 1883 Exclusio
910 1839 1047 1897 igitur
1072 1839 1354 1883 necessitatis
1376 1839 1633 1897 praedictae
1655 1839 2071 1884 immutabilitatem
2093 1840 2272 1885 divinae

308 1906 554 1950 voluntatis
580 1920 674 1949 non
699 1905 832 1959 tollit,
860 1906 981 1964 quod
1005 1907 1143 1950 etiam
1171 1905 1403 1963 Scriptura
1419 1919 1548 1949 sacra
1565 1905 1798 1963 profitetur
1821 1906 1877 1964 (Ι.
1895 1907 2008 1965 Reg.
2031 1906 2272 1967 XV..29.):

318 1973 617 2031 Triumphator
642 1974 687 2015 in
712 1973 844 2016 Israiz'l
869 1987 952 2015 non
969 1979 1118 2031 parcet
1143 1978 1179 2016 et
1196 1972 1462 2030 poenitudine
1494 1986 1577 2015 non
1593 1973 1797 2030 flectetur.

400 2039 626 2092 Quamvis
660 2048 813 2082 autem
841 2039 992 2082 divina
1023 2038 1236 2082 voluntas
1263 2038 1318 2081 ad
1345 2052 1426 2081 sua
1460 2048 1645 2082 causata
1669 2052 1765 2082 non
1797 2038 2134 2094 determinetur,
2173 2053 2270 2084 non

309 2116 463 2149 tamen
491 2115 672 2162 oportet
697 2105 862 2158 dicere,
890 2105 1012 2163 quod
1038 2105 1152 2148 nihil
1179 2119 1340 2148 eorum
1365 2104 1488 2158 velit,
1513 2115 1588 2148 aut
1614 2105 1737 2163 quod
1763 2105 1820 2149 ad
1844 2104 2096 2151 volendum
2118 2106 2172 2153 ab
2198 2106 2274 2151 ali·
2329 2138 2332 2151 2

309 2185 400 2230 quo
427 2171 638 2214 exteriori
669 2171 1005 2214 determinetur.
1035 2170 1158 2215 Cum
1184 2171 1307 2215 enim
1339 2171 1511 2214 bonum
1538 2171 1875 2229 apprehensum
1905 2170 2193 2216 voluntatem
2217 2171 2275 2216 si-

310 2246 386 2282 cut
409 2237 644 2296 proprium
671 2237 904 2293 objectum
937 2237 1223 2290 determinet,
1248 2236 1505 2280 intellectus
1532 2247 1685 2280 autem
1712 2237 1890 2282 divinus
1915 2251 2011 2282 non
2042 2237 2101 2282 sit
2125 2247 2272 2283 extra·

311 2318 423 2348 neus
451 2304 504 2346 ab
539 2304 635 2360 ejus
660 2303 910 2356 voluntate,
951 2318 1058 2347 cum
1085 2314 1326 2362 utrumque
1353 2303 1411 2347 sit
1436 2317 1516 2347 sua
1543 2303 1753 2357 essentia,
1779 2304 1816 2348 si
1842 2302 2056 2349 voluntas
2093 2302 2184 2348 Dei
2216 2305 2274 2350 ad
2296 2312 2332 2381 ,βξ

310 2370 479 2429 aliquid
500 2369 748 2414 volendum
775 2383 853 2427 per
879 2370 948 2412 sui
973 2369 1229 2413 intellectus
1257 2369 1571 2427 cognitionem
1598 2370 1935 2424 determinetur,
1961 2384 2077 2417 non«
2095 2371 2180 2416 erit
2200 2371 2274 2416 de·

308 2438 568 2486 terminatio
594 2436 840 2480 voluntatis
867 2436 1046 2480 divinae
1072 2451 1152 2495 per
1184 2436 1353 2495 aliquid
1380 2447 1644 2480 extraneum
1679 2436 1814 2481 factu.
1849 2436 2113 2483 Intellectus
2147 2438 2275 2485 enim

310 2504 487 2547 divinus
524 2503 822 2561 apprehendit
858 2517 951 2546 non
993 2502 1143 2546 solum
1186 2503 1388 2546 divinum
1422 2517 1535 2556 esse,
1569 2503 1692 2561 quod
1725 2514 1792 2547 est
1829 2503 2010 2550 bonitas
2043 2505 2154 2564 eius,
2190 2503 2272 2552 sed
2322 2513 2332 2534 ‘³

312 2570 450 2614 etiam
478 2569 566 2612 alia
597 2570 732 2622 bona,
760 2579 809 2612 ut
840 2583 974 2628 supra
1000 2571 1060 2627 (c.
1083 2569 1179 2628 49.)
1207 2579 1442 2613 ostensum
1474 2579 1562 2613 est:
1591 2583 1707 2627 quae
1740 2570 1926 2628 quidem
1959 2570 2271 2631 apprehendit,

310 2647 359 2680 ut
384 2635 701 2680 similitudines
729 2636 948 2711 quasdam
975 2636 1153 2679 divinae
1176 2636 1388 2680 bonitatis
1411 2645 1456 2680 et
1473 2636 1709 2690 essentiae,
1726 2650 1821 2680 non
1843 2646 1893 2680 ut
1910 2637 2009 2696 ejus
2028 2631 2332 2697 principia·

311 2713 356 2747 et
387 2703 452 2747 sic
485 2702 699 2746 voluntas
732 2702 920 2745 divina
909 2717 956 2745 in
983 2702 1059 2746 illa
1101 2702 1257 2755 tendit,
1285 2711 1333 2745 ut
1357 2715 1465 2746 suae
1506 2702 1698 2746 bonitati
1738 2703 2073 2759 convenientia,
2097 2717 2192 2748 non
2223 2713 2316 2753 ut

311 2769 367 2813 ad
389 2783 519 2813 suam
545 2768 797 2812 bonitatem
824 2769 1093 2812 necessaria.
1123 2768 1198 2811 Sic
1223 2778 1375 2812 autem
1404 2778 1446 2811 et
1463 2768 1509 2811 in
1531 2778 1686 2812 nostra
1702 2768 1937 2813 voluntate
1955 2770 2141 2826 accidit,
2154 2784 2275 2830 quae
2316 2795 2332 2824 2

313 2850 418 2879 cum
447 2836 501 2878 ad
536 2835 704 2894 aliquid
737 2834 993 2888 inclinatur,
1020 2835 1148 2893 quasi
1172 2835 1481 2878 necessarium
1521 2834 1785 2893 simpliciter
1812 2835 1868 2880 ad
1892 2835 2055 2892 finem,
2073 2837 2271 2896 quadam
2305 2867 2332 2926 ff

310 2903 579 2946 necessitate
598 2911 808 2945 movetur
832 2901 878 2944 in
900 2900 1033 2944 illud:
1059 2915 1162 2946 cum
1187 2911 1340 2944 autem
1361 2900 1535 2946 tendit‘
1525 2915 1571 2944 m
1594 2901 1765 2960 aliquid
1787 2900 1942 2947 solum
1961 2913 2146 2963 propter
2166 2917 2273 2951 con-
2304 2929 2328 2954 a

309 2970 601 3022 venientiam,
627 2982 721 3012 non
746 2968 1005 3012 necessario
1031 2968 1079 3012 in
1109 2967 1221 3011 illud
1247 2967 1402 3012 tendit.
1430 2968 1564 3012 Unde
1589 2982 1674 3012 nec
1702 2969 1856 3013 divina
1880 2967 2092 3016 voluntas
2129 2970 2321 3023 tendki
2315 2977 2326 2985 '

292 3049 358 3094 ‘ln
384 3049 467 3079 sua
495 3045 680 3079 causata
704 3048 978 3078 necessarlo.
2302 3039 2329 3070 ἒ*

398 3102 497 3145 Nec
531 3103 668 3145 etiam
696 3110 875 3160 oportet
900 3110 1083 3159 propter
1108 3101 1358 3160 praemissa
1383 3100 1637 3146 innaturale
1664 3100 1833 3160 aliquid
1868 3101 1915 3147 in
1951 3101 2054 3149 Deo
2086 3115 2298 3162 ponere.
2295 3091 2325 3146 ‘2³'

310 3167 536 3212 Voluntas
562 3182 761 3226 namque
795 3182 875 3211 sua
903 3182 994 3211 uno
1023 3177 1065 3211 et
1092 3169 1255 3212 eodem
1283 3177 1386 3212 actu
1412 3167 1510 3212 vult
1541 3182 1588 3212 se
1616 3178 1660 3212 et
1686 3168 1799 3222 alia;
1826 3169 1906 3214 sed
1929 3169 2150 3215 habitudo
2176 3171 2315 3230 ejus?
2287 3130 2322 3202 Ξ

311 3234 366 3278 ad
384 3249 432 3278 se
460 3244 529 3278 est
553 3234 808 3278 necessaria
836 3243 880 3277 et
905 3233 1136 3278 naturalis.
1165 3234 1394 3277 Habitudo
1427 3244 1580 3278 autem
1606 3235 1702 3293 ejus
1729 3235 1784 3278 ad
1812 3234 1901 3280 alia
1926 3244 1995 3280 est
2017 3236 2310 3290 secundum&
2328 3287 2332 3296 ξ

312 3301 679 3345 convenientiam
706 3301 951 3360 quandam,
973 3314 1067 3344 non
1093 3299 1278 3359 quidem
1304 3300 1560 3344 necessaria
1583 3310 1628 3344 et
1649 3300 1880 3356 naturalis,
1901 3314 2050 3362 neque
2069 3287 2307 3365 νὶοΙεειῑαῇξ
2328 3299 2332 3323 ³

309 3378 386 3411 aut
406 3367 685 3421 innaturalis,
703 3367 781 3411 sed
804 3366 1074 3412 voluntaria.
1099 3365 1239 3420 Quod
1262 3376 1415 3411 autem
1437 3365 1748 3412 voluntarium
1765 3377 1835 3414 est
1853 3350 2329 3431 neque.violentum-'³1;>¹

312 3447 459 3495 neque
485 3448 671 3482 necesse
697 3443 766 3479 est
791 3447 904 3479 esse.
