2332 3854
789 201 932 240 tum*
981 202 1052 240 ιν.
1095 202 1214 241 CAP.
1257 202 1363 241 xm.
1963 189 2067 257 627

864 393 1119 449 CAPUT
1160 393 1308 450 XLI.

192 526 475 574 QUOMODO
507 527 805 567 OPORTEAT
837 529 1295 568 INCARNATIONEM
1326 527 1453 567 FILII
1486 528 1577 567 DEI
1612 527 1993 568 INTELLIGERE.

204 635 279 682 Ad
317 636 484 681 horum
519 636 657 695 igitur
686 636 965 681 solutionem
998 637 1391 691 considerandam,
1424 637 1561 696 paulo
1595 636 1726 682 altius
1757 636 2070 691 inchoandum

118 713 199 748 est.
227 702 386 756 Quum
412 704 533 747 enirn
559 703 789 762 Eutyches
817 703 1035 747 unionem
1061 703 1149 759 Dei
1176 714 1219 748 et
1240 704 1442 748 hominis
1467 702 1636 748 factam
1669 717 1766 748 esse
1798 704 2000 763 posuerit
2024 704 2071 747 in

117 779 292 824 natura,
316 769 553 814 Nestorius
580 779 732 814 autem
759 783 844 814 nec
870 770 916 812 in
942 780 1102 813 natura
1124 784 1209 814 nec
1234 770 1280 813 in
1308 784 1517 828 persona,
1536 770 1645 814 fides
1670 779 1821 815 autem
1845 769 2074 814 catholica

117 835 209 882 hoc
232 846 388 881 teneat
416 837 539 895 quod
564 836 621 880 sit
644 835 763 881 facta
795 837 904 879 unio
937 837 983 880 in
1015 850 1224 895 persona,
1256 850 1350 880 non
1381 837 1428 880 in
1461 847 1646 891 natura;
1677 837 1986 881 necessarium
2013 836 2074 880 vi-

117 902 247 948 detur
270 916 660 962 praecognoscere
685 903 790 961 quid
815 903 873 946 sit
899 903 1016 945 uniri
1041 903 1088 945 in
1114 913 1274 946 natura
1302 913 1345 947 et
1371 903 1476 961 quid
1504 903 1560 946 sit
1586 903 1703 947 uniri
1727 903 1775 946 in
1800 917 2010 963 persona.

203 969 377 1014 Natura
401 970 537 1028 igitur
562 968 714 1013 multis
737 969 886 1013 modis
912 969 1085 1012 dicitur.
1119 969 1241 1013 Nam
1268 979 1312 1013 et
1338 971 1572 1027 generatio
1598 969 1849 1013 viventium
1883 979 1926 1014 et
1945 970 2073 1028 prin·
2113 1020 2116 1023 ¹

116 1035 288 1095 cipImn
318 1035 623 1094 generationis
650 1045 694 1079 et
719 1045 871 1079 motus
897 1045 942 1079 et
967 1036 1156 1079 materia
1184 1046 1228 1079 et
1253 1035 1400 1079 forma
1433 1042 1587 1080 natura
1621 1036 1854 1090 dicuntur3
1885 1036 1998 1080 item
2029 1045 2075 1079 et

117 1101 361 1162 aliquando
386 1111 545 1146 natura
571 1101 733 1145 dicitur
757 1101 881 1160 quod
914 1102 1021 1160 quid
1047 1101 1126 1155 rei,
1150 1102 1388 1146 continens
1422 1116 1475 1146 ea
1507 1116 1623 1161 quae
1657 1102 1712 1147 ad
1745 1102 1914 1162 speciei
1944 1102 2075 1161 perti·

115 1179 226 1215 nent
244 1168 566 1228 integritatem,
582 1168 700 1212 sicut
720 1168 913 1212 dicimus
934 1178 1145 1212 naturam
1161 1169 1413 1212 humanam
1433 1182 1728 1213 communem
1747 1182 1844 1213 esse
1862 1168 2074 1213 omnibus

114 1235 392 1290 hominibus,
409 1234 615 1279 similiter
631 1235 677 1278 in
697 1235 873 1279 ceteris.
899 1233 983 1278 Illa
1010 1249 1120 1293 ergo
1147 1235 1362 1278 uniuntur
1386 1235 1432 1278 in
1454 1243 1628 1289 natura,
1653 1249 1707 1279 ex
1729 1235 1889 1294 quibus
1912 1235 2076 1280 consti·

115 1301 255 1348 ruitur
273 1302 507 1360 integritas
532 1301 702 1360 speciei
733 1300 950 1359 alicujus3
979 1301 1097 1346 sicut
1122 1301 1274 1345 anima
1300 1311 1345 1345 et
1376 1315 1542 1361 corpus
1573 1302 1827 1346 humanum
1860 1302 2076 1346 uniuntur

117 1369 173 1413 ad
198 1369 562 1414 constituendam
586 1368 789 1427 speciem
810 1367 1036 1423 animalis,
1059 1379 1104 1413 et
1128 1367 1440 1412 universaliter
1462 1382 1778 1428 quaecumque
1800 1377 1904 1413 sunt
1924 1378 2077 1428 partes

114 1435 297 1496 speciei.
322 1435 404 1480 Est
427 1445 580 1479 autem
605 1433 887 1494 impossibile
913 1434 1035 1493 quod
1063 1434 1199 1478 alicui
1226 1435 1395 1494 speciei
1410 1434 1458 1478 in
1475 1449 1557 1479 sua
1573 1435 1832 1494 integritate
1852 1435 1947 1493 jam
1969 1448 2076 1479 con-

114 1501 296 1547 stitutae
320 1501 487 1561 aliquid
515 1511 779 1545 extraneum
805 1501 984 1545 uniatur
1008 1501 1055 1544 in
1082 1501 1303 1545 unitatem
1325 1510 1528 1554 naturae,
1552 1501 1639 1545 nisi
1659 1501 1834 1560 species
1856 1501 2074 1546 solvatur.

118 1566 280 1621 Quum
302 1568 426 1613 enim
452 1567 626 1627 species
652 1569 740 1612 sint
764 1569 881 1611 sicut
905 1567 1099 1621 numeri,
1125 1567 1170 1611 in
1198 1567 1358 1626 quibus
1386 1566 1614 1626 quaelibet
1640 1568 1788 1620 unitas
1822 1567 1974 1612 addita
1998 1566 2075 1612 vel

115 1635 342 1680 subtracta
365 1635 512 1679 variat
536 1634 751 1692 speciem,
776 1634 816 1678 si
841 1633 948 1693 quid
973 1633 1028 1677 ad
1051 1634 1251 1692 speciem
1273 1635 1367 1692 jam
1389 1633 1639 1693 perfectam
1661 1634 1867 1689 addatur,
1887 1648 2077 1679 necesse

117 1712 184 1747 est
206 1703 303 1762 jam
328 1701 466 1746 aliam
491 1701 693 1760 speciem
719 1714 842 1755 esse;
869 1701 999 1754 sicut,
1031 1700 1071 1744 si
1101 1700 1381 1744 substantiae
1415 1701 1643 1745 animatae
1674 1710 1853 1744 tantum
1886 1701 2077 1745 addatur

116 1767 341 1821 sensibile,
366 1767 448 1812 erit
472 1769 567 1826 jam
593 1766 687 1821 alia
706 1767 905 1826 species;
931 1780 1040 1810 nam
1063 1766 1235 1810 animal
1261 1776 1304 1810 et
1329 1765 1483 1824 planta
1510 1766 1714 1811 diversae
1747 1768 1922 1825 species
1954 1777 2071 1812 sunt.

117 1833 358 1893 Contingit
375 1839 534 1878 Ttamen
560 1833 604 1877 id
629 1833 752 1892 quod
777 1847 872 1877 non
899 1843 967 1877 est
997 1833 1053 1877 de
1086 1833 1342 1891 integritate
1374 1833 1543 1892 speciei
1573 1833 1621 1876 in
1654 1832 1806 1892 aliquo
1839 1833 2074 1878 individuo

116 1901 198 1946 sub
225 1901 314 1946 alia
339 1901 489 1960 specie
511 1910 727 1945 contento
750 1899 959 1958 reperiri;
982 1899 1098 1943 sicut
1121 1899 1275 1943 album
1298 1909 1342 1943 et
1361 1899 1575 1944 vestitum
1594 1899 1642 1943 in
1666 1899 1856 1944 Socra-te
1881 1899 1956 1944 vel
1976 1900 2075 1944 Pla-

116 1978 240 2022 tone,
273 1977 351 2012 aut
380 1967 546 2027 digitus
578 1978 743 2020 sextus,
769 1966 841 2011 vel
874 1965 1044 2025 aliquid
1075 1966 1352 2024 hujusmodi.
1386 1966 1519 2010 Unde
1546 1966 1661 2010 nihil
1685 1966 1898 2025 prohibet
1924 1966 2078 2026 aliqua

118 2035 236 2080 uniri
258 2034 307 2078 in
330 2033 565 2079 individuo
588 2047 704 2092 quae
725 2047 818 2077 non
840 2033 1055 2076 uniuntur
1070 2033 1118 2076 in
1136 2046 1226 2076 una
1250 2032 1507 2091 integritate
1524 2033 1716 2091 speciei3
1742 2034 1860 2078 sicut
1875 2034 2078 2077 humana

115 2112 278 2146 natura
302 2110 348 2145 et
372 2100 534 2144 albedo
556 2111 600 2144 et
621 2102 795 2144 musica
820 2100 867 2143 in
895 2099 1100 2152 Socrate,
1118 2109 1163 2143 et
1178 2099 1443 2156 hujusmodi
1458 2113 1575 2158 quae
1591 2099 1802 2144 dicuntur
1819 2113 1916 2144 esse
1934 2114 2077 2144 unum

117 2169 337 2227 subjecto.
364 2166 421 2211 Et
446 2166 551 2226 quia
575 2166 859 2211 individuum
884 2166 931 2209 in
954 2179 1119 2224 genere
1146 2165 1421 2209 substantiae
1441 2165 1602 2210 dicitur
1623 2166 1896 2224 hypostasis,
1914 2168 1961 2210 in
1978 2168 2076 2211 sub·

117 2234 293 2279 stantiis
318 2246 471 2278 autem
497 2233 790 2277 rationalibus
818 2232 980 2276 dicitur
1002 2232 1140 2276 etiam
1162 2245 1370 2289 persona,
1398 2232 1724 2277 convenienter
1746 2233 1903 2276 omnia
1923 2233 2076 2292 hujus-

119 2300 251 2345 modi
274 2299 484 2344 dicuntur
507 2299 623 2343 uniri
650 2298 902 2343 secundum
932 2298 1232 2357 hypostasim,
1259 2297 1332 2342 vel
1365 2298 1504 2342 etiam
1536 2298 1788 2343 secundum
1819 2314 2075 2358 personam.

121 2366 202 2413 Sic
225 2366 512 2426 igiturpatet
535 2366 659 2425 quod
689 2365 804 2410 nihil
835 2365 1046 2424 prohibet
1077 2364 1228 2424 aliqua
1258 2379 1353 2409 non
1379 2366 1505 2409 unita
1537 2380 1635 2410 esse
1667 2367 1920 2428 secundum
1951 2377 2078 2412 natu-

126 2447 241 2488 ram,
267 2433 383 2477 uniri
410 2442 562 2476 autem
588 2432 839 2476 secundum
865 2431 1151 2491 hypostasim
1177 2431 1251 2476 vel
1276 2446 1534 2492 personam.

167 2534 169 2538 Α
207 2499 459 2544 Audientes
486 2508 637 2543 autem
663 2498 880 2543 haeretici
911 2498 958 2542 in
991 2497 1177 2542 Christo
1204 2499 1424 2542 unionem
1455 2491 1545 2543 Dei
1576 2509 1621 2543 et
1652 2499 1854 2544 hominis
1887 2514 1987 2545 esse
2013 2500 2074 2544 fa-

118 2577 256 2622 ctam,
280 2565 517 2610 contrariis
541 2564 625 2609 viis
651 2565 931 2610 incesserunt
957 2563 1012 2609 ad
1037 2565 1127 2609 hoc
1156 2558 1517 2623 expendendum,
1545 2567 1865 2624 praetermisso
1892 2566 2073 2611 tramite

118 2634 332 2679 veritatis.
1002 2688 1009 2694 ⁵

207 2699 362 2758 Aliqui
378 2698 502 2743 enim
516 2699 634 2742 hanc
653 2698 871 2742 unionem
889 2698 1242 2742 aestimaverunt
1260 2699 1315 2742 ad
1338 2697 1528 2742 modum
1546 2712 1706 2743 eorum
1725 2713 1841 2756 quae
1859 2699 2076 2743 uniuntur

115 2767 164 2811 in
185 2780 324 2811 unam
349 2775 581 2810 naturam:
615 2766 732 2810 sicut
763 2766 901 2810 Arius
934 2775 977 2810 et
1008 2764 1304 2824 Apollinaris,
1337 2775 1557 2823 ponentes
1590 2766 1713 2824 quod
1741 2767 1943 2810 Verbum
1977 2777 2075 2811 erat

118 2834 299 2893 corpori
326 2833 496 2878 Christi
530 2846 613 2890 pro
649 2832 816 2885 anima,
848 2833 942 2876 sive
973 2845 1056 2890 pro
1095 2842 1271 2886 mente;
1308 2842 1353 2876 et
1389 2832 1504 2875 sicut
1540 2832 1784 2890 Eutyches,
1812 2833 1889 2891 qui
1921 2833 2073 2892 posuit

117 2909 221 2944 ante
252 2899 612 2944 incarnationem
639 2898 749 2943 duas
780 2908 977 2952 naturas,
1004 2898 1092 2942 Dei
1124 2907 1169 2942 et
1200 2898 1416 2952 hominis,
1442 2907 1546 2957 post
1576 2899 1941 2943 incarnationem
1963 2913 2074 2944 vero

118 2980 274 3011 unam.

203 3033 298 3078 Sed
334 3047 494 3078 eorum
530 3033 703 3077 dictum
739 3032 929 3076 omnino
971 3031 1385 3091 impossibilitatem
1423 3031 1639 3075 continet.
1682 3031 1977 3076 Manifestum
2011 3043 2079 3077 est

118 3100 240 3144 enim
265 3109 476 3144 naturam
501 3099 639 3144 Verbi
665 3100 718 3143 ab
746 3110 931 3143 aeterno
959 3098 1005 3142 in
1032 3112 1111 3142 sua
1144 3098 1401 3155 integritate
1434 3097 1811 3156 perfectissimam
1846 3113 1960 3153 esse,
1991 3114 2077 3144 nec

119 3166 309 3211 omnino
335 3167 565 3225 corrumpi
592 3176 669 3210 aut
690 3166 854 3209 mutari
881 3179 1039 3224 posse3
1067 3164 1186 3207 unde
1206 3164 1483 3221 impossibile
1502 3174 1570 3208 est
1587 3164 1755 3223 aliquid
1774 3166 2077 3210 extrinsecum

118 3247 144 3276 a
169 3241 329 3277 natura
354 3232 520 3287 divina,
546 3242 701 3290 utpote
726 3242 933 3276 naturam
961 3232 1211 3274 humanam
1237 3230 1311 3274 vel
1338 3230 1535 3289 aliquam
1563 3241 1739 3289 partem
1772 3233 1882 3290 ejus,
1909 3233 1956 3276 in
1982 3233 2079 3276 uni-

118 3309 260 3344 tatem
285 3309 472 3343 naturae
498 3298 541 3342 ei
567 3298 792 3341 advenire.

209 3363 302 3409 Alii
326 3378 452 3418 vero,
476 3365 612 3422 hujus
638 3364 876 3422 positionis
902 3363 1314 3422 impossibilitatem
1341 3363 1560 3417 videntes,
1582 3364 1628 3407 in
1650 3365 1772 3408 viam
1802 3366 2077 3410 contrariam

121 3431 411 3476 diverterunt.
443 3429 509 3474 Ea
541 3431 663 3474 enim
690 3444 806 3489 quae
837 3430 1022 3474 habenti
1054 3429 1254 3488 aliquam
1287 3439 1495 3474 naturam
1531 3430 1775 3475 adveniunt
1805 3445 1891 3476 nec
1922 3442 2078 3477 tamen

121 3495 346 3555 pertinent
371 3496 427 3540 ad
453 3495 760 3555 integritatem
791 3506 976 3540 naturae
1011 3494 1144 3549 illius,
1177 3495 1249 3539 vel
1282 3496 1531 3540 accidentia
1565 3510 1664 3541 esse
1690 3497 1913 3551 videntur,
1938 3507 1987 3542 ut
2019 3497 2078 3543 al-

120 3561 239 3607 bedo
265 3572 311 3607 et
336 3562 525 3616 musica,
551 3561 623 3606 vel
649 3561 986 3607 accidentaliter
1011 3576 1058 3607 se
1085 3562 1252 3607 habere
1287 3562 1340 3607 ad
1374 3562 1538 3623 ipsum,
1564 3563 1681 3608 sicut
1707 3564 1916 3619 annulus,
1941 3567 2076 3610 vesti-
