2332 3854
775 228 929 267 LIBER
968 227 1025 266 11.
1067 227 1189 267 CAP.
1230 225 1416 265 LXXIII.
1968 225 2070 281 223

47 361 65 372 2«
116 333 324 380 tellectus
348 331 577 392 possibilis
603 331 652 376 fit
679 340 782 376 actu
810 340 855 375 et
880 338 1107 391 operatur,
1139 329 1424 389 dependeant
1464 342 1487 373 a
1530 327 1935 388 phantasmatibus,
1960 330 2078 374 sicut

64 402 288 460 species
319 399 520 444 visibiles
552 398 809 456 dependent
840 413 865 443 a
899 398 1030 442 rebus
1062 411 1179 457 quae
1211 407 1316 443 sunt
1347 406 1470 441 extra
1503 396 1717 440 animam.

201 467 439 527 Amplius.
471 465 587 510 nihil
618 465 777 524 recipit
808 465 929 524 quod
956 466 1050 523 jam
1077 464 1227 519 habet,
1254 466 1359 524 quia
1395 462 1618 521 recipiens
1656 471 1837 539 oportet
1872 475 1969 507 esse
2006 463 2077 507 de·

110 534 332 579 nudatum
367 547 393 578 a
423 532 701 591 recipiendo,
733 530 987 576 secundum
1005 531 1338 577 Aristotelem
1328 546 1373 575 in
1398 532 1531 575 tertio
1558 530 1629 573 De
1656 530 1808 573 anima
1845 529 1897 586 (t
1934 544 1971 574 c.
1997 530 2075 584 4.)

106 600 206 646 ›Sed
230 600 406 659 species
432 598 752 658 intelligibiles,
785 607 889 642 ante
915 611 1071 641 meum
1097 597 1363 642 sentire<vel
1391 607 1534 651 tuum,
1566 595 1783 640 fuerunt
1771 609 1817 640 in
1842 595 2076 641 intellectu

109 666 342 728 possibili3
366 679 461 710 non
494 666 618 710 enim
649 665 727 725 qui
757 660 939 708 fuerunt
970 674 1073 709 ante
1106 679 1191 709 nos
1223 664 1563 718 intellexissent,
1589 663 1677 707 nisi
1698 662 1954 708 intellectus
1977 677 2077 721 pos-

110 733 252 779 sibilis
283 733 440 778 fuisset
465 732 677 777 reductus
710 733 755 775 in
787 741 941 776 actum
973 746 1054 790 per
1085 734 1257 791 species
1295 730 1616 790 intelligibiles.
1651 730 1770 788 (Nec
1806 739 1956 788 potest
1987 730 2076 775 dici

39 810 53 842 ἓτ
113 801 235 860 quod
268 801 443 860 species
474 799 595 854 illae,
637 799 759 858 prius
790 808 998 857 receptae
1030 798 1077 842 in
1110 799 1340 843 intellectu
1374 798 1592 856 possibili,
1625 811 1724 843 esse
1763 807 2073 852 cessaverunt;

43 873 50 886 ’·
108 867 218 929 quia
240 866 496 912 intellectus
513 865 740 926 possibilis
756 879 851 909 non
874 864 1021 909 solum
1046 865 1219 923 recipit,
1238 866 1315 909 sed
1342 874 1580 910 conservat
1597 877 1714 923 quae
1735 864 1918 924 recipit;
1940 864 2074 919 unde,

35 943 51 995 ν’
111 934 157 979 in
181 934 316 979 tertio
341 935 412 978 De
440 934 590 978 anima
617 932 671 991 (t.
704 946 743 976 c.
771 930 849 989 6.),
877 932 1037 976 dicitur
1064 946 1162 976 esse
1189 932 1318 976 locus
1344 933 1612 990 specierum.
1640 932 1782 991 Igitur
1804 945 1858 976 ex
1889 932 2076 990 phanta-

23 1037 26 1043 .
110 1001 330 1047 smatibus
352 1001 518 1045 nostris
539 1013 633 1044 non
656 998 935 1058 recipiuntur
957 999 1128 1057 species
1148 1000 1194 1043 in
1211 998 1443 1043 intellectu
1467 999 1705 1056 possibili).
1738 998 1919 1043 Frustra
1940 999 2075 1058 igitur

24 1067 37 1095 ’ἵ
68 1108 74 1116 .
110 1080 191 1128 per
218 1066 500 1113 intellectum
533 1077 746 1125 agentem
778 1065 891 1110 fiunt
923 1065 1222 1124 intelligibilia
1249 1076 1350 1110 actu
1379 1071 1534 1110 nostra
1559 1066 1893 1124 phantasmata.

38 1178 73 1198 ‚
198 1135 339 1180 Item:
365 1144 600 1194 receptum
628 1144 693 1178 est
724 1133 772 1177 in
798 1133 1043 1192 recipiente
1070 1147 1150 1192 per
1175 1133 1367 1178 modum
1394 1133 1663 1191 recipientis.
1692 1133 1782 1176 Sed
1819 1131 2073 1177 intellectus

36 1198 61 1244 ’κ
108 1202 365 1248 secundum
391 1215 439 1247 se
466 1210 535 1246 est
559 1215 693 1260 supra
720 1210 914 1245 motum.
941 1199 1064 1258 Ergo
1092 1201 1214 1259 quod
1250 1199 1465 1260 recipitur
1496 1201 1542 1244 in
1575 1213 1632 1244 eo
1665 1199 1879 1260 recipitur
1910 1199 1997 1244 fixe
2029 1208 2074 1245 et

46 1284 58 1306 ³-
106 1267 421 1314 immobiliter.

31 1378 34 1396 ζ
198 1336 462 1381 Praeterea:
486 1349 628 1395 quum
645 1334 901 1379 intellectus
927 1334 985 1379 sit
1000 1335 1207 1395 superior
1222 1334 1363 1379 virtus
1389 1349 1527 1394 quam
1550 1347 1723 1388 sensuS,
1746 1343 1928 1393 oportet
1944 1333 2068 1393 quod

109 1402 167 1448 sit
187 1403 335 1462 magis
360 1403 509 1458 unita;
536 1412 581 1447 et
602 1417 656 1446 ex
677 1402 767 1446 hoc
795 1402 1016 1470 videmus,
1036 1402 1159 1462 quod
1182 1416 1296 1446 unus
1319 1400 1577 1446 intellectus
1603 1401 1741 1446 habet
1765 1401 1988 1460 judicium
2013 1401 2070 1446 de

42 1476 52 1523 ξ’
110 1469 301 1515 diversis
337 1469 579 1546 generibus
609 1456 892 1514 sensibilium
928 1484 1045 1528 quae
1077 1470 1133 1513 ad
1171 1469 1371 1513 diversas
1406 1469 1634 1527 potentias
1671 1468 1908 1513 sensitivas
1944 1469 2078 1528 perti·

0 1577 6 1596 :
23 1524 45 1588 {⁹²
108 1546 243 1591 nent3
268 1537 389 1581 unde
421 1536 629 1595 accipere
651 1549 895 1595 possumus
923 1536 1045 1595 quod
1072 1537 1363 1595 operationes
1389 1535 1665 1595 pertinentes
1693 1535 1749 1579 ad
1773 1535 1973 1580 diversas
1995 1549 2075 1595 po-

31 1606 33 1608 ’
62 1621 65 1623 ’
109 1604 273 1649 tentias
309 1603 547 1648 sensitivas
579 1604 626 1648 in
663 1617 755 1647 uno
786 1602 1021 1648 intellectu
1063 1603 1331 1647 adunantur.
1359 1602 1675 1647 Potentiarum
1707 1611 1860 1646 autem
1897 1602 2074 1647 sensiti—

37 1692 47 1702 Α
112 1684 272 1715 varum
304 1671 529 1730 quaedam
560 1670 784 1729 recipiunt
820 1679 1013 1724 tantum,
1040 1679 1087 1714 ut
1113 1684 1295 1724 sensus;
1329 1669 1557 1728 quaedam
1594 1679 1746 1713 autem
1784 1669 1993 1723 retinent,
2024 1679 2074 1714 ut

23 1721 45 1779 ''s-
111 1737 381 1797 imaginatio
409 1747 454 1782 et
482 1737 733 1792 memoria3
766 1737 887 1781 unde
921 1747 965 1781 et
989 1737 1190 1781 thesauri
1217 1737 1438 1780 dicuntur.
1469 1737 1668 1796 Oportet
1692 1736 1828 1795 igitur
1859 1736 2073 1802 quodlin-

32 1836 43 1868 2
111 1803 320 1850 tellectus
346 1804 572 1864 possibilis
599 1814 645 1849 et
669 1804 855 1863 recipiat
882 1813 927 1848 et
947 1804 1139 1848 retineat
1162 1804 1257 1862 jam
1283 1813 1480 1863 recepta.

27 1905 43 1930 r
197 1871 434 1931 Amplius:
460 1872 507 1915 in
539 1871 669 1916 rebus
698 1870 979 1916 naturalibus
1010 1885 1180 1915 vanum
1213 1881 1282 1915 est
1313 1871 1463 1915 dicere
1496 1870 1619 1930 quod
1652 1870 1697 1915 id
1735 1870 1791 1914 ad
1819 1870 1941 1930 quod
1975 1885 2072 1931 per-

107 1939 286 1983 venitur
314 1952 394 1998 per
425 1947 605 1983 motum
636 1952 731 1982 non
764 1948 1044 1997 permaneat,
1071 1938 1151 1983 sed
1177 1940 1331 1983 statim
1363 1951 1462 1983 esse
1495 1938 1694 1993 desinat;
1721 1948 1906 1997 propter
1947 1940 2069 1998 quod

107 2005 366 2065 repudiatur
386 2005 552 2065 positio
575 2005 826 2050 dicentium
852 2005 1008 2049 omnia
1030 2019 1210 2065 semper
1231 2005 1433 2059 moveri;
1461 2015 1642 2064 oportet
1668 2005 1791 2049 enim
1813 2015 1994 2050 motum
2013 2006 2069 2050 ad

42 2072 43 2075 ’
109 2074 308 2132 quietem
339 2072 588 2117 terminari.
621 2071 770 2116 Multo
797 2072 934 2131 igitur
969 2072 1120 2116 minus
1157 2072 1248 2116 dici
1274 2082 1422 2132 potest
1447 2072 1569 2131 quod
1601 2082 1835 2131 receptum
1866 2072 1913 2116 in
1944 2072 2071 2118 intel-

108 2138 229 2184 lectu
254 2138 460 2199 possibili
491 2153 586 2183 non
615 2149 924 2183 conservetur.

197 2206 389 2252 Adhuc:
415 2207 468 2260 si,
501 2221 555 2250 ex
586 2206 978 2264 phantasmatibus
1012 2220 1128 2265 quae
1161 2216 1265 2251 sunt
1295 2207 1342 2250 in
1375 2206 1522 2260 nobis,
1553 2205 1810 2251 intellectus
1842 2206 2070 2266 possibilis

34 2278 55 2311 «ἓ
107 2286 203 2318 non
227 2273 387 2332 recipit
412 2273 586 2333 aliquas
613 2273 787 2332 species
818 2273 1141 2332 intelligibiles,
1173 2274 1280 2332 quia
1310 2275 1404 2332 Jam
1429 2274 1601 2333 recepit
1628 2288 1653 2316 a
1679 2274 2070 2333 phantasmatibus

106 2351 270 2384 eurum
302 2339 380 2399 qui
412 2339 593 2384 fuerunt
625 2349 728 2384 ante
769 2353 870 2394 nos,
903 2340 1001 2397 pari
1035 2341 1211 2384 ratione
1245 2355 1271 2385 a
1301 2340 1535 2385 nullorum
1568 2341 1960 2400 phantasmatibus
1991 2356 2071 2386 re—

9 2407 11 2409 ’
106 2405 230 2466 cipit,
255 2420 370 2466 quos
396 2406 473 2451 alii
495 2416 852 2466 praecesserunt.
874 2407 964 2450 Sed
983 2406 1210 2466 quoslibet
1237 2407 1377 2467 aliqui
1400 2408 1475 2452 alii
1502 2419 1860 2466 praecesserunt,
1880 2411 1917 2453 si
1943 2423 2071 2452 mun-

106 2471 191 2518 dus
215 2484 424 2518 aeternus
450 2484 533 2528 est,
550 2483 600 2518 ut
624 2483 813 2532 ponunt.
840 2474 1089 2533 Nunquam
1116 2474 1254 2532 igitur
1276 2474 1534 2519 intellectus
1561 2475 1787 2534 possibilis
1814 2475 1973 2535 recipit
1994 2475 2070 2519 ali—

106 2552 219 2600 quas
244 2541 418 2599 species
441 2555 466 2584 a
485 2540 901 2600 phantasmatibus;
923 2540 1087 2586 frustra
1103 2541 1240 2600 igitur
1258 2543 1441 2600 ponitur
1461 2541 1718 2586 intellectus
1743 2542 1796 2586 ab
1820 2542 2070 2587 Aristotele

106 2606 262 2666 (tertio
287 2607 359 2652 De
384 2609 552 2662 anima,
577 2617 608 2652 t.
628 2622 667 2652 c.
690 2607 794 2665 18.)‚
818 2618 867 2652 ut
896 2607 1034 2652 faciat
1059 2609 1378 2668 phantasmata
1405 2623 1504 2654 esse
1527 2609 1828 2668 intelligibilia
1851 2621 1968 2655 actu.

47 2682 51 2686 “
194 2673 460 2719 Praeterea:
487 2690 540 2720 ex
571 2675 663 2719 hoc
695 2674 874 2719 videtur
900 2675 1028 2734 sequi
1060 2676 1183 2734 quod
1210 2676 1466 2721 intellectus
1491 2677 1718 2735 possibilis
1750 2691 1845 2721 non
1867 2678 2068 2737 indigeat

107 2739 496 2801 phantasmatibus
524 2741 579 2786 ad
605 2741 968 2800 intelligendum.
995 2743 1103 2787 Non
1131 2753 1284 2787 autem
1310 2757 1389 2801 per
1415 2743 1695 2788 intellectum
1719 2744 1983 2803 possibilem
2005 2747 2068 2789 in-

6 2804 12 2852 ’Ϊ
40 2806 88 2825 ‘²
107 2806 370 2868 telligimus.
401 2809 564 2867 Neque
596 2809 734 2867 igitur
765 2822 851 2853 nos
882 2822 1018 2853 sensu
1046 2819 1090 2853 et
1124 2810 1446 2868 phantasmate
1477 2810 1781 2869 indigebimus
1821 2811 1876 2855 ad
1907 2811 2069 2856 intelli-

107 2875 331 2934 gendum,
357 2876 480 2934 quod
506 2885 572 2920 est
598 2875 838 2920 manifeste
863 2875 1031 2919 falsum
1058 2886 1101 2921 et
1129 2887 1286 2920 contra
1314 2877 1587 2922 sententiam
1620 2877 1880 2923 Aristotelis
1908 2879 2064 2938 (tertio

106 2940 179 2987 De
210 2943 377 2996 anima,
401 2951 433 2986 t.
453 2957 491 2987 c.
514 2943 617 3002 39.).

197 3007 246 3054 Si
279 3020 433 3054 autem
465 3010 639 3054 dicatur
662 3010 797 3070 *quod
831 3010 929 3068 pari
961 3011 1136 3055 ratione
1172 3025 1267 3056 non
1307 3011 1615 3070 indigeremus
1652 3013 1969 3071 phantasmate
2008 3013 2064 3058 ad

11 3067 63 3138 sss¹
111 3075 493 3121 considerandum
520 3090 573 3121 ea
609 3091 805 3136 quorum
841 3077 1015 3135 species
1051 3077 1357 3136 intelligibiles
1394 3089 1498 3123 sunt
1528 3080 1574 3122 in
1607 3079 1841 3124 intellectu
1883 3094 2065 3125 conser-

105 3151 252 3197 vatae,
278 3143 458 3188 etiamsi
483 3142 739 3188 intellectus
772 3144 1009 3203 possibiles
1036 3145 1125 3189 sint
1156 3146 1307 3204 plures
1341 3146 1388 3189 in
1416 3146 1618 3200 diversis,
1646 3147 1767 3205 quod
1805 3156 1873 3190 est
1905 3158 2063 3192 contra

12 3204 62 3272 'ffj
106 3208 416 3263 Aristotelem,
442 3210 520 3268 qui
545 3210 654 3254 dicit
683 3211 730 3254 in
755 3211 888 3255 tertio
915 3211 986 3255 De
1014 3212 1166 3256 anima
1194 3213 1245 3269 (t.
1271 3226 1308 3255 c.
1340 3213 1443 3271 30.),
1459 3213 1580 3271 quod
1612 3229 1635 3254 «
1652 3228 1941 3272 nequaquam
1963 3214 2062 3260 sine

109 3274 428 3334 phantasmate
461 3276 671 3335 intelligit
703 3278 913 3331 anima»,
941 3288 1064 3336 patet
1095 3280 1217 3337 quod
1244 3293 1336 3322 non
1366 3289 1433 3323 est
1460 3279 1736 3324 conveniens
1763 3280 1978 3326 obviatio.

195 3341 457 3387 Intellectus
483 3345 606 3387 enim
639 3344 880 3402 possibilis,
912 3346 1029 3389 sicut
1054 3358 1099 3389 et
1120 3345 1347 3404 quaelibet
1374 3347 1636 3400 substantia,
1659 3357 1872 3406 operatur
1902 3362 2063 3393 secun-

108 3406 217 3452 dum
248 3409 439 3453 modum
465 3423 574 3454 suae
604 3421 805 3455 naturae.
834 3411 1097 3456 Secundum
1126 3423 1279 3457 autem
1312 3423 1520 3457 naturam
1549 3428 1679 3458 suam
1713 3424 1781 3458 est
1795 3413 1945 3459 forma
1967 3430 2063 3461 cor-

107 3474 255 3534 poris;
281 3476 400 3521 unde
425 3477 637 3535 intelligit
668 3478 852 3537 quidem
886 3480 1219 3533 immaterialia,
1252 3481 1330 3524 sed
1357 3481 1538 3539 inspicit
1569 3495 1623 3525 ea
1658 3482 1703 3525 in
1737 3481 1890 3541 aliquo
1923 3493 2062 3528 mate-
2108 3475 2111 3478 ’

108 3541 231 3597 riali3
253 3544 379 3601 cujus
402 3543 587 3603 signum
609 3554 678 3589 est
697 3545 834 3604 quod,
858 3547 903 3590 in
926 3547 1143 3591 doctrinis
1171 3547 1515 3602 universalibus,
1536 3548 1745 3608 exempla
1771 3549 2059 3608 particularia

108 3618 351 3666 ponuntur,
380 3610 427 3654 in
452 3610 612 3670 quibus
638 3610 760 3671 quod
792 3612 952 3658 dicitur
984 3613 1261 3674 inspiciatur.
1290 3614 1397 3660 Alio
1431 3628 1541 3675 ergo
1569 3615 1710 3661 modo
1743 3630 1791 3662 se
1824 3617 1961 3663 habet
1996 3618 2058 3662 in-
