2332 3854
778 232 933 274 tumn
971 232 1027 272 11.
1068 231 1189 271 CAP.
1224 229 1445 270 Lxxmx.
1982 214 2084 282 263

45 322 63 363 ³³¹
133 337 281 383 niatur
301 335 459 381 nutriri
477 345 581 380 ante
612 333 824 379 ultimum
858 333 1266 394 complementum,
1286 342 1329 378 et
1346 331 1483 376 etiam
1503 329 1684 383 sentire,
1709 342 1803 373 non
1826 338 1976 387 potest
1997 330 2089 374 hoc

135 403 312 450 attribui
341 403 520 447 animae
552 401 722 445 matris.

220 470 319 515 Nec
344 478 500 514 tamen
532 478 680 527 potest
706 468 794 512 dici
820 468 942 527 quod
969 469 1014 511 in
1047 467 1235 522 semine,
1263 466 1315 511 ab
1343 466 1443 525 ipso
1477 463 1715 524 principio,
1749 463 1806 507 sit
1837 462 1990 507 anima
2024 478 2091 508 se·

38 558 63 579 a
133 536 333 582 cundum
359 550 489 581 suam
515 536 757 581 essentiam
785 534 1080 594 completam,
1107 537 1236 594 cujus
1263 543 1419 578 tamen
1449 531 1738 591 operationes
1759 543 1853 574 non
1877 539 2094 589 apparent

145 613 316 663 propter
341 616 621 662 organorum
646 601 888 646 defectum.
916 601 1051 655 Nam,
1085 615 1226 660 quum
1254 601 1406 644 miima
1432 599 1614 643 uniatur
1640 597 1821 657 corpori
1848 607 1896 641 ut
1927 596 2091 651 forma,

143 677 226 715 non
251 670 403 715 unitur
428 670 515 713 nisi
540 668 736 728 corpori,
763 669 891 725 cujus
918 677 984 711 est
1011 668 1191 727 proprie
1219 678 1358 712 actus.
1388 666 1466 711 Est
1489 675 1641 710 autem
1661 664 1814 709 anima
1840 672 1966 708 actus
1994 677 2089 707 cor-

144 737 256 792 poris
280 735 500 795 organici.
526 735 633 780 Non
660 744 727 779 est
749 735 884 793 igitur
902 745 1005 779 ante
1029 735 1420 792 organizationem
1449 732 1654 791 corporis
1675 731 1723 775 in
1739 730 1915 776 semine
1935 731 2089 774 anima

145 809 256 853 actu,
279 803 358 847 sed
384 802 534 847 solum
562 802 762 861 potentia
789 801 883 845 sive
910 801 1086 845 virtute.
1116 801 1248 844 Unde
1276 799 1550 844 Aristoteles
1578 799 1687 843 dicit
1711 798 1757 842 in
1789 797 1992 842 secundo
2019 797 2090 841 De

146 865 289 913 anima
312 869 366 927 (t.
394 882 433 914 c.
465 869 554 927 30.)
589 868 711 927 quod
744 882 900 912 semen
933 878 978 911 et
1009 866 1181 912 fructus
1217 868 1280 911 sic
1319 876 1423 911 sunt
1464 865 1666 924 potentia
1697 865 1837 909 vitam
1874 863 2088 909 habentia

144 931 267 993 quod
291 935 504 994 abjiciunt
530 936 745 988 animam,
776 934 821 978 id
854 944 920 978 est
953 935 1102 978 anima
1137 943 1306 987 carent,
1339 947 1479 991 quum
1512 942 1666 976 tamen
1698 932 1743 976 id
1777 932 1904 989 cujus
1937 931 2092 975 anima

91 1045 98 1056 ,
145 1009 215 1044 est
236 1009 353 1047 actts
379 1002 436 1046 sit
456 1001 659 1062 potentia
677 1002 819 1046 vitam
837 1001 1023 1053 habens,
1046 1015 1140 1044 non
1162 1011 1316 1044 tamen
1341 1000 1559 1058 abjiciens
1582 1001 1797 1043 animam.
1818 996 2097 1058 Sequer'etur

69 1107 76 1115 .
146 1065 299 1119 etiam,
324 1069 353 1111 si
379 1082 405 1113 a
430 1068 654 1128 principio
683 1068 834 1111 anima
862 1078 979 1112 esset
1007 1067 1052 1110 in
1094 1068 1285 1121 semine,
1327 1067 1448 1125 quod
1477 1066 1711 1124 generatio
1739 1065 1947 1109 animalis
1975 1074 2094 1109 esset

143 1131 296 1177 solum
322 1146 394 1190 per
425 1135 721 1188 decisionem,
748 1135 864 1178 sicut
890 1144 956 1178 est
983 1134 1029 1178 in
1063 1133 1334 1178 animalibus
1370 1132 1591 1186 anulosis,
1618 1131 1740 1191 quod
1774 1146 1827 1176 ex
1859 1145 1952 1176 uno
1979 1131 2093 1175 fiunt

42 1202 45 1209 ’
83 1254 93 1264 Ξ
141 1198 249 1243 duo·
276 1197 437 1246 Semen
469 1202 608 1255 enim,
641 1202 692 1255 si,
725 1202 877 1246 statim
909 1215 1051 1260 quum
1084 1211 1152 1245 est
1184 1200 1403 1253 decisum,
1445 1200 1646 1243 animam
1673 1199 1876 1253 haberet,
1898 1200 1991 1257 jam
2018 1198 2096 1242 ha-

144 1265 269 1310 beret
292 1264 482 1312 formam
508 1268 865 1313 substantialem.
896 1269 1063 1313 Omnis
1088 1278 1239 1311 autem
1268 1267 1502 1326 generatio
1530 1266 1838 1311 substantialis
1866 1265 2098 1325 praecedit

141 1330 338 1378 formam
359 1333 711 1389 substantialem,
738 1349 831 1379 non
855 1350 960 1380 eam
986 1336 1210 1394 sequitur3
1238 1335 1275 1378 si
1302 1348 1416 1392 quae
1443 1347 1553 1378 vero
1579 1334 1984 1378 transmutationes
2010 1331 2101 1376 for·

141 1410 269 1443 mam
294 1399 629 1447 substantialem
658 1411 918 1461 sequuntur,
944 1411 1048 1447 non'
1066 1402 1332 1446 ordinantur
1355 1402 1410 1444 ad
1434 1415 1534 1445 esse
1562 1400 1779 1459 generati,
1803 1400 1882 1444 sed
1901 1399 1958 1444 ad
1983 1399 2099 1444 bene

141 1478 239 1511 esse
264 1466 418 1525 ipsius.
447 1467 519 1512 Sic
545 1470 679 1528 igitur
702 1470 935 1528 generatio
965 1468 1174 1512 animalis
1208 1468 1517 1527 compleretur
1547 1468 1595 1511 in
1633 1469 1732 1526 ipsa
1764 1467 1998 1512 decisione
2030 1481 2101 1511 se·

141 1533 299 1587 minis3
325 1547 487 1578 omnes
514 1546 662 1580 autem
694 1536 1095 1581 transmutationes
1122 1545 1363 1594 sequentes
1387 1545 1538 1578 essent
1564 1534 1619 1577 ad
1644 1535 1992 1593 generationem
2018 1533 2102 1577 im—

141 1599 429 1659 pertinentes.
450 1601 541 1645 Sed
558 1602 703 1647 adhuc
722 1602 868 1660 magis
886 1612 954 1646 est
979 1601 1234 1658 ridiculum,
1252 1601 1290 1645 si
1307 1602 1398 1645 hoc
1418 1601 1473 1644 de
1497 1601 1648 1644 anima
1665 1600 1876 1645 rationali
1894 1601 2091 1644 dicatur:

55 1658 79 1714 ,
141 1675 240 1711 tum
266 1667 371 1726 quia
397 1668 675 1727 impossibile
702 1680 769 1714 est
794 1678 842 1713 ut
867 1669 1091 1713 dividatur
1108 1669 1359 1713 secundum
1382 1668 1651 1712 divisionem
1675 1668 1893 1727 corporis,
1921 1667 1976 1711 ad
1999 1668 2089 1711 hoc

142 1742 192 1778 ut
216 1733 263 1778 in
288 1733 444 1779 deciso
469 1737 642 1780 semine
668 1750 765 1780 esse
791 1738 956 1795 possit;
981 1746 1078 1779 tum
1106 1736 1210 1794 quia
1238 1745 1500 1794 sequeretur
1525 1735 1663 1793 quod,
1685 1735 1732 1778 in
1759 1734 1971 1779 omnibus
1997 1733 2092 1793 pol-

141 1798 388 1846 lutionibus
414 1815 470 1845 ex
495 1802 656 1861 quibus
681 1812 929 1862 conceptus
954 1817 1048 1846 non
1075 1803 1288 1861 sequitur,
1314 1801 1614 1847 nihilominus
1641 1801 1885 1847 rationales
1912 1801 2100 1846 animae

143 1866 564 1927 multiplicarentur.

227 1933 388 1995 Neque
410 1935 546 1979 etiarn
573 1935 662 1980 dici
687 1946 849 1995 potest,
876 1936 998 1995 quod
1025 1936 1212 1995 quidam
1238 1936 1408 1991 dicunt,
1436 1937 1521 1981 etsi
1548 1950 1573 1980 a
1599 1936 1823 1996 principio
1850 1936 2095 1981 decisionis

140 1999 187 2044 in
213 2001 388 2046 semine
411 2015 506 2046 non
533 2004 589 2046 sit
614 2003 766 2046 anima
793 2013 911 2057 actu,
938 2004 1016 2047 sed
1047 2004 1212 2048 virtute
1243 2013 1429 2062 propter
1460 2003 1765 2048 deficientiam
1800 2017 2096 2062 organorum,

138 2075 294 2130 tamen
334 2067 527 2125 ipsamet
564 2069 779 2114 virtutem
819 2070 1019 2124 seminis,
1057 2071 1179 2129 quod
1218 2080 1286 2115 est
1317 2084 1482 2129 corpus
1517 2070 1839 2130 organizabile,
1879 2070 1962 2115 etsi
2002 2084 2097 2114 non

140 2133 469 2192 organizaturn,
496 2148 595 2180 esse
621 2135 1020 2195 proportionaliter
1046 2136 1210 2180 semini
1228 2137 1429 2180 animam
1449 2137 1495 2180 in
1514 2137 1730 2195 potentia,
1753 2138 1832 2181 sed
1856 2130 1951 2182 non
1973 2146 2098 2191 actu;

140 2210 198 2254 et,
225 2201 330 2260 quia
354 2202 447 2246 vita
478 2201 659 2261 plantae
686 2204 905 2262 pauciora
931 2204 1118 2262 requirit
1144 2218 1317 2262 organa
1343 2218 1480 2262 quam
1503 2205 1595 2248 vita
1618 2203 1839 2258 animalis,
1867 2204 2015 2263 primo
2038 2217 2103 2248 se-

139 2268 263 2312 mine
288 2267 562 2313 sufficienter
588 2270 643 2313 ad
671 2270 810 2314 vitam
848 2269 1029 2329 plantae
1056 2271 1336 2330 organizato,
1374 2271 1520 2329 ipsam
1562 2271 1844 2330 praedictam
1881 2271 2093 2315 virtutem

51 2379 70 2386 ,
136 2332 235 2380 fieri
259 2335 463 2380 animam
487 2335 820 2395 vegetabilem;
852 2337 1015 2381 deinde
1038 2337 1222 2395 organis
1255 2337 1402 2396 magis
1440 2336 1650 2396 perfectis
1692 2347 1738 2381 et
1773 2337 2098 2396 multiplicatis,

138 2400 350 2445 eamdem
377 2401 565 2460 perduci
589 2412 639 2447 ut
663 2403 720 2448 sit
747 2404 900 2447 anima
927 2404 1166 2458 sensitiva3
1206 2403 1391 2448 ulterius
1434 2414 1602 2460 autem,
1627 2404 1777 2448 forma
1814 2417 2099 2462 organorum

137 2465 349 2527 perfecta,
376 2468 588 2512 eamdem
615 2469 817 2513 animam
843 2469 940 2514 fieri
967 2470 1255 2525 rationalem,
1283 2485 1378 2514 non
1411 2464 1596 2530 quidem
1630 2485 1710 2530 per
1744 2472 1974 2515 actionem
2016 2470 2103 2514 vir-

138 2533 246 2578 tutis
270 2534 473 2588 seminis,
498 2535 579 2579 sed
612 2550 666 2579 ex
698 2535 869 2580 influxu
907 2538 1140 2581 exterioris
1183 2540 1388 2596 agentis3
1429 2547 1614 2596 propter
1651 2538 1773 2596 quod
1815 2538 2101 2597 suspicantur

141 2599 435 2646 Aristotelem
461 2601 624 2646 dixisse
651 2603 744 2661 (De
772 2616 925 2661 gener.
945 2604 1107 2660 anim.)
1126 2603 1410 2648 intellectum
1429 2605 1482 2647 ab
1509 2605 1762 2648 extrinseco
1791 2618 1903 2649 esse.
1933 2604 2102 2647 Secun-

141 2666 249 2711 dum
278 2668 402 2712 enirn
427 2667 547 2712 hanc
574 2669 866 2727 positionem,
905 2680 1168 2728 sequeretur
1195 2670 1317 2729 quod
1345 2670 1496 2729 aliqua
1535 2671 1676 2715 virtus
1714 2671 1875 2715 eadem
1906 2683 2100 2714 numero

52 2733 98 2802 ’Ξἓν
140 2745 261 2780 nunc
287 2743 406 2779 esset
431 2735 585 2779 anima
611 2736 877 2794 vegetabilis
903 2746 1081 2780 tantum
1109 2747 1152 2780 et
1184 2738 1483 2795 postmodum
1517 2738 1670 2781 anima
1702 2738 1932 2791 sensitiva,
1959 2747 2004 2780 et
2035 2736 2099 2780 sic

6 2799 9 2801 ’
61 2804 91 2836 ‘f‘
140 2798 238 2859 ipsa
267 2798 416 2845 forma
449 2802 754 2847 substantialis
792 2803 1008 2847 continue
1051 2803 1200 2861 magis
1226 2818 1278 2848 ac
1306 2804 1453 2862 magis
1486 2803 1802 2862 perficeretur3
1830 2814 1876 2847 et
1912 2802 2100 2847 ulterius

6 2878 11 2893 ‘³
142 2877 403 2927 sequeretur
428 2868 551 2926 quod
577 2882 671 2912 non
693 2868 846 2923 simul,
874 2869 951 2913 sed
979 2870 1235 2914 successive
1256 2870 1523 2915 educeretur
1539 2869 1689 2914 forma
1715 2869 2021 2915 substantialis
2044 2869 2100 2914 de

7 2965 10 2969 .
78 2962 83 2970 ‚
141 2933 342 2991 potentia
367 2935 413 2977 in
441 2943 616 2988 actum3
644 2944 688 2978 et
714 2934 898 2978 ulterius
921 2936 1042 2993 quod
1062 2937 1297 2992 generatio
1325 2947 1445 2981 esset
1467 2947 1620 2982 motus
1639 2938 1896 2991 continuus,
1920 2937 2037 2982 sicut
2058 2945 2103 2980 et

143 2996 373 3054 alterati03
399 3013 515 3058 quae
542 3000 699 3044 omnia
725 3010 830 3044 sunt
855 3000 1156 3059 impossibilia
1178 3001 1222 3044 in
1246 3011 1420 3045 natura.

55 3109 68 3124 ¹
230 3065 504 3124 Sequeretur
531 3066 669 3110 etiam
696 3066 843 3109 adhuc
877 3068 1023 3124 majus
1057 3067 1399 3121 inconveniens,
1427 3066 1601 3111 scilicet
1633 3067 1753 3126 quod
1789 3067 1942 3111 anima
1969 3070 2102 3111 ratio-

70 3136 74 3147 ”
141 3129 256 3175 nalis
280 3141 400 3176 esset
425 3131 642 3177 mortalis.
670 3132 798 3177 Nihil
823 3133 945 3177 enim
978 3133 1232 3177 formaliter
1269 3133 1406 3178 alicui
1437 3134 1501 3178 rei
1534 3133 1815 3192 corruptibili
1852 3134 2098 3178 adveniens

142 3194 252 3241 facit
270 3197 421 3256 ipsum
447 3211 545 3242 esse
570 3198 910 3257 incorruptibile
938 3213 1016 3258 per
1048 3210 1286 3254 naturam3
1313 3200 1424 3244 alias
1452 3199 1741 3259 corruptibile
1769 3210 2020 3244 mutaretur
2056 3201 2102 3244 in

143 3262 507 3323 incorruptibile;
549 3265 671 3323 quod
705 3275 773 3309 est
811 3266 1107 3325 impossibile,
1141 3281 1280 3325 quum
1318 3266 1528 3311 differant
1559 3267 1810 3310 secundum
1855 3281 2012 3325 genus,
2053 3275 2103 3310 ut

144 3329 306 3374 dicitur
345 3330 393 3374 in
434 3330 615 3375 decimo
654 3331 854 3391 Metaph.
883 3334 935 3390 (t.
965 3347 1003 3377 c.
1032 3331 1138 3389 26.).
1175 3333 1436 3376 Substantia
1469 3343 1621 3376 autem
1656 3334 1835 3377 animae
1863 3332 2100 3386 sensibilis,

68 3417 74 3421 »
145 3407 286 3455 quum
312 3406 505 3454 ponatur
530 3410 628 3441 esse
653 3412 734 3456 per
760 3398 970 3443 accidens
1007 3410 1222 3457 generata
1267 3414 1291 3442 a
1327 3413 1517 3457 corpore
1546 3410 1764 3458 generato
1803 3399 1850 3443 in
1886 3413 2102 3459 processu

146 3462 391 3521 praedicto,
416 3462 471 3507 de
496 3466 764 3508 necessitate
791 3474 859 3509 est
885 3465 1187 3524 corruptibilis
1217 3465 1271 3509 ad
1299 3466 1640 3523 corruptionem
1661 3466 1879 3525 corporis.
1901 3466 1951 3510 Si
1966 3466 2103 3524 igitur

146 3528 339 3589 ipsamet
363 3530 421 3574 sit
444 3530 692 3585 rationalis,
724 3531 924 3590 quodam
956 3531 1129 3576 lumine
1171 3532 1441 3576 intrinsecus
1473 3533 1675 3586 inducto,
1702 3532 1825 3592 quod
1850 3531 2102 3577 formaliter

148 3608 197 3641 se
220 3596 358 3643 habet
373 3597 428 3642 ad
446 3597 607 3657 ipsam,
629 3608 696 3643 est
713 3598 835 3643 enim
861 3599 1127 3644 sensitivam
1153 3599 1354 3657 potentia
1380 3598 1725 3654 intellectivum,
1751 3599 1807 3644 de
1832 3599 2101 3645 necessitate
