2332 3854
293 152 402 219 644
984 150 1159 199 LmER'
1178 160 1248 198 ιν.
1293 160 1413 199 CAP.
1454 161 1545 199 ιιι.

286 279 464 324 actuale
498 287 753 336 peccatum,
790 285 838 320 ut
878 275 1120 319 undecima
1157 276 1271 320 ratio
1307 277 1616 335 proponebat,
1653 278 1746 331 sed,
1772 278 1819 322 in
1845 289 2065 337 quantum
2095 278 2244 327 homo

287 359 509 405 generans
529 353 595 387 est
611 343 816 387 naturale
834 341 1138 400 generationis
1156 342 1444 400 principium,
1462 342 1647 387 infectio
1666 345 1899 419 originalis
1917 346 2108 405 peccati,
2122 349 2246 418 quod

284 423 495 456 naturam
522 410 716 468 respicit,
743 410 788 452 in
816 422 871 452 eo
898 418 1054 451 manet
1079 417 1124 451 et
1149 408 1194 450 in
1224 418 1326 452 actu
1354 410 1661 464 generationis
1689 411 1842 469 ipsius.

376 477 624 522 Sciendum
651 476 789 518 etiam
823 485 892 517 est
925 474 1045 531 quod
1073 484 1315 532 peccatum
1349 475 1526 519 actuale
1559 476 1692 534 primi
1723 476 1925 521 hominis
1956 477 2003 522 in
2035 488 2246 524 naturam

283 544 504 595 transivit,
530 543 636 600 quia
662 552 821 584 natura
848 541 892 583 in
921 554 975 583 eo
1004 550 1113 591 erat,
1136 540 1359 583 beneficio
1382 550 1570 585 naturae
1591 542 1823 600 praestito,
1851 542 2009 587 adhuc
2020 545 2244 603 perfecta;

282 611 375 663 sed,
403 623 480 667 per
509 618 743 665 peccatum
774 607 911 664 ipsius
934 616 1093 649 natura
1116 606 1206 650 hoc
1229 606 1452 650 beneficio
1479 607 1705 661 destituta,
1723 618 1849 652 actus
1866 609 1962 666 ejus
1980 609 2247 669 simpliciter

281 674 497 719 naturalis
524 672 630 725 fuit3
658 673 777 715 unde
804 686 897 715 non
925 672 1072 730 potuit
1098 671 1355 716 satisfacere
1383 687 1466 731 pro
1493 684 1587 718 tota
1613 686 1772 717 natura
1798 688 1947 734 neque
1973 672 2149 721 bonum
2170 693 2247 722 na-

283 753 408 785 turae
436 739 711 795 reintegrare
739 752 816 796 per
842 752 975 781 suum
1004 748 1182 792 actum;
1208 739 1286 782 sed
1313 738 1465 782 solum
1492 739 1755 784 satisfacere
1782 740 2076 799 aliquatenus
2096 745 2246 802 potuit

283 821 365 867 pro
393 819 448 850 eo
476 804 599 863 quod
627 805 681 847 ad
708 805 847 863 ipsius
869 817 1113 863 personam
1141 805 1387 863 spectabat.
1415 804 1480 848 Ex
1507 820 1597 864 quo
1630 816 1754 864 patet
1784 805 1954 852 solutio
1985 807 2043 852 ad
2070 808 2246 856 ‘duode-

283 874 451 919 cimam
478 871 719 914 rationem.
1159 921 1161 923 ¹

372 939 590 985 Similiter
624 950 777 982 autem
810 949 859 982 ut
890 939 946 983 ad
978 938 1159 982 tertiam
1192 939 1436 993 decimam,
1471 939 1576 998 quia
1608 949 1796 999 peccata
1828 931 2134 999 posteriorum
2174 957 2248 1001 pa-

285 1018 464 1052 rentum
498 1005 733 1049 inveniunt
767 1016 978 1048 naturam
1008 1006 1268 1049 destitutam
1299 1005 1523 1050 beneficio
1557 1006 1763 1065 primitus
1795 1006 1882 1065 ipsi
1916 1017 2104 1052 naturae
2128 1022 2247 1053 con-

279 1088 438 1127 cesso;
464 1071 582 1115 unde
610 1085 664 1115 ex
691 1073 754 1115 eis
781 1086 875 1115 non
901 1072 1102 1131 sequitur
1128 1071 1290 1130 aliquis
1317 1071 1518 1116 defectus
1545 1073 1622 1132 qui
1647 1080 1922 1149 propagetur
1946 1073 1994 1118 in
2019 1075 2244 1134 postems,

274 1140 353 1184 sed
377 1140 536 1184 solum
567 1139 645 1198 qui
671 1152 914 1213 personam
941 1140 1171 1197 peccantis
1198 1137 1381 1182 inficiat.
2107 1163 2110 1165 ·

373 1207 448 1250 Sic
476 1207 611 1265 igitur
635 1220 728 1249 non
756 1215 823 1248 est
847 1205 1174 1248 inconveniens
1206 1218 1354 1263 neque
1389 1214 1548 1248 contra
1581 1206 1807 1249 rationem
1837 1217 2098 1265 peccatum
2110 1192 2245 1267 o‘rigi·

281 1272 422 1317 nale
410 1287 457 1316 m
483 1272 746 1316 hominibus
773 1285 887 1326 esse,
914 1281 963 1315 ut
987 1270 1343 1330 Pelagianorum
1369 1271 1570 1316 haeresis
1598 1270 1915 1327 confundatur,
1941 1287 2058 1332 quae
2083 1288 2244 1334 pecca-

280 1350 379 1385 tum
407 1339 628 1398 originale
654 1339 853 1397 negavit.

963 1529 1287 1587 CAPUT
1352 1529 1552 1584 LIII.

276 1676 548 1716 RATIONES
583 1675 782 1722 QUIBUS
815 1675 1065 1712 VIDETUR
1106 1672 1331 1711 PROBARI
1367 1672 1527 1718 QUOD
1560 1673 1678 1711 NON
1717 1672 1848 1711 FUIT
1889 1672 2239 1714 CONVENIENS

1010 1747 1168 1786 DEUM
1201 1746 1517 1786 INCARNARI.
1931 1763 1934 1767 ⁴

367 1876 490 1929 Quia
515 1889 625 1919 vero
651 1873 977 1918 incarnationis
1001 1872 1114 1917 fides
1140 1872 1193 1916 ab
1221 1870 1478 1915 infidelibus
1504 1869 1690 1914 stultitia
1716 1879 1963 1929 reputatur,
1988 1870 2240 1926 secundum

279 1943 391 1988 illud
419 1941 635 2001 Apostoli
656 1941 711 1999 (Ι.
741 1940 850 1984 Cor.
877 1940 911 1983 I.
939 1938 1053 1995 21.):
1082 1939 1247 1982 Placuit
1283 1939 1369 1982 Deo
1396 1945 1475 1996 per
1499 1937 1720 1981 stultitiam
1748 1931 2244 1996 praedicationis'³isalvos

278 2012 414 2067 facere
447 2009 663 2062 credentes,
696 2007 884 2051 stultum
917 2017 1071 2049 autem
1103 2005 1280 2048 videtur
1312 2003 1482 2062 aliquid
1514 2003 1780 2062 praedicari,
1815 2018 1912 2048 non
1948 2003 2102 2049 solum
2137 2004 2244 2064 quia

275 2088 344 2122 est
369 2074 666 2135 impossibile,
693 2073 772 2118 sed
806 2073 944 2117 etiam
972 2072 1077 2131 quia
1104 2080 1170 2116 est
1195 2070 1436 2124 indecens3
1468 2070 1681 2114 insistunt
1712 2067 2245 2116 infideles'adffncarna-

273 2143 411 2187 tionis
436 2141 849 2201 impugnationem,
876 2153 971 2183 non
998 2138 1149 2182 solum
1175 2137 1370 2181 nitentes
1403 2136 1645 2180 ostendere
1679 2149 1776 2181 esse
1808 2135 2094 2195 impossibile
2118 2137 2243 2197 quod

273 2209 384 2254 fides
407 2208 636 2253 catholica
662 2206 907 2266 praedicat,
934 2205 1014 2249 sed
1041 2204 1181 2248 etiam
1207 2204 1514 2262 incongruum
1547 2207 1648 2247 esse
1682 2211 1726 2246 et
1758 2203 1959 2247 divinam
1989 2201 2242 2286 bonitatem

274 2290 369 2320 non
396 2276 571 2319 decere.

363 2343 444 2387 Est
469 2341 591 2386 enim
625 2340 804 2384 divinae
835 2337 1029 2383 bonitati
1061 2336 1339 2381 conveniens
1371 2345 1420 2380 ut
1452 2335 1606 2379 omnia
1640 2349 1776 2379 suum
1808 2334 2017 2379 ordinem
2035 2344 2241 2382 teneant.

275 2543 508 2586 humanae
535 2551 724 2584 naturae
751 2539 884 2583 uniri.

363 2609 503 2653 Item:
530 2608 568 2652 si
595 2606 874 2651 conveniens
899 2604 984 2649 fuit
1009 2605 1163 2648 Deum
1189 2603 1429 2647 hominem
1455 2602 1567 2656 fieri,
1595 2601 1796 2660 oportuit
1819 2601 1912 2646 hoc
1939 2615 2038 2647 esse
2054 2612 2242 2663 propter
2310 2589 2313 2592 ,

274 2675 474 2734 aliquam
501 2673 743 2718 utilitatem
768 2672 874 2716 inde
902 2673 1261 2730 provenientem.
1290 2669 1380 2714 Sed
1404 2682 1720 2744 quaecumque
1744 2667 1911 2713 utilitas
1931 2668 2081 2725 detur,
2097 2676 2240 2731 'quum
2312 2704 2314 2707 -

275 2743 402 2787 Deus
435 2741 725 2799 omnipotens
759 2740 830 2793 sit,
862 2739 983 2782 hanc
1017 2737 1259 2781 utilitatem
1292 2736 1544 2812 producere
1574 2735 1722 2792 potuit
1752 2733 1852 2779 sola
1883 2743 1966 2779 sua
1990 2735 2239 2781 voluntate.

277 2809 436 2862 Quum
472 2808 608 2867 igitur
646 2805 1004 2865 unumquodque
1044 2803 1143 2848 fieri
1180 2802 1437 2856 conveniat,
1474 2815 1613 2860 quam
1651 2798 1916 2847 brevissime
1949 2806 2114 2860 potest,
2144 2814 2240 2858 non

273 2875 474 2936 oportuit
499 2873 622 2933 quod
654 2873 795 2926 Deus,
821 2881 1006 2931 propter
1037 2869 1304 2928 hujusmodi
1335 2867 1594 2981 utilitatem,
1625 2867 1879 2911 humanam
1909 2877 2122 2912 naturam
2153 2868 2239 2914 sibi
2312 2895 2318 2922 2

275 2942 436 2986 unsset.

273 3075 574 3120 universitatis
596 3088 747 3118 rerum
766 3087 872 3116 eum
890 3071 1132 3130 praecipue
1154 3068 1389 3113 intendere
1409 3076 1602 3125 oportet.
1623 3066 1714 3110 Sed
1733 3063 1985 3125 assumptio
2005 3064 2236 3112 humanae

271 3153 459 3186 naturae
497 3141 648 3185 solum
686 3140 741 3183 ad
779 3139 1019 3183 utilitatem
1054 3136 1255 3180 hominis
1292 3134 1498 3194 pertinet.
1526 3133 1632 3177 Non
1663 3132 1801 3190 igitur
1833 3130 1920 3177 fuit
1959 3132 2237 3178 conveniens

274 3210 411 3267 quod,
437 3209 475 3251 si
497 3207 695 3251 alienam
721 3215 932 3250 naturam
954 3205 1080 3248 Deus
1104 3215 1335 3247 assumere
1353 3200 1570 3253 debuerit,
1589 3198 1741 3244 solum
1757 3206 1967 3282 naturam
1975 3198 2236 3257 humanam

273 3289 424 3319 assum
461 3274 580 3318 serit.

356 3290 592 3400 Aniplius:
620 3348 790 3399 quanto
819 3337 987 3397 aliquid
1016 3345 1083 3381 est
1109 3335 1245 3379 alicui
1272 3333 1418 3392 magis
1450 3331 1614 3385 simile,
1645 3340 1775 3376 tanto
1805 3330 1851 3375 ei
1882 3319 2229 3376 convenientius

269 3407 433 3451 unitur.
461 3407 562 3450 Deo
591 3415 742 3449 autem
769 3403 961 3449 similior
986 3413 1030 3447 et
1051 3401 1350 3462 propinquior
1366 3409 1433 3444 est
1450 3398 1658 3458 angelica
1679 3406 1840 3443 natura
1858 3408 1998 3458 quam
2013 3397 2230 3443 humana.

267 3473 375 3517 Non
402 3473 534 3531 igitur
561 3472 840 3518 conveniens
871 3469 957 3516 fuit
990 3481 1220 3516 assumere
1251 3477 1461 3513 naturam
1494 3464 1765 3519 humanam,
1797 3462 2022 3528 angelica
2035 3472 2232 3528 praeter·

271 3539 421 3583 missa.

363 3009 553 3053 Adhuc.
585 3020 727 3066 quum
759 3006 885 3049 Deus
917 3004 975 3049 sit
1007 3001 1273 3047 universalis
1306 3000 1517 3045 omnium
1552 3014 1703 3053 causa,
1738 2998 1793 3043 ad
1826 2998 2066 3044 utilitatem
2097 3000 2237 3046 totius
2310 2979 2320 3004 ’ᾗ

2315 1995 2332 2026 <42

2316 2029 2332 2095 i

2315 2062 2320 2071 ,

2296 2096 2332 2247 i

275 2411 357 2455 Est
383 2419 536 2453 autem
562 2407 637 2452 hic
666 2407 779 2452 ordo
806 2420 959 2449 rerum
987 2414 1035 2448 ut
1060 2405 1186 2448 Deus
1213 2403 1271 2447 sit
1296 2416 1430 2461 super
1456 2402 1612 2446 omnia
1640 2401 1877 2456 exaltatus,
1908 2402 2055 2457 homo
2087 2413 2242 2449 autem
2312 2391 2319 2461 ¹.»

276 2478 392 2520 inter
423 2474 606 2519 infimas
641 2483 869 2517 creaturas
904 2471 1203 2516 contineatur.
1235 2469 1343 2514 Non
1377 2469 1513 2528 igitur
1547 2468 1679 2513 decet
1716 2469 1918 2514 divinam
1953 2470 2241 2528 majestatem
2310 2467 2319 2526 ς’
