2332 3854
802 215 958 255 tuma
996 215 1054 254 11.
1095 216 1215 255 CAP.
1257 214 1411 270 xxm.
1989 213 2083 267 141

137 318 245 363 nina
260 328 415 362 autem
441 316 561 361 actio
585 329 681 360 non
706 323 857 375 potest
881 329 979 360 esse
996 315 1052 361 de
1077 329 1244 375 genere
1270 314 1451 359 illarum
1480 313 1712 358 actionum
1728 327 1844 373 quae
1870 327 1964 358 non
1990 324 2095 358 sunt

134 385 184 430 in
210 394 388 443 agente,
416 398 520 428 cum
548 396 629 427 sua
656 382 776 426 actio
803 382 859 426 sit
894 397 974 427 sua
999 382 1264 437 substantia,
1295 391 1346 426 ut
1375 381 1422 426 in
1461 381 1609 440 primo
1642 382 1704 438 (c.
1730 379 1824 438 45.)
1858 392 2094 424 ostensum

137 460 227 497 est:
261 460 441 510 oportet
457 450 592 509 igitur
608 449 730 508 quod
756 449 813 493 sit
839 450 894 493 de
921 463 1087 507 genere
1103 449 1284 494 illarum
1313 448 1561 505 actionum,
1585 461 1700 506 quae
1718 456 1822 491 sunt
1842 447 1889 490 in
1916 457 2094 505 agente,

64 514 89 565 ’1
135 527 182 564 et
206 527 311 563 sunt
336 517 464 576 quasi
495 514 714 576 perfectio
740 515 893 574 ipsius.
923 516 1199 575 Hujusmodi
1225 525 1379 561 autern
1405 528 1500 559 non
1526 524 1631 558 sunt
1662 513 1749 558 nisi
1781 514 1984 558 actiones
2022 527 2094 557 co-

136 584 400 646 gnoscentis
426 592 470 628 et
497 581 761 642 appetentis·
779 582 905 625 Deus
923 582 1058 640 igitur
1081 582 1375 641 agnoscendo
1394 591 1438 626 et
1453 579 1653 625 volendo
1681 580 1774 639 agit
1791 590 1835 624 et
1857 590 2092 640 operatur:

66 643 74 684 ,³
135 665 230 697 non
261 651 398 710 igitur
429 664 508 709 per
538 648 858 694 necessitatem
889 658 1092 703 naturae,
1117 650 1196 693 sed
1224 663 1302 708 per
1329 649 1562 692 arbitrium
1594 647 1856 692 voluntatis.

224 717 389 762 Adhuc
409 733 419 762 ε
441 717 595 760 Deum
623 729 757 774 agere
783 725 967 774 propter
994 715 1145 768 finem,
1165 730 1220 760 ex
1236 716 1326 759 hoc
1354 714 1646 759 manifestum
1674 728 1772 759 esse
1790 723 1952 774 potest,
1971 713 2093 772 quod

66 831 89 837 ,Α
136 784 400 829 universum
425 797 520 827 non
553 792 620 827 est
651 795 677 826 a
704 796 825 835 casu,
857 782 937 826 sed
974 782 1030 825 ad
1064 782 1248 840 aliquod
1281 783 1454 825 bonum
1497 782 1744 838 ordinatur,
1770 791 1819 825 ut
1836 793 1916 839 per
1941 779 2094 825 Philo-

63 855 92 877 ·‘·'
133 850 335 911 sophum
360 860 486 910 patet
508 851 555 893 in
587 849 768 893 decimo
801 848 1004 893 secundo
1030 849 1231 906 Metaph.
1250 850 1302 906 (t.
1331 863 1369 892 c.
1401 848 1504 905 52.).
1531 849 1738 892 Primum
1766 858 1919 892 autem
1951 860 2092 905 agens

56 918 75 970 -ᾏ
125 926 325 978 *propter
349 916 502 970 finem,
529 924 710 975 oportet
742 929 839 960 esse
874 929 1011 973 agens
1048 929 1128 973 per
1152 915 1437 959 intellectum
1479 924 1524 959 et
1548 914 1857 969 voluntatem3
1885 928 1939 958 ea
1970 915 2093 958 enim

68 997 78 1043 J
132 987 253 1044 quae
274 983 510 1028 intellectu
537 992 705 1036 carent,
733 991 874 1041 agunt
897 991 1081 1040 propter
1106 981 1260 1037 finem,
1286 982 1402 1026 sicut
1426 982 1474 1025 in
1506 981 1644 1025 finem
1683 982 1736 1026 ab
1775 981 1867 1027 alio
1899 981 2093 1025 directa:

116 1051 256 1110 ⁸quod
280 1050 465 1110 quidem
492 1052 539 1094 in
565 1048 871 1106 artificialibus
896 1058 1041 1107 patet:
1063 1063 1170 1092 nam
1196 1049 1387 1107 sagittae
1409 1058 1561 1093 motus
1578 1058 1646 1092 est
1667 1049 1723 1092 ad
1744 1048 2094 1096 determinatum

136 1117 322 1177 signum
346 1131 403 1161 ex
427 1116 676 1161 directione
702 1116 979 1174 sagittantis;
1013 1115 1161 1160 simile
1189 1129 1341 1159 autem
1375 1129 1472 1160 esse
1507 1125 1688 1175 oportet
1719 1117 1763 1159 in
1800 1114 2094 1159 naturalibus.

118 1184 208 1230 ,Ad
234 1184 325 1228 hoc
352 1183 475 1228 enim
501 1182 622 1242 quod
664 1182 832 1240 aliquid
874 1183 1042 1226 directe
1082 1183 1129 1226 in
1169 1182 1309 1226 finem
1337 1182 1538 1226 debitum
1577 1182 1822 1235 ordinetur,
1853 1180 2094 1240 requiritur

117 1251 338 1310 'cognitio
362 1250 503 1310 ipsius
534 1250 650 1304 finis,
676 1260 722 1294 et
743 1251 838 1308 ejus
865 1249 987 1308 quod
1009 1259 1077 1294 est
1102 1249 1159 1293 ad
1185 1249 1340 1303 finem,
1369 1259 1413 1294 et
1438 1249 1617 1293 debitae
1646 1249 1954 1308 proportionis
1976 1248 2094 1292 inter

130 1327 389 1377 atrumque,
420 1317 543 1376 quod
568 1316 721 1361 solum
748 1316 1040 1375 intelligentis
1068 1327 1147 1361 est.
1172 1316 1294 1361 Cum
1320 1317 1457 1375 igitur
1481 1317 1609 1361 Deus
1626 1318 1683 1361 sit
1707 1317 1906 1376 primum
1933 1329 2090 1375 agens,

62 1385 81 1423 Γ
129 1397 229 1430 nnn
252 1385 347 1443 agit
371 1397 451 1443 per
475 1384 794 1428 necessitatem
819 1393 1024 1438 naturae,
1051 1384 1129 1427 sed
1155 1397 1234 1442 per
1258 1383 1544 1427 intellectum
1570 1393 1615 1427 et
1644 1383 1945 1428 voluntatem.

70 1443 83 1497 ,ἶ
139 1471 143 1477 ’
220 1450 484 1496 Praeterea:
505 1450 627 1509 quod
653 1465 734 1509 per
760 1463 807 1494 se
834 1450 941 1507 agit,
967 1450 1088 1509 prius
1108 1460 1176 1494 est
1193 1464 1248 1494 eo
1275 1450 1398 1508 quod
1416 1464 1495 1508 per
1523 1450 1644 1493 aliud
1664 1450 1781 1508 agit;
1807 1464 1947 1494 omne
1970 1449 2092 1494 enim

132 1517 258 1578 quod
285 1527 354 1562 est
377 1531 457 1577 per
483 1518 621 1571 aliud,
646 1517 874 1561 reducitur
897 1517 945 1560 in
971 1517 1017 1560 id
1043 1516 1165 1575 quod
1191 1531 1272 1575 per
1297 1530 1345 1560 se
1372 1526 1454 1570 est,
1471 1531 1528 1560 ne
1556 1518 1600 1560 in
1627 1517 1854 1562 infinitum
1881 1516 2095 1576 proceda-

75 1583 92 1626 ἶ.»
131 1594 217 1629 tur.
245 1584 342 1637 Qui
366 1594 519 1628 autem
545 1598 654 1628 suae
680 1584 872 1628 actionis
898 1597 992 1627 non
1030 1592 1098 1628 est
1129 1584 1358 1638 dominus,
1384 1597 1479 1626 non
1506 1597 1586 1642 per
1611 1598 1660 1628 se
1687 1584 1808 1642 agit:
1852 1584 1946 1642 agit
1971 1583 2095 1628 enim

131 1651 263 1711 quasi
289 1651 343 1696 ab
371 1651 461 1695 alio
489 1661 656 1704 actum,
682 1664 777 1694 non
803 1650 933 1709 quasi
962 1650 1162 1709 seipsum
1190 1664 1345 1709 agens.
1367 1650 1565 1709 Oportet
1579 1651 1717 1708 igitur
1738 1650 1936 1709 primum
1955 1664 2094 1709 agens

131 1717 392 1763 hoc'modo
418 1731 567 1777 agere,
599 1717 720 1776 quod
754 1717 825 1762 sui
867 1727 992 1761 actus
1025 1717 1237 1761 dominus
1274 1717 1349 1761 sit.
1389 1717 1498 1761 Non
1539 1727 1607 1761 est
1638 1727 1790 1761 autem
1832 1716 1992 1776 aliquis
2025 1716 2095 1762 sui

61 1784 87 1834 -s
133 1784 348 1830 dominus
373 1795 515 1838 actus,
554 1785 643 1829 nisi
668 1799 748 1844 per
782 1783 1093 1838 voluntatem3
1120 1794 1301 1843 oportet
1324 1784 1461 1843 igitur
1487 1784 1655 1839 Deum,
1682 1785 1759 1844 qui
1794 1794 1862 1830 est
1892 1785 2092 1844 primum

66 1855 98 1911 ᾗ
131 1865 291 1911 agens,
315 1866 397 1911 per
419 1851 703 1896 voluntatem
731 1865 882 1910 agere,
906 1866 1001 1896 non
1027 1866 1107 1910 per
1131 1851 1465 1896 necessitatem.

225 1918 414 1964 Adhuc:
440 1919 590 1978 primo
618 1919 768 1978 agenti
795 1918 982 1963 debetur
1013 1919 1159 1978 prima
1186 1918 1320 1975 actio,
1347 1919 1464 1963 sicut
1490 1928 1534 1963 et
1558 1920 1708 1978 primo
1736 1917 1896 1963 mobili
1921 1918 2094 1978 primus

67 1977 74 2035 ἶ,
136 1995 305 2031 motus.
332 1985 423 2031 Sed
448 1985 712 2031 naturaliter
737 1986 857 2031 actio
883 1985 1130 2030 voluntatis
1157 1995 1224 2030 est
1254 1986 1378 2044 prior
1405 2000 1542 2044 quam
1584 1987 1704 2031 actio
1736 1997 1948 2030 naturae:
1980 1984 2094 2030 illud

67 2062 79 2109 f„
136 2052 263 2098 enim
293 2053 558 2098 naturaliter
588 2053 710 2111 prius
737 2062 804 2098 est
830 2053 952 2112 quod
989 2062 1057 2098 est
1081 2051 1339 2112 perfectius,
1374 2052 1484 2098 licet
1507 2053 1555 2096 in
1585 2067 1864 2113 unoquoque
1897 2053 1954 2098 sit
1983 2063 2095 2098 tem·

8 2148 11 2154 1
67 2118 85 2171 [i
134 2132 248 2180 pore
272 2119 509 2179 posterius.
531 2119 669 2165 Actio
696 2129 849 2164 autem
881 2120 1055 2178 agentis
1088 2133 1169 2178 per
1191 2119 1476 2164 voluntatem
1504 2130 1572 2165 est
1603 2120 1860 2179 perfectior,
1882 2121 2005 2180 quod
2038 2135 2093 2166 ex

131 2186 224 2231 hoc
255 2196 393 2246 patet,
425 2187 548 2246 quod
574 2185 846 2245 perfectiora
870 2196 976 2230 sunt
1009 2200 1062 2231 ea
1098 2187 1214 2246 apud
1253 2201 1339 2231 nos
1364 2201 1481 2246 quae
1507 2202 1588 2246 per
1618 2187 1903 2232 voluntatem
1937 2197 2092 2246 agunt,

70 2258 95 2303 ἓ
114 2266 272 2314 vquarn
297 2268 414 2313 quae
440 2267 519 2314 per
542 2264 730 2299 naturae
755 2255 1088 2298 necessitatem.
1117 2254 1238 2313 Ergo
1266 2255 1385 2309 Deo,
1411 2257 1488 2314 qui
1511 2263 1578 2299 est
1599 2255 1798 2314 primum
1832 2269 1987 2314 agens,
2020 2255 2093 2300 de-

81 2319 113 2365 ’ς
131 2320 262 2368 lietur
285 2321 405 2366 actio
437 2335 553 2380 quae
581 2330 650 2366 est
679 2335 759 2379 per
784 2321 1084 2366 voluntatem.

75 2387 454 2448 rffi'Amplius:
480 2402 536 2432 ex
560 2388 651 2433 hoc
676 2388 800 2432 idem
823 2399 1021 2447 apparet,
1049 2389 1171 2447 quod
1194 2388 1269 2432 ubi
1296 2389 1586 2447 conjungitur
1603 2399 1792 2448 utraque
1810 2390 1945 2444 actio,
1965 2404 2094 2450 supe·

79 2452 227 2506 {fior
250 2465 320 2500 est
339 2455 480 2499 virtus
505 2469 621 2514 quae
650 2455 744 2514 agit
768 2469 847 2514 per
871 2454 1172 2509 voluntatem,
1195 2469 1249 2500 ea
1276 2470 1391 2514 quae
1419 2457 1512 2515 agit
1537 2471 1616 2515 per
1641 2466 1852 2500 naturam
1879 2467 1924 2502 et
1954 2458 2093 2502 utitur

71 2516 341 2583 ,stantquasi
364 2522 689 2567 instrumento:
715 2537 824 2567 nam
849 2523 897 2566 in
922 2523 1113 2567 homine
1139 2523 1345 2581 superior
1376 2533 1445 2568 est
1468 2523 1740 2577 intellectus,
1782 2525 1857 2582 qui
1890 2525 1983 2583 agit
2012 2539 2093 2584 per

40 2588 430 2643 »voluntatem
466 2603 605 2647 quam
638 2589 792 2635 anima
826 2589 1107 2648 vegetabilis,
1140 2603 1256 2648 quae
1294 2590 1388 2648 agit
1418 2604 1496 2648 per
1537 2599 1725 2634 naturae
1757 2591 2090 2636 necessitatem.

76 2655 299 2718 zfiivina
325 2666 479 2701 autem
500 2657 642 2701 virtus
668 2666 738 2702 est
761 2671 974 2716 suprema
999 2656 1046 2700 in
1074 2656 1285 2701 omnibus
1318 2657 1518 2701 entibus:
1545 2657 1683 2715 igitur
1708 2659 1805 2716 ipsa
1832 2659 1926 2716 agit
1946 2659 1993 2702 in
2019 2673 2090 2703 res

75 2733 296 2775 ms
318 2737 399 2783 pel·
428 2722 728 2778 VOluntatem,
753 2737 848 2767 non
874 2738 953 2783 per
975 2733 1164 2767 naturae
1190 2723 1523 2768 neceSSltatem.

116 2811 157 2831 ν
176 2789 360 2835 Item.
386 2789 598 2835 voluutas
628 2790 767 2834 habet
791 2804 874 2847 pro
906 2790 1089 2848 objecto
1115 2790 1289 2833 bonum
1321 2789 1571 2834 secundum
1598 2790 1824 2835 rationem
1850 2791 1982 2837 boni:
2015 2805 2092 2836 na·

122 2866 247 2904 -ma
257 2863 410 2902 autem
434 2870 530 2901 non
552 2857 731 2915 attingit
756 2857 812 2900 ad
836 2870 1134 2901 communem
1159 2856 1428 2910 bonitatem,
1449 2857 1529 2900 sed
1556 2857 1611 2901 ad
1638 2858 1729 2901 hoc
1756 2858 1944 2911 bonum,
1967 2859 2089 2918 quod

88 2933 204 2971 ,m
224 2938 305 2970 sua
330 2924 563 2984 perfectio.
592 2923 715 2968 Cum
739 2923 877 2982 igitur
912 2937 1051 2968 omne
1089 2937 1230 2981 agens
1266 2934 1370 2982 agat
1395 2924 1647 2968 secundum
1674 2924 1796 2983 quod
1833 2925 1889 2968 ad
1916 2924 2090 2970 bonum

86 2989 337 3045 ‹fintendie
362 2991 468 3050 quia
499 2990 600 3035 finis
627 3001 783 3035 movet
815 2999 1042 3048 agentem,
1070 3000 1251 3049 oportet
1287 2990 1409 3049 quod
1437 3004 1578 3049 agens
1604 3005 1683 3049 per
1707 2991 1993 3036 voluntatem
2029 2992 2087 3036 ad

134 3070 275 3118 agens
291 3072 372 3118 per
392 3059 711 3103 necessitatem
743 3068 931 3102 naturae
955 3067 1258 3116 comparetur,
1285 3058 1402 3102 sicut
1427 3071 1567 3116 agens
1593 3057 1847 3102 universale
1871 3058 1927 3102 ad
1949 3073 2089 3118 agens

83 3118 420 3186 particulare.
447 3125 606 3184 Agens
637 3136 792 3169 autem
817 3124 1087 3183 particulare
1114 3139 1161 3169 se
1188 3125 1326 3170 habet
1350 3125 1408 3170 ad
1434 3139 1574 3183 agens
1608 3125 1861 3171 universale
1887 3127 2005 3171 sicut
2036 3141 2090 3171 ea

81 3189 251 3252 ‹Jquae
276 3192 502 3251 posterius
528 3201 647 3246 sunt,
674 3202 719 3237 et
734 3193 851 3236 sicut
876 3193 971 3251 eJus
988 3192 1356 3237 instrumentum.
1383 3193 1506 3250 Ergo
1535 3202 1715 3251 oportet
1746 3194 1868 3251 quod
1891 3194 2089 3252 primum

34 3264 50 3281 ³
68 3254 276 3318 fimens
299 3259 359 3303 sit
382 3258 706 3312 voluntarium,
732 3268 776 3303 et
799 3273 895 3303 non
920 3273 999 3317 per
1019 3259 1339 3303 necessitatem
1364 3269 1552 3304 naturae
1579 3273 1733 3317 agens.

83 3318 130 3380 ff
222 3324 353 3369 Hanc
393 3325 532 3374 etiam
567 3325 805 3369 veritatem
851 3325 1002 3370 divina
1044 3325 1275 3384 Scriptura
1316 3339 1402 3370 nos
1449 3326 1604 3370 docet:
1653 3326 1817 3370 dicitur
1864 3326 1988 3372 enim
2043 3327 2089 3372 in

89 3389 253 3436 Ρ5831.
286 3389 542 3437 CXXXIV.
574 3389 638 3435 6.:
669 3392 827 3436 Omnia
842 3407 1119 3451 quaecumque
1140 3393 1287 3446 voluit,
1312 3393 1658 3451 Dominussecit;
1683 3402 1728 3437 et
1751 3393 2088 3452 (Eph.1.11.):

70 3451 229 3515 2-Qu2
258 3463 454 3517 operatur
474 3458 619 3502 omnia
648 3458 868 3503 secundum
885 3461 1145 3518 propositum
1172 3461 1401 3504 voluntatis
1430 3473 1556 3511 suae,·
1589 3469 1635 3504 et
1666 3459 1903 3505 Hilarius
1891 3474 1939 3504 in
1973 3460 2089 3506 libro

93 3522 209 3570 De
222 3525 409 3584 synodis
427 3526 529 3582 (art.
557 3526 664 3581 24)
700 3540 724 3567 α
747 3525 976 3571 Omnibus
994 3527 1211 3571 creaturis
1228 3526 1525 3571 substantiam
1542 3525 1753 3572 voluntas
1779 3527 1868 3572 Dei
1884 3527 2032 3573 attulit
2049 3544 2089 3582 »3

79 3593 183 3658 aa
204 3590 343 3636 infra:
372 3608 395 3634 «
418 3590 553 3636 Talia
578 3591 702 3637 enim
734 3602 898 3638 cuncta
924 3603 1074 3639 creata
1098 3603 1217 3647 sunt,
1244 3593 1395 3653 qualia
1427 3594 1554 3639 Deus
1584 3593 1735 3641 facere
1761 3594 1906 3640 voluit
1927 3612 1968 3640 ».
