2332 3854
260 199 368 267 614
908 212 1062 251 LIBER
1101 212 1173 250 1v.
1215 213 1335 251 CAP.
1377 212 1567 251 xxxxv

258 326 400 366 erant,
431 315 687 370 redimeret,
721 325 764 359 et
795 314 1047 359 secundum
1072 316 1178 369 hoc,
1211 315 1333 374 quod
1366 315 1497 361 dicit:
1523 314 1683 360 Filium
1712 330 1848 371 suum,
1875 330 1970 360 non
1993 315 2220 384 oportebit

257 381 450 439 intelligi
477 381 531 424 de
569 381 663 425 filio
701 381 908 434 naturali,
941 381 1020 424 sed
1053 381 1108 425 de
1134 381 1324 425 homine
1356 381 1437 426 illo
1470 382 1548 441 qui
1579 392 1647 426 est
1677 381 1795 427 filius
1828 382 2099 442 adoptionis.
2127 375 2218 428 sed

258 448 333 491 hic
366 462 523 492 sensus
558 447 808 491 excluditur
835 461 888 490 ex
920 447 1026 505 ipsis
1054 447 1267 506 Apostoli
1295 449 1458 492 verbis.
1491 448 1599 492 Non
1633 449 1756 492 enim
1790 463 1815 492 a
1834 449 1949 508 lege
1975 458 2124 509 potest
2143 449 2220 494 ab

259 513 437 558 solvere
479 514 566 558 nisi
608 513 682 557 ille
715 516 790 571 qui
822 527 956 570 super
992 513 1144 571 legem
1171 514 1355 568 exsistit,
1388 515 1465 573 qui
1498 524 1565 558 est
1598 524 1756 559 auctor
1781 514 1910 573 legis.
1944 516 2038 560 Lex
2067 524 2219 560 autem

263 595 288 623 a
314 581 417 623 Deo
444 582 590 638 posita
618 589 696 622 est.
725 579 878 622 Solius
904 579 1042 635 igitur
1066 579 1155 623 Dei
1182 590 1248 624 est
1279 595 1304 623 a
1329 580 1542 624 servitute
1569 580 1683 639 legis
1715 580 1902 640 eripere.
1937 581 2039 626 Hoc
2068 576 2223 628 mem

261 647 459 690 attribuit
491 645 741 703 Apostolus
774 645 888 688 Filio
922 646 1023 700 Dei,
1058 647 1112 689 de
1135 661 1226 704 quo
1252 645 1464 705 loquitur.
1493 646 1632 691 Filius
1666 661 1777 705 ergo
1809 647 1914 702 Dei,
1930 647 2000 691 de
2032 658 2124 706 quo
2152 646 2222 693 14ῠ

259 713 422 771 quitur,
461 723 527 755 est
551 711 669 754 filius
707 711 935 755 naturalis.
969 711 1142 756 Verum
1170 726 1281 771 ergo
1308 722 1374 757 est
1405 713 1554 757 dicere
1577 714 1699 772 quod
1721 712 1938 758 naturalis
1963 711 2054 758 Dei
2067 712 2224 795 Filius,

258 779 301 822 id
336 788 403 821 est
428 779 553 821 Deus
584 777 672 821 Dei
699 777 916 832 Verbum,
943 788 1012 822 est
1051 777 1197 823 factus
1231 794 1285 823 ex
1314 779 1518 824 muliere.

353 845 615 887 Praeterea.
644 843 763 887 idem
793 854 916 903 patet
940 859 1019 903 per
1044 845 1134 889 hoc
1162 846 1285 904 quod
1311 846 1564 905 redemptio
1590 846 1781 890 humani
1806 846 1986 906 generis
2009 846 2098 906 ipsi
2117 846 2221 892 Deo

260 911 514 954 attribuitur
540 910 730 968 (Psalm.
754 910 899 956 XXX.
927 911 1015 968 6.):
1044 911 1265 957 Redemisti
1290 928 1366 966 me,
1395 915 1594 967 Domine,
1628 915 1744 958 Deus
1768 909 1972 959 veritatis.

350 977 540 1020 Adhuc:
571 977 756 1035 adoptio
788 977 988 1021 filiorum
1021 978 1110 1022 Dei
1141 977 1190 1022 fit
1216 994 1297 1038 per
1320 980 1537 1039 Spiritum
1566 980 1802 1035 Sanctum,
1829 980 2082 1025 secundum
2109 978 2220 1025 illud

260 1045 417 1101 (Rom.
446 1043 568 1087 VIII.
601 1045 714 1101 15.):
742 1045 970 1104 Accepistis
1000 1047 1193 1104 spiritum
1225 1046 1456 1106 adoptionis
1476 1048 1686 1106 filiorum.
1721 1047 1915 1106 Spiritus
1940 1056 2094 1092 autem
2112 1048 2224 1093 San-

261 1121 359 1154 ctus
385 1124 478 1153 non
506 1121 573 1154 est
599 1111 771 1154 donum
804 1111 1020 1166 hominis,
1047 1113 1127 1156 sed
1154 1113 1354 1172 adoptio.
1382 1113 1505 1172 Ergo
1537 1114 1736 1158 filiorum
1770 1115 1960 1174 adoptio>
1987 1124 2085 1160 non
2117 1127 2223 1160 cau-

259 1188 383 1222 satur
415 1177 468 1220 ab
502 1177 706 1235 homine,
733 1178 829 1222 sed
845 1192 871 1221 a
901 1178 1019 1222 Deo.
1056 1179 1281 1223 Causatur
1314 1191 1466 1224 autem
1500 1196 1524 1224 a
1550 1181 1666 1225 Filio
1699 1182 1802 1236 Dei,
1823 1181 1967 1227 misso
1995 1195 2020 1226 a
2043 1182 2162 1228 Deo
2177 1189 2222 1227 et

258 1243 382 1288 facto
410 1258 463 1287 ex
495 1243 712 1298 muliere;
740 1244 862 1302 quod
895 1255 1018 1303 patet
1042 1260 1123 1322 per
1148 1246 1193 1289 id
1226 1247 1349 1305 quod
1382 1246 1634 1306 Apostolus
1666 1248 1839 1292 subdit:
1880 1249 1936 1293 Ut
1965 1248 2224 1312 adoptionem

250 1310 444 1369 filiorum
476 1312 760 1369 reciperemus.
781 1311 980 1370 Oportet
996 1313 1132 1370 igitur
1147 1314 1336 1357 verbum
1361 1314 1575 1373 Apostoli
1605 1314 1800 1373 intelligi
1825 1314 1881 1358 de
1913 1309 2031 1359 Filio
2048 1315 2137 1360 Dei
2152 1328 2230 1359 na-

261 1376 407 1420 turali.
421 1377 548 1420 Deus
579 1377 715 1435 igitur
746 1378 836 1421 Dei
853 1378 1057 1422 Verbum
1075 1378 1220 1424 factus
1235 1390 1303 1424 est
1320 1395 1374 1424 ex
1402 1380 1607 1434 muliere,
1620 1381 1667 1424 1d
1694 1391 1761 1425 est
1787 1395 1842 1425 ex
1858 1379 2059 1440 Virgine
2063 1387 2227 1426 matre.

348 1444 486 1487 Item:
515 1444 715 1501 Joannes
753 1444 862 1488 dicit
902 1445 958 1502 (Ι.
989 1447 1100 1503 14):
1137 1447 1316 1491 Verbum
1342 1461 1441 1491 caro
1458 1448 1629 1505 factum
1660 1453 1727 1492 est.
1760 1447 1869 1492 Non
1901 1457 2056 1507 autem
2078 1441 2226 1492 habet

262 1524 449 1554 carnem
475 1511 563 1554 nisi
589 1525 642 1554 ex
667 1510 873 1555 muliere.
900 1512 1104 1555 Verbum
1127 1513 1262 1572 igitur
1294 1512 1466 1558 factum
1499 1523 1567 1558 est
1583 1527 1639 1558 ex
1661 1513 1868 1568 muliere,
1894 1513 1940 1578 id
1966 1509 2112 1560 estex
2122 1513 2222 1587 Vir·

259 1578 365 1636 gine
396 1586 566 1621 matre:
589 1577 733 1636 Virgo
761 1578 886 1622 enim
917 1589 985 1623 est
1017 1589 1162 1623 mater
1188 1580 1278 1623 Dei
1302 1579 1456 1624 Verbi.
2181 1593 2184 1600 ·

347 1644 582 1703 Amplius:
611 1644 863 1704 Apostolus
889 1645 999 1690 dicit
1024 1646 1181 1723 (Rom.
1208 1647 1286 1690 IX.
1319 1647 1377 1704 5.)
1405 1647 1527 1705 quod
1556 1646 1746 1692 Christus
1769 1653 1825 1692 est
1850 1662 1905 1692 ex·
1935 1647 2137 1708 patribus
2161 1656 2233 1693 se·-

259 1711 440 1757 cundum
467 1726 654 1766 carnem,
681 1714 754 1770 qui
778 1718 834 1756 est
857 1721 979 1771 super
1004 1714 1147 1757 omnia
1172 1714 1288 1757 Deus
1314 1713 1543 1758 benedictus
1568 1715 1613 1757 in
1636 1714 1815 1758 saecula.
1846 1710 1963 1759 Non
1983 1722 2139 1759 autem
2169 1718 2226 1759 e'x

259 1779 459 1838 patribus
485 1779 573 1831 nisi
598 1779 828 1823 mediante
855 1779 1060 1837 Virgine.
1088 1779 1215 1823 Deus
1241 1779 1391 1838 igitur,
1417 1780 1496 1838 qui
1521 1790 1589 1824 est
1614 1793 1749 1839 super
1775 1781 1947 1835 omnin,
1969 1790 2041 1825 'est
2059 1778 2228 1825 exstru-

263 1846 369 1904 gine
396 1845 649 1890 secundum
676 1859 877 1891 carnem.
901 1845 1047 1903 Virgo
1073 1846 1209 1904 igitur
1236 1856 1302 1890 est
1330 1856 1476 1890 mater
1500 1847 1590 1890 Dei
1615 1847 1869 1891 secundum
1896 1844 2097 1892 carnem:
2145 1871 2147 1873 ·

353 1912 543 1957 Adhuc:
575 1911 828 1972 Apostolus
861 1912 969 1956 dicit
993 1912 1210 1971 (Philipp.
1244 1913 1303 1956 II.
1329 1911 1392 1970 6.)
1427 1913 1483 1957 de
1517 1913 1703 1957 Christo
1729 1913 1876 1971 Jesu:
1897 1914 2004 1971 Qui,
2027 1927 2157 1972 quum
2180 1914 2228 1957 in

250 1981 401 2039 forma
425 1981 513 2024 Dei·
536 1986 656 2025 esset.
674 2013 684 2023 .
705 2014 714 2023 .
734 2013 744 2023 .
760 2013 775 2034 ,
801 1981 1060 2038 semetipsum
1081 1981 1330 2033 exinanivit,
1362 1980 1550 2037 formam
1571 1981 1682 2024 servi
1707 1981 1929 2039 accipiens,
1961 1982 2008 2024 in
2037 1979 2228 2025 similitu·

261 2047 398 2091 dinem
430 2047 647 2090 hominum
670 2047 839 2105 sactus;
874 2046 951 2090 ubi
983 2045 1278 2090 manifestum
1311 2056 1393 2100 est,
1424 2047 1479 2101 si,
1506 2046 1761 2090 secundum
1784 2046 2069 2101 Nestorium,
2096 2045 2228 2092 Chri-

261 2125 382 2158 stum
409 2113 662 2157 dividamus
689 2113 737 2156 in
764 2113 893 2167 duos,
920 2113 1096 2157 scilicet
1120 2113 1166 2156 in
1193 2113 1436 2157 hominem
1460 2112 1592 2157 illum
1627 2113 1704 2172 qui
1736 2122 1804 2157 est
1834 2112 1953 2157 filius
1979 2112 2244 2172 adoptivus.

263 2191 308 2225 et
333 2183 378 2225 in
404 2180 551 2224 filium
575 2180 666 2224 Dei
689 2179 944 2224 naturalem
973 2181 1049 2238 qui
1076 2189 1143 2224 est
1167 2179 1372 2223 Verbum
1396 2180 1500 2234 Dei,
1527 2180 1649 2238 quod
1671 2194 1766 2224 non
1786 2189 1937 2239 potest
1957 2178 2150 2239 intelligi
2170 2179 2229 2224 de
2313 2229 2315 2234 .

261 2247 452 2291 homine
478 2246 574 2291 illo.
600 2246 683 2291 Ille
710 2246 834 2290 enim
859 2247 1019 2301 homo,
1047 2246 1083 2290 si
1111 2261 1247 2304 purus
1270 2247 1416 2290 homo
1438 2247 1509 2300 sit,
1532 2261 1626 2290 non
1648 2247 1770 2305 prius
1795 2246 1880 2290 fuit
1898 2246 1946 2290 in
1964 2245 2118 2290 foma
2138 2245 2243 2290 Dei„

262 2325 312 2359 ut
337 2314 634 2372 postmodum
655 2314 702 2356 in
723 2312 1069 2358 similitudinem
1090 2310 1336 2357 hoffninum
1361 2313 1503 2367 fieret,
1520 2314 1599 2357 sed
1622 2313 1770 2372 tnagis
1794 2328 1819 2358 e
1842 2326 2066 2358 converso
2081 2310 2228 2357 ha’mo

262 2382 479 2426 exsistens
507 2381 751 2424 divinitatis
778 2381 1004 2439 particeps
1031 2379 1176 2424 factus
1201 2390 1282 2434 est,
1304 2381 1350 2423 in
1373 2393 1465 2439 quo
1491 2393 1587 2423 non
1612 2378 1695 2424 fuit
1717 2377 2243 2439 exinanitus,.sed=exa1-.,.
2304 2409 2313 2415 ›.

262 2459 397 2493 tatus.
430 2448 628 2507 Oportet
659 2448 795 2506 igitur
826 2447 949 2506 quod
981 2446 1261 2505 intelligatur
1292 2447 1348 2491 de
1382 2447 1535 2490 Verbo
1569 2447 1659 2490 Dei
1691 2446 1814 2505 quod
1850 2445 1979 2505 prius*
2004 2444 2140 2490 fuerit
2172 2445 2245 2490 ab⁴
2302 2448 2322 2506 gJ

265 2525 451 2560 aeterno
477 2515 523 2558 in
549 2513 700 2558 forma
725 2514 828 2568 Dei,
853 2514 898 2558 id
926 2524 993 2558 est
1017 2514 1064 2557 in
1090 2523 1250 2557 natura
1281 2514 1384 2567 Dei,
1412 2523 1456 2557 et
1482 2513 1779 2572 postmodum
1813 2513 2060 2558 exinanivit
2088 2526 2245 2558 semo-³
2302 2571 2304 2574 y

264 2583 434 2642 tipsum
475 2581 522 2625 in
562 2580 910 2625 similitudinem
946 2581 1190 2624 hominum
1222 2580 1382 2625 factus.
1414 2581 1522 2624 Non
1555 2589 1706 2639 potest
1736 2584 1890 2624 autern
1919 2578 2248 2638 intelligijsta‘
2302 2633 2316 2638 v

266 2648 512 2693 exinanitio
535 2662 614 2707 per
635 2647 784 2692 solam
809 2648 1186 2691 inhabitationem
1204 2647 1343 2692 Verbi
1364 2647 1454 2690 Dei
1478 2648 1526 2690 in
1551 2647 1742 2691 homine
1763 2646 1870 2704 Jesu
1890 2645 2092 2691 Christo.
2107 2645 2243 2690 Nam.

264 2715 469 2760 Verbum
495 2715 584 2759 Dei
608 2715 655 2758 in
682 2715 893 2759 omnibus
911 2715 1078 2758 sanctis
1105 2728 1131 2757 a
1157 2714 1378 2772 principio
1397 2714 1557 2758 mundi
1573 2713 1795 2758 habitavit
1818 2716 1900 2772 pe'r
1920 2712 2129 2772 gratiam,
2143 2724 2249 2757 nec:
2300 2730 2322 2754 ’τ

264 2794 419 2827 tamen
446 2783 609 2826 dicitur
635 2782 938 2836 exinanitum3
966 2782 1071 2840 quia
1096 2782 1224 2825 Deus
1250 2783 1316 2825 sic
1343 2795 1475 2825 suam
1501 2781 1756 2824 bonitatem
1783 2779 2233 2824 creatur-iscom‘mu·

265 2851 402 2904 nicat,
421 2850 542 2909 quod
568 2849 683 2894 nihil
709 2850 750 2894 ei
775 2849 1064 2903 subtrahitur,
1081 2849 1162 2892 sed
1189 2848 1336 2907 magis
1354 2847 1700 2907 quodammodo
1727 2846 1963 2900 exaltatur,
1978 2845 2232 2891 secundum

267 2918 390 2976 quod
418 2919 512 2975 ejus
535 2916 787 2961 sublimitas
806 2930 859 2960 ex
875 2917 1075 2960 bonitate
1099 2925 1407 2959 creaturarum
1427 2925 1624 2973 apparet,
1645 2924 1690 2959 et
1703 2918 1831 2958 tanto
1850 2912 2047 2974 amplius
2060 2922 2238 2973 quanto*
2294 2963 2308 2969 ..

267 2994 500 3028 creaturae
525 2983 701 3028 fuerint·
717 2982 943 3027 meliores.
974 2982 1122 3037 Unde,
1137 2982 1175 3026 si
1192 2982 1394 3026 Verbum
1416 2982 1505 3025 Dei
1530 2980 1707 3040 plenius
1731 2979 1952 3025 habitavit
1973 2980 2021 3024 in
2041 2978 2251 3024 hominm
2291 2983 2319 3023 ξ’

270 3051 454 3095 Christo
482 3065 619 3109 quam
641 3051 687 3094 in
711 3050 809 3094 aliis
827 3049 1008 3103 sanctis,
1027 3049 1177 3092 minus
1203 3048 1249 3091 in
1276 3049 1365 3092 hoc
1394 3063 1532 3106 quam
1558 3048 1605 3091 in
1632 3047 1730 3092 aliis
1754 3046 1969 3092 convenit
1985 3045 2233 3091 exinanitio
2303 3068 2305 3070 ·

268 3117 420 3162 Verbi.
446 3116 738 3162 Manifestum
767 3126 833 3161 est
858 3116 994 3174 igitur
1012 3115 1134 3175 quod
1162 3116 1270 3159 unio
1290 3115 1428 3159 Verbi
1455 3114 1511 3158 ad
1538 3115 1791 3159 humanam
1816 3123 2027 3158 naturam
2049 3124 2144 3157 non
2165 3120 2252 3157 est
2294 3115 2325 3175 ᾖ]

268 3184 563 3243 intelligenda
595 3184 847 3229 secundum
881 3182 1029 3227 solam
1061 3182 1439 3226 inhabitationem
1466 3182 1605 3225 Verbi
1636 3181 1726 3225 Dei
1754 3180 1803 3224 in
1833 3178 2025 3224 homine
2057 3179 2155 3234 ino,
2182 3187 2241 3225 tw

268 3252 506 3295 Nestorius
534 3250 728 3305 dicebat,
754 3251 833 3295 sed
860 3250 1112 3294 secundum
1141 3248 1263 3308 quod
1288 3248 1492 3292 Verbum
1519 3248 1608 3292 Dei
1631 3261 1736 3292 vere
1766 3246 1938 3292 factum
1973 3256 2041 3291 est
2069 3246 2252 3294 horne

273 3318 348 3362 Sic
382 3318 503 3362 enim
537 3317 689 3363 solum
721 3317 904 3362 habebit
935 3316 1091 3361 locum
1125 3315 1385 3368 exinanitio,
1417 3325 1466 3358 ut
1498 3314 1671 3360 scilicet
1702 3314 1877 3359 dicatur
1906 3312 2119 3358 Verbum.
2138 3309 2255 3359 Nx
2291 3327 2296 3350 t
2325 3350 2327 3352 .

272 3386 566 3440 exinanitum,
590 3386 636 3429 id
664 3395 731 3430 est
756 3399 946 3444 parvum
967 3383 1153 3437 factum,
1176 3397 1271 3427 non
1294 3382 1539 3426 amissione
1562 3381 1772 3441 propriae
1793 3379 2135 3457 magnitudinis,
2148 3370 2293 3424 sest

272 3453 582 3510 assumptione
607 3453 837 3496 humanae
863 3451 1118 3511 parvitatis;
1145 3451 1263 3495 sicut
1287 3450 1325 3494 si
1351 3450 1503 3493 anima
1526 3449 1871 3508 praees-sisteret
1890 3445 2076 3508 cor-''por'i
2097 3452 2144 3491 ot
2166 3443 2253 3490 ms
2300 3447 2319 3487 fio}

271 3529 448 3562 ceretur
476 3519 571 3564 fieri
598 3519 846 3563 substantia
874 3531 1095 3578 corporea
1118 3532 1233 3577 quae
1256 3527 1323 3562 est
1343 3516 1503 3570 homo,
1530 3529 1624 3560 non
1647 3514 1901 3560 mutatione
1874 3511 2133 3607 prepi-«ae
2156 3510 2249 3558 ni
2199 3383 2332 3728 220]

2309 3729 2332 3854 ἓ

205 3640 220 3651 ἡ
269 3595 413 3639 turae,
440 3586 518 3631 sed
547 3588 859 3645 αδὸὓηὶρῖὶοῦἓ
886 3595 1074 3630 naturae
1102 3597 1367 3644 corporeae·
