<?xml version="1.0" encoding="UTF-8"?>
<!DOCTYPE html PUBLIC "-//W3C//DTD XHTML 1.0 Transitional//EN"
    "http://www.w3.org/TR/xhtml1/DTD/xhtml1-transitional.dtd">
<html xmlns="http://www.w3.org/1999/xhtml" xml:lang="en" lang="en">
 <head>
  <title>
</title>
<meta http-equiv="Content-Type" content="text/html;charset=utf-8" />
  <meta name='ocr-system' content='tesseract 3.04.00' />
  <meta name='ocr-capabilities' content='ocr_page ocr_carea ocr_par ocr_line ocrx_word'/>
</head>
<body>
  <div class='ocr_page' id='page_1' title='image "./divithomaeaquina00thom_0157.png"; bbox 0 0 2332 3854; ppageno 0'>
   <div class='ocr_carea' id='block_1_1' title="bbox 762 163 2029 290">
    <p class='ocr_par' dir='ltr' id='par_1_1' title="bbox 762 163 2029 290">
     <span class='ocr_line' id='line_1_1' title="bbox 1291 163 1320 193; baseline 0 0"><span class='ocrx_word' id='word_1_1' title='bbox 1291 163 1320 193; x_wconf 64' lang='lat' dir='ltr'>Q</span> 
     </span>
     <span class='ocr_line' id='line_1_2' title="bbox 762 235 2029 290; baseline -0.002 -14"><span class='ocrx_word' id='word_1_2' title='bbox 762 237 917 278; x_wconf 71' lang='lat' dir='ltr'>mnan</span> <span class='ocrx_word' id='word_1_3' title='bbox 955 237 1011 278; x_wconf 84' lang='grc' dir='ltr'>ιι.</span> <span class='ocrx_word' id='word_1_4' title='bbox 1052 237 1173 277; x_wconf 83' lang='lat' dir='ltr'>CAP.</span> <span class='ocrx_word' id='word_1_5' title='bbox 1213 235 1364 275; x_wconf 68' lang='lat' dir='ltr'>xxm.</span> <span class='ocrx_word' id='word_1_6' title='bbox 1933 235 2029 290; x_wconf 88' lang='lat'>145</span> 
     </span>
    </p>
   </div>
   <div class='ocr_carea' id='block_1_2' title="bbox 0 628 288 3646">
    <p class='ocr_par' dir='ltr' id='par_1_2' title="bbox 0 628 288 3646">
     <span class='ocr_line' id='line_1_3' title="bbox 0 628 231 829; baseline 0 -53"><span class='ocrx_word' id='word_1_7' title='bbox 0 628 231 829; x_wconf 95' lang='lat' dir='ltr'>   </span> 
     </span>
     <span class='ocr_line' id='line_1_4' title="bbox 0 829 140 909; baseline 0 0"><span class='ocrx_word' id='word_1_8' title='bbox 0 829 140 909; x_wconf 95' lang='lat' dir='ltr'>   </span> 
     </span>
     <span class='ocr_line' id='line_1_5' title="bbox 0 909 75 1101; baseline 0 -71"><span class='ocrx_word' id='word_1_9' title='bbox 0 909 75 1101; x_wconf 95' lang='lat' dir='ltr'>   </span> 
     </span>
     <span class='ocr_line' id='line_1_6' title="bbox 0 1101 154 1230; baseline 0 0"><span class='ocrx_word' id='word_1_10' title='bbox 0 1101 154 1230; x_wconf 95' lang='lat' dir='ltr'>  </span> 
     </span>
     <span class='ocr_line' id='line_1_7' title="bbox 0 1230 211 1364; baseline 0 -65"><span class='ocrx_word' id='word_1_11' title='bbox 0 1230 211 1364; x_wconf 95' lang='lat' dir='ltr'>   </span> 
     </span>
     <span class='ocr_line' id='line_1_8' title="bbox 0 1364 194 1512; baseline 0 -16"><span class='ocrx_word' id='word_1_12' title='bbox 0 1364 194 1512; x_wconf 95' lang='lat' dir='ltr'>   </span> 
     </span>
     <span class='ocr_line' id='line_1_9' title="bbox 0 1512 169 1645; baseline 0 -68"><span class='ocrx_word' id='word_1_13' title='bbox 0 1512 169 1645; x_wconf 95' lang='lat' dir='ltr'>   </span> 
     </span>
     <span class='ocr_line' id='line_1_10' title="bbox 0 1645 161 1765; baseline 0 -64"><span class='ocrx_word' id='word_1_14' title='bbox 0 1645 161 1765; x_wconf 95' lang='lat' dir='ltr'>   </span> 
     </span>
     <span class='ocr_line' id='line_1_11' title="bbox 0 1765 197 1916; baseline 0 -17"><span class='ocrx_word' id='word_1_15' title='bbox 0 1765 197 1916; x_wconf 95' lang='lat' dir='ltr'>    </span> 
     </span>
     <span class='ocr_line' id='line_1_12' title="bbox 0 1916 103 2105; baseline 0 -135"><span class='ocrx_word' id='word_1_16' title='bbox 0 1916 103 2105; x_wconf 95' lang='lat' dir='ltr'>   </span> 
     </span>
     <span class='ocr_line' id='line_1_13' title="bbox 0 2105 288 2247; baseline 0 -13"><span class='ocrx_word' id='word_1_17' title='bbox 0 2105 288 2247; x_wconf 95' lang='lat' dir='ltr'>   </span> 
     </span>
     <span class='ocr_line' id='line_1_14' title="bbox 0 2247 241 2504; baseline 0 -66"><span class='ocrx_word' id='word_1_18' title='bbox 0 2247 241 2504; x_wconf 95' lang='lat' dir='ltr'>    </span> 
     </span>
     <span class='ocr_line' id='line_1_15' title="bbox 0 2504 203 2585; baseline 0 0"><span class='ocrx_word' id='word_1_19' title='bbox 0 2504 203 2585; x_wconf 95' lang='lat' dir='ltr'>  </span> 
     </span>
     <span class='ocr_line' id='line_1_16' title="bbox 0 2585 230 2841; baseline 0 -68"><span class='ocrx_word' id='word_1_20' title='bbox 0 2585 230 2841; x_wconf 95' lang='lat' dir='ltr'>    </span> 
     </span>
     <span class='ocr_line' id='line_1_17' title="bbox 0 2841 278 2977; baseline 0 -16"><span class='ocrx_word' id='word_1_21' title='bbox 0 2841 278 2977; x_wconf 95' lang='lat' dir='ltr'>    </span> 
     </span>
     <span class='ocr_line' id='line_1_18' title="bbox 0 2977 192 3172; baseline 0 -63"><span class='ocrx_word' id='word_1_22' title='bbox 0 2977 192 3172; x_wconf 95' lang='lat' dir='ltr'>   </span> 
     </span>
     <span class='ocr_line' id='line_1_19' title="bbox 0 3172 226 3326; baseline 0 -19"><span class='ocrx_word' id='word_1_23' title='bbox 0 3172 226 3326; x_wconf 95' lang='lat' dir='ltr'>    </span> 
     </span>
     <span class='ocr_line' id='line_1_20' title="bbox 0 3326 166 3374; baseline 0 480"><span class='ocrx_word' id='word_1_24' title='bbox 0 3326 166 3374; x_wconf 95' lang='lat' dir='ltr'> </span> 
     </span>
     <span class='ocr_line' id='line_1_21' title="bbox 0 3374 181 3646; baseline 0.006 -136"><span class='ocrx_word' id='word_1_25' title='bbox 0 3374 181 3646; x_wconf 95' lang='lat' dir='ltr'>    </span> 
     </span>
    </p>
   </div>
   <div class='ocr_carea' id='block_1_3' title="bbox 805 428 1309 486">
    <p class='ocr_par' dir='ltr' id='par_1_3' title="bbox 805 428 1309 486">
     <span class='ocr_line' id='line_1_22' title="bbox 805 428 1309 486; baseline -0.004 0"><span class='ocrx_word' id='word_1_26' title='bbox 805 428 1060 486; x_wconf 89' lang='lat' dir='ltr'><strong>CAPUT</strong></span> <span class='ocrx_word' id='word_1_27' title='bbox 1101 428 1309 485; x_wconf 91' lang='lat' dir='ltr'>XXVI.</span> 
     </span>
    </p>
   </div>
   <div class='ocr_carea' id='block_1_4' title="bbox 353 555 1771 671">
    <p class='ocr_par' dir='ltr' id='par_1_4' title="bbox 353 555 1771 671">
     <span class='ocr_line' id='line_1_23' title="bbox 353 555 1771 604; baseline -0.001 -8"><span class='ocrx_word' id='word_1_28' title='bbox 353 556 513 604; x_wconf 86' lang='lat' dir='ltr'><strong>QUOD</strong></span> <span class='ocrx_word' id='word_1_29' title='bbox 554 556 779 596; x_wconf 87' lang='lat' dir='ltr'>DIVINUS</span> <span class='ocrx_word' id='word_1_30' title='bbox 819 557 1199 597; x_wconf 88' lang='lat' dir='ltr'>INTELLECTUS</span> <span class='ocrx_word' id='word_1_31' title='bbox 1237 558 1354 598; x_wconf 83' lang='lat' dir='ltr'>NON</span> <span class='ocrx_word' id='word_1_32' title='bbox 1396 555 1771 598; x_wconf 79' lang='lat' dir='ltr'>COARCTATUR</span> 
     </span>
     <span class='ocr_line' id='line_1_24' title="bbox 617 631 1500 671; baseline 0.001 -2"><span class='ocrx_word' id='word_1_33' title='bbox 617 631 691 669; x_wconf 82' lang='lat' dir='ltr'>AD</span> <span class='ocrx_word' id='word_1_34' title='bbox 732 631 1161 671; x_wconf 85' lang='lat' dir='ltr'>DETERMINATOS</span> <span class='ocrx_word' id='word_1_35' title='bbox 1202 631 1500 670; x_wconf 86' lang='lat' dir='ltr'>EFFECTUS.</span> 
     </span>
    </p>
   </div>
   <div class='ocr_carea' id='block_1_5' title="bbox 9 737 2085 3677">
    <p class='ocr_par' dir='ltr' id='par_1_5' title="bbox 9 737 2085 3677">
     <span class='ocr_line' id='line_1_25' title="bbox 66 737 2042 808; baseline -0.003 -21"><span class='ocrx_word' id='word_1_36' title='bbox 66 776 113 808; x_wconf 13' lang='lat' dir='ltr'>„y</span> <span class='ocrx_word' id='word_1_37' title='bbox 171 741 410 797; x_wconf 86' lang='lat' dir='ltr'>Quoniam</span> <span class='ocrx_word' id='word_1_38' title='bbox 437 750 589 785; x_wconf 90' lang='lat' dir='ltr'>autem</span> <span class='ocrx_word' id='word_1_39' title='bbox 616 749 852 784; x_wconf 89' lang='lat' dir='ltr'>ostensum</span> <span class='ocrx_word' id='word_1_40' title='bbox 879 749 947 784; x_wconf 87' lang='lat' dir='ltr'>est</span> <span class='ocrx_word' id='word_1_41' title='bbox 977 740 1038 798; x_wconf 86' lang='lat' dir='ltr'>(c.</span> <span class='ocrx_word' id='word_1_42' title='bbox 1068 740 1159 797; x_wconf 87' lang='lat'>22.)</span> <span class='ocrx_word' id='word_1_43' title='bbox 1187 741 1308 799; x_wconf 91' lang='lat' dir='ltr'>quod</span> <span class='ocrx_word' id='word_1_44' title='bbox 1336 740 1486 784; x_wconf 86' lang='lat' dir='ltr'>divina</span> <span class='ocrx_word' id='word_1_45' title='bbox 1517 739 1721 799; x_wconf 87' lang='lat' dir='ltr'>potentia</span> <span class='ocrx_word' id='word_1_46' title='bbox 1748 738 1804 783; x_wconf 84' lang='lat' dir='ltr'>ad</span> <span class='ocrx_word' id='word_1_47' title='bbox 1830 737 2042 784; x_wconf 88' lang='lat' dir='ltr'>determi-</span> 
     </span>
     <span class='ocr_line' id='line_1_26' title="bbox 64 806 2041 866; baseline -0.003 -11"><span class='ocrx_word' id='word_1_48' title='bbox 64 820 117 864; x_wconf 52' lang='grc' dir='ltr'>ἰ’-ι’·</span> <span class='ocrx_word' id='word_1_49' title='bbox 124 817 212 856; x_wconf 81' lang='lat' dir='ltr'>tos</span> <span class='ocrx_word' id='word_1_50' title='bbox 244 807 431 853; x_wconf 88' lang='lat' dir='ltr'>effectus</span> <span class='ocrx_word' id='word_1_51' title='bbox 461 821 557 852; x_wconf 92' lang='lat' dir='ltr'>non</span> <span class='ocrx_word' id='word_1_52' title='bbox 582 806 814 860; x_wconf 88' lang='lat' dir='ltr'>limitatur,</span> <span class='ocrx_word' id='word_1_53' title='bbox 842 820 894 851; x_wconf 92' lang='lat' dir='ltr'>ac</span> <span class='ocrx_word' id='word_1_54' title='bbox 927 821 1005 865; x_wconf 91' lang='lat' dir='ltr'>per</span> <span class='ocrx_word' id='word_1_55' title='bbox 1031 807 1122 851; x_wconf 91' lang='lat' dir='ltr'>hoc</span> <span class='ocrx_word' id='word_1_56' title='bbox 1160 808 1282 866; x_wconf 92' lang='lat' dir='ltr'>quod</span> <span class='ocrx_word' id='word_1_57' title='bbox 1325 822 1379 852; x_wconf 87' lang='lat' dir='ltr'>ex</span> <span class='ocrx_word' id='word_1_58' title='bbox 1419 807 1689 852; x_wconf 89' lang='lat' dir='ltr'>necessitate</span> <span class='ocrx_word' id='word_1_59' title='bbox 1720 816 1908 851; x_wconf 86' lang='lat' dir='ltr'>naturae</span> <span class='ocrx_word' id='word_1_60' title='bbox 1947 819 2041 850; x_wconf 91' lang='lat' dir='ltr'>non</span> 
     </span>
     <span class='ocr_line' id='line_1_27' title="bbox 55 872 2041 950; baseline -0.002 -30"><span class='ocrx_word' id='word_1_61' title='bbox 55 892 65 930; x_wconf 68' lang='grc' dir='ltr'>ᾗ</span> <span class='ocrx_word' id='word_1_62' title='bbox 74 875 191 939; x_wconf 58' lang='lat'><strong>181¹,</strong></span> <span class='ocrx_word' id='word_1_63' title='bbox 212 875 292 921; x_wconf 89' lang='lat' dir='ltr'>sed</span> <span class='ocrx_word' id='word_1_64' title='bbox 317 889 397 935; x_wconf 91' lang='lat' dir='ltr'>per</span> <span class='ocrx_word' id='word_1_65' title='bbox 421 874 706 919; x_wconf 88' lang='lat' dir='ltr'>intellectum</span> <span class='ocrx_word' id='word_1_66' title='bbox 732 883 777 917; x_wconf 95' lang='lat' dir='ltr'>et</span> <span class='ocrx_word' id='word_1_67' title='bbox 806 872 1117 927; x_wconf 80' lang='lat' dir='ltr'>voluntatem3</span> <span class='ocrx_word' id='word_1_68' title='bbox 1143 888 1201 918; x_wconf 92' lang='lat' dir='ltr'>ne</span> <span class='ocrx_word' id='word_1_69' title='bbox 1229 874 1302 918; x_wconf 90' lang='lat' dir='ltr'>cui</span> <span class='ocrx_word' id='word_1_70' title='bbox 1328 874 1443 918; x_wconf 91' lang='lat' dir='ltr'>forte</span> <span class='ocrx_word' id='word_1_71' title='bbox 1475 874 1681 918; x_wconf 89' lang='lat' dir='ltr'>videatur</span> <span class='ocrx_word' id='word_1_72' title='bbox 1706 873 1829 950; x_wconf 89' lang='lat' dir='ltr'>quod</span> <span class='ocrx_word' id='word_1_73' title='bbox 1856 874 1951 932; x_wconf 91' lang='lat' dir='ltr'>ejus</span> <span class='ocrx_word' id='word_1_74' title='bbox 1977 873 2041 916; x_wconf 92' lang='lat' dir='ltr'>in-</span> 
     </span>
     <span class='ocr_line' id='line_1_28' title="bbox 56 939 2044 1004; baseline -0.002 -18"><span class='ocrx_word' id='word_1_75' title='bbox 56 941 300 1004; x_wconf 38' lang='lat' dir='ltr'>{tellectum</span> <span class='ocrx_word' id='word_1_76' title='bbox 323 940 399 986; x_wconf 86' lang='lat' dir='ltr'>vel</span> <span class='ocrx_word' id='word_1_77' title='bbox 422 940 611 987; x_wconf 89' lang='lat' dir='ltr'>scientia</span> <span class='ocrx_word' id='word_1_78' title='bbox 638 941 693 985; x_wconf 90' lang='lat' dir='ltr'>ad</span> <span class='ocrx_word' id='word_1_79' title='bbox 719 940 1046 985; x_wconf 90' lang='lat' dir='ltr'>determinatos</span> <span class='ocrx_word' id='word_1_80' title='bbox 1074 940 1260 985; x_wconf 87' lang='lat' dir='ltr'>effectus</span> <span class='ocrx_word' id='word_1_81' title='bbox 1290 940 1585 984; x_wconf 89' lang='lat' dir='ltr'>solummodo</span> <span class='ocrx_word' id='word_1_82' title='bbox 1608 941 1752 1000; x_wconf 88' lang='lat' dir='ltr'>possit</span> <span class='ocrx_word' id='word_1_83' title='bbox 1778 939 1972 994; x_wconf 85' lang='lat' dir='ltr'>extendi,</span> <span class='ocrx_word' id='word_1_84' title='bbox 1998 948 2044 983; x_wconf 91' lang='lat' dir='ltr'>et</span> 
     </span>
     <span class='ocr_line' id='line_1_29' title="bbox 70 999 2046 1069; baseline -0.001 -16.014"><span class='ocrx_word' id='word_1_85' title='bbox 70 999 145 1058; x_wconf 58' lang='lat' dir='ltr'>dc</span> <span class='ocrx_word' id='word_1_86' title='bbox 170 1018 277 1069; x_wconf 87' lang='lat' dir='ltr'>agat</span> <span class='ocrx_word' id='word_1_87' title='bbox 300 1022 354 1053; x_wconf 87' lang='lat' dir='ltr'>ex</span> <span class='ocrx_word' id='word_1_88' title='bbox 378 1007 649 1052; x_wconf 88' lang='lat' dir='ltr'>necessitate</span> <span class='ocrx_word' id='word_1_89' title='bbox 676 1007 908 1061; x_wconf 84' lang='lat' dir='ltr'>scientiae,</span> <span class='ocrx_word' id='word_1_90' title='bbox 934 1009 1142 1066; x_wconf 88' lang='lat' dir='ltr'>quamvis</span> <span class='ocrx_word' id='word_1_91' title='bbox 1174 1022 1269 1052; x_wconf 91' lang='lat' dir='ltr'>non</span> <span class='ocrx_word' id='word_1_92' title='bbox 1296 1022 1348 1052; x_wconf 88' lang='lat' dir='ltr'>ex</span> <span class='ocrx_word' id='word_1_93' title='bbox 1375 1007 1644 1052; x_wconf 82' lang='lat' dir='ltr'>necessitate</span> <span class='ocrx_word' id='word_1_94' title='bbox 1670 1018 1885 1062; x_wconf 83' lang='lat' dir='ltr'>naturae3</span> <span class='ocrx_word' id='word_1_95' title='bbox 1907 1015 2046 1051; x_wconf 88' lang='lat' dir='ltr'>restat</span> 
     </span>
     <span class='ocr_line' id='line_1_30' title="bbox 54 1066 2045 1134; baseline -0.001 -14.011"><span class='ocrx_word' id='word_1_96' title='bbox 54 1066 319 1125; x_wconf 34' lang='lat' dir='ltr'>*ahtendere</span> <span class='ocrx_word' id='word_1_97' title='bbox 345 1075 468 1134; x_wconf 92' lang='lat' dir='ltr'>quod</span> <span class='ocrx_word' id='word_1_98' title='bbox 493 1076 590 1133; x_wconf 88' lang='lat' dir='ltr'>ejus</span> <span class='ocrx_word' id='word_1_99' title='bbox 616 1074 819 1128; x_wconf 88' lang='lat' dir='ltr'>scientia,</span> <span class='ocrx_word' id='word_1_100' title='bbox 851 1074 927 1118; x_wconf 91' lang='lat' dir='ltr'>vel</span> <span class='ocrx_word' id='word_1_101' title='bbox 952 1073 1209 1118; x_wconf 88' lang='lat' dir='ltr'>intellectus</span> <span class='ocrx_word' id='word_1_102' title='bbox 1241 1074 1377 1118; x_wconf 88' lang='lat' dir='ltr'>nullis</span> <span class='ocrx_word' id='word_1_103' title='bbox 1405 1073 1651 1118; x_wconf 87' lang='lat' dir='ltr'>effectuum</span> <span class='ocrx_word' id='word_1_104' title='bbox 1677 1074 1895 1118; x_wconf 90' lang='lat' dir='ltr'>limitibus</span> <span class='ocrx_word' id='word_1_105' title='bbox 1919 1087 2045 1118; x_wconf 89' lang='lat' dir='ltr'>coar·</span> 
     </span>
     <span class='ocr_line' id='line_1_31' title="bbox 122 1140 2045 1200; baseline -0.002 -12.1"><span class='ocrx_word' id='word_1_106' title='bbox 122 1148 240 1189; x_wconf 45' lang='lat' dir='ltr'>11.tu1·</span> <span class='ocrx_word' id='word_1_107' title='bbox 268 1141 521 1188; x_wconf 87' lang='lat' dir='ltr'>Ostensum</span> <span class='ocrx_word' id='word_1_108' title='bbox 547 1151 615 1186; x_wconf 90' lang='lat' dir='ltr'>est</span> <span class='ocrx_word' id='word_1_109' title='bbox 639 1143 762 1185; x_wconf 86' lang='lat' dir='ltr'>enim</span> <span class='ocrx_word' id='word_1_110' title='bbox 785 1155 920 1200; x_wconf 90' lang='lat' dir='ltr'>supra</span> <span class='ocrx_word' id='word_1_111' title='bbox 945 1141 1065 1199; x_wconf 88' lang='lat' dir='ltr'>(Lib.</span> <span class='ocrx_word' id='word_1_112' title='bbox 1084 1141 1118 1184; x_wconf 96' lang='grc' dir='ltr'>Ι.</span> <span class='ocrx_word' id='word_1_113' title='bbox 1137 1155 1176 1185; x_wconf 92' lang='lat' dir='ltr'>c.</span> <span class='ocrx_word' id='word_1_114' title='bbox 1202 1154 1274 1200; x_wconf 87' lang='lat'>49.</span> <span class='ocrx_word' id='word_1_115' title='bbox 1277 1140 1312 1198; x_wconf 93' lang='lat'>),</span> <span class='ocrx_word' id='word_1_116' title='bbox 1331 1142 1454 1199; x_wconf 93' lang='lat' dir='ltr'>quod</span> <span class='ocrx_word' id='word_1_117' title='bbox 1480 1141 1606 1185; x_wconf 89' lang='lat' dir='ltr'>Deus</span> <span class='ocrx_word' id='word_1_118' title='bbox 1633 1141 1790 1185; x_wconf 90' lang='lat' dir='ltr'>omnia</span> <span class='ocrx_word' id='word_1_119' title='bbox 1818 1140 1907 1185; x_wconf 90' lang='lat' dir='ltr'>alia</span> <span class='ocrx_word' id='word_1_120' title='bbox 1928 1154 2045 1200; x_wconf 90' lang='lat' dir='ltr'>quae</span> 
     </span>
     <span class='ocr_line' id='line_1_32' title="bbox 69 1204 2060 1284; baseline 0 -33"><span class='ocrx_word' id='word_1_121' title='bbox 69 1228 83 1251; x_wconf 61' lang='lat' dir='ltr'>s.</span> <span class='ocrx_word' id='word_1_122' title='bbox 124 1222 215 1255; x_wconf 84' lang='grc' dir='ltr'>ιο</span> <span class='ocrx_word' id='word_1_123' title='bbox 235 1208 483 1268; x_wconf 86' lang='lat' dir='ltr'>procedere</span> <span class='ocrx_word' id='word_1_124' title='bbox 503 1217 706 1267; x_wconf 88' lang='lat' dir='ltr'>possunt,</span> <span class='ocrx_word' id='word_1_125' title='bbox 729 1208 1090 1267; x_wconf 88' lang='lat' dir='ltr'>comprehendit,</span> <span class='ocrx_word' id='word_1_126' title='bbox 1116 1222 1248 1252; x_wconf 89' lang='lat' dir='ltr'>suam</span> <span class='ocrx_word' id='word_1_127' title='bbox 1271 1208 1516 1252; x_wconf 87' lang='lat' dir='ltr'>essentiam</span> <span class='ocrx_word' id='word_1_128' title='bbox 1540 1206 1855 1266; x_wconf 88' lang='lat' dir='ltr'>intelligendo,</span> <span class='ocrx_word' id='word_1_129' title='bbox 1881 1207 1927 1251; x_wconf 93' lang='lat' dir='ltr'>in</span> <span class='ocrx_word' id='word_1_130' title='bbox 1954 1204 2060 1284; x_wconf 74' lang='lat' dir='ltr'>quo¹</span> 
     </span>
     <span class='ocr_line' id='line_1_33' title="bbox 145 1273 2049 1334; baseline -0.001 -14.044"><span class='ocrx_word' id='word_1_131' title='bbox 71 1271 164 1339; x_wconf 95' lang='lat'>.</span> <span class='ocrx_word' id='word_1_132' title='bbox 174 1275 238 1320; x_wconf 70' lang='lat' dir='ltr'>n‘a</span> <span class='ocrx_word' id='word_1_133' title='bbox 262 1275 526 1334; x_wconf 82' lang='lat' dir='ltr'>hujusmodi</span> <span class='ocrx_word' id='word_1_134' title='bbox 551 1288 650 1319; x_wconf 89' lang='lat' dir='ltr'>esse</span> <span class='ocrx_word' id='word_1_135' title='bbox 684 1275 994 1319; x_wconf 90' lang='lat' dir='ltr'>necessarium</span> <span class='ocrx_word' id='word_1_136' title='bbox 1035 1285 1102 1320; x_wconf 90' lang='lat' dir='ltr'>est</span> <span class='ocrx_word' id='word_1_137' title='bbox 1142 1288 1221 1333; x_wconf 91' lang='lat' dir='ltr'>per</span> <span class='ocrx_word' id='word_1_138' title='bbox 1263 1273 1509 1333; x_wconf 89' lang='lat' dir='ltr'>aliqualem</span> <span class='ocrx_word' id='word_1_139' title='bbox 1541 1274 1901 1328; x_wconf 88' lang='lat' dir='ltr'>similitudinem,</span> <span class='ocrx_word' id='word_1_140' title='bbox 1931 1274 2049 1319; x_wconf 90' lang='lat' dir='ltr'>sicut</span> 
     </span>
     <span class='ocr_line' id='line_1_34' title="bbox 143 1340 2050 1401; baseline -0.001 -14.062"><span class='ocrx_word' id='word_1_141' title='bbox 83 1352 274 1388; x_wconf 68' lang='lat' dir='ltr'>&lt;ctus</span> <span class='ocrx_word' id='word_1_142' title='bbox 297 1343 462 1387; x_wconf 81' lang='lat' dir='ltr'>virtute</span> <span class='ocrx_word' id='word_1_143' title='bbox 488 1351 593 1386; x_wconf 89' lang='lat' dir='ltr'>sunt</span> <span class='ocrx_word' id='word_1_144' title='bbox 616 1342 664 1386; x_wconf 91' lang='lat' dir='ltr'>in</span> <span class='ocrx_word' id='word_1_145' title='bbox 691 1356 841 1387; x_wconf 91' lang='lat' dir='ltr'>causa.</span> <span class='ocrx_word' id='word_1_146' title='bbox 869 1341 919 1385; x_wconf 89' lang='lat' dir='ltr'>Si</span> <span class='ocrx_word' id='word_1_147' title='bbox 943 1342 1080 1400; x_wconf 84' lang='lat' dir='ltr'>igitur</span> <span class='ocrx_word' id='word_1_148' title='bbox 1106 1342 1309 1401; x_wconf 90' lang='lat' dir='ltr'>potentia</span> <span class='ocrx_word' id='word_1_149' title='bbox 1345 1341 1497 1385; x_wconf 92' lang='lat' dir='ltr'>divina</span> <span class='ocrx_word' id='word_1_150' title='bbox 1533 1341 1588 1385; x_wconf 89' lang='lat' dir='ltr'>ad</span> <span class='ocrx_word' id='word_1_151' title='bbox 1621 1340 1807 1386; x_wconf 88' lang='lat' dir='ltr'>effectus</span> <span class='ocrx_word' id='word_1_152' title='bbox 1841 1341 2050 1386; x_wconf 88' lang='lat' dir='ltr'>determi-</span> 
     </span>
     <span class='ocr_line' id='line_1_35' title="bbox 75 1407 2046 1467; baseline -0.001 -13"><span class='ocrx_word' id='word_1_153' title='bbox 75 1398 164 1459; x_wconf 48' lang='grc' dir='ltr'>ζἯ</span> <span class='ocrx_word' id='word_1_154' title='bbox 169 1420 214 1456; x_wconf 75' lang='lat' dir='ltr'>os</span> <span class='ocrx_word' id='word_1_155' title='bbox 236 1422 333 1454; x_wconf 88' lang='lat' dir='ltr'>non</span> <span class='ocrx_word' id='word_1_156' title='bbox 363 1418 636 1463; x_wconf 86' lang='lat' dir='ltr'>coarctatur,</span> <span class='ocrx_word' id='word_1_157' title='bbox 667 1419 716 1453; x_wconf 90' lang='lat' dir='ltr'>ut</span> <span class='ocrx_word' id='word_1_158' title='bbox 747 1423 881 1467; x_wconf 88' lang='lat' dir='ltr'>supra</span> <span class='ocrx_word' id='word_1_159' title='bbox 908 1409 968 1467; x_wconf 89' lang='lat' dir='ltr'>(c.</span> <span class='ocrx_word' id='word_1_160' title='bbox 997 1408 1090 1465; x_wconf 86' lang='lat'>22.)</span> <span class='ocrx_word' id='word_1_161' title='bbox 1118 1418 1354 1453; x_wconf 89' lang='lat' dir='ltr'>ostensum</span> <span class='ocrx_word' id='word_1_162' title='bbox 1381 1417 1462 1463; x_wconf 88' lang='lat' dir='ltr'>est,</span> <span class='ocrx_word' id='word_1_163' title='bbox 1489 1408 1799 1453; x_wconf 89' lang='lat' dir='ltr'>necessarium</span> <span class='ocrx_word' id='word_1_164' title='bbox 1827 1418 1893 1452; x_wconf 91' lang='lat' dir='ltr'>est</span> <span class='ocrx_word' id='word_1_165' title='bbox 1920 1418 1965 1452; x_wconf 92' lang='lat' dir='ltr'>et</span> <span class='ocrx_word' id='word_1_166' title='bbox 1989 1408 2046 1453; x_wconf 91' lang='lat' dir='ltr'>de</span> 
     </span>
     <span class='ocr_line' id='line_1_36' title="bbox 74 1452 1207 1534; baseline -0.002 -13"><span class='ocrx_word' id='word_1_167' title='bbox 74 1452 160 1495; x_wconf 40' lang='grc' dir='ltr'><strong><em>ἕ</em></strong></span> <span class='ocrx_word' id='word_1_168' title='bbox 168 1475 441 1522; x_wconf 85' lang='lat' dir='ltr'>intellectu</span> <span class='ocrx_word' id='word_1_169' title='bbox 468 1476 667 1520; x_wconf 87' lang='lat' dir='ltr'>similem</span> <span class='ocrx_word' id='word_1_170' title='bbox 692 1476 966 1520; x_wconf 87' lang='lat' dir='ltr'>sententiam</span> <span class='ocrx_word' id='word_1_171' title='bbox 992 1474 1207 1534; x_wconf 91' lang='lat' dir='ltr'>proferre.</span> 
     </span>
     <span class='ocr_line' id='line_1_37' title="bbox 119 1542 2048 1602; baseline -0.002 -12.919"><span class='ocrx_word' id='word_1_172' title='bbox 119 1542 359 1590; x_wconf 81' lang='lat' dir='ltr'>Adhuc</span> <span class='ocrx_word' id='word_1_173' title='bbox 391 1543 572 1588; x_wconf 86' lang='lat' dir='ltr'>divinae</span> <span class='ocrx_word' id='word_1_174' title='bbox 594 1545 815 1588; x_wconf 88' lang='lat' dir='ltr'>essentiae</span> <span class='ocrx_word' id='word_1_175' title='bbox 840 1543 1111 1586; x_wconf 86' lang='lat' dir='ltr'>infinitatem</span> <span class='ocrx_word' id='word_1_176' title='bbox 1137 1556 1272 1601; x_wconf 88' lang='lat' dir='ltr'>supra</span> <span class='ocrx_word' id='word_1_177' title='bbox 1289 1542 1408 1601; x_wconf 87' lang='lat' dir='ltr'>(Lib.</span> <span class='ocrx_word' id='word_1_178' title='bbox 1427 1543 1460 1588; x_wconf 93' lang='grc' dir='ltr'>Ι.</span> <span class='ocrx_word' id='word_1_179' title='bbox 1480 1557 1518 1586; x_wconf 91' lang='lat' dir='ltr'>c.</span> <span class='ocrx_word' id='word_1_180' title='bbox 1535 1542 1630 1602; x_wconf 87' lang='lat'>43.)</span> <span class='ocrx_word' id='word_1_181' title='bbox 1653 1543 1961 1587; x_wconf 89' lang='lat' dir='ltr'>ostendimus.</span> <span class='ocrx_word' id='word_1_182' title='bbox 1985 1542 2048 1586; x_wconf 89' lang='lat' dir='ltr'>in-</span> 
     </span>
     <span class='ocr_line' id='line_1_38' title="bbox 114 1600 2049 1684; baseline -0.001 -28.975"><span class='ocrx_word' id='word_1_183' title='bbox 114 1600 261 1684; x_wconf 48' lang='lat' dir='ltr'>J&#39;tum</span> <span class='ocrx_word' id='word_1_184' title='bbox 286 1620 439 1655; x_wconf 89' lang='lat' dir='ltr'>autem</span> <span class='ocrx_word' id='word_1_185' title='bbox 467 1609 747 1670; x_wconf 87' lang='lat' dir='ltr'>quantalibet</span> <span class='ocrx_word' id='word_1_186' title='bbox 773 1609 1003 1653; x_wconf 87' lang='lat' dir='ltr'>additione</span> <span class='ocrx_word' id='word_1_187' title='bbox 1035 1609 1269 1652; x_wconf 87' lang='lat' dir='ltr'>finitorum</span> <span class='ocrx_word' id='word_1_188' title='bbox 1301 1608 1435 1663; x_wconf 88' lang='lat' dir='ltr'>facta,</span> <span class='ocrx_word' id='word_1_189' title='bbox 1474 1609 1720 1668; x_wconf 88' lang='lat' dir='ltr'>adaequari</span> <span class='ocrx_word' id='word_1_190' title='bbox 1750 1624 1845 1654; x_wconf 91' lang='lat' dir='ltr'>non</span> <span class='ocrx_word' id='word_1_191' title='bbox 1884 1619 2049 1668; x_wconf 89' lang='lat' dir='ltr'>potest,</span> 
     </span>
     <span class='ocr_line' id='line_1_39' title="bbox 114 1667 2048 1745; baseline -0.001 -22.95"><span class='ocrx_word' id='word_1_192' title='bbox 114 1667 192 1745; x_wconf 67' lang='grc' dir='ltr'>’ἷιξ</span> <span class='ocrx_word' id='word_1_193' title='bbox 212 1677 260 1722; x_wconf 80' lang='lat' dir='ltr'>in</span> <span class='ocrx_word' id='word_1_194' title='bbox 280 1675 508 1721; x_wconf 85' lang='lat' dir='ltr'>infinitum</span> <span class='ocrx_word' id='word_1_195' title='bbox 530 1676 720 1721; x_wconf 88' lang='lat' dir='ltr'>excedat</span> <span class='ocrx_word' id='word_1_196' title='bbox 735 1675 1015 1735; x_wconf 88' lang='lat' dir='ltr'>quantalibet</span> <span class='ocrx_word' id='word_1_197' title='bbox 1030 1675 1171 1729; x_wconf 90' lang='lat' dir='ltr'>finita,</span> <span class='ocrx_word' id='word_1_198' title='bbox 1189 1676 1227 1719; x_wconf 90' lang='lat' dir='ltr'>si</span> <span class='ocrx_word' id='word_1_199' title='bbox 1245 1676 1383 1720; x_wconf 89' lang='lat' dir='ltr'>etiam</span> <span class='ocrx_word' id='word_1_200' title='bbox 1404 1690 1599 1720; x_wconf 90' lang='lat' dir='ltr'>numero</span> <span class='ocrx_word' id='word_1_201' title='bbox 1622 1676 1797 1720; x_wconf 86' lang='lat' dir='ltr'>infinita</span> <span class='ocrx_word' id='word_1_202' title='bbox 1821 1677 2048 1720; x_wconf 85' lang='lat' dir='ltr'>exsistant.</span> 
     </span>
     <span class='ocr_line' id='line_1_40' title="bbox 109 1741 2046 1804; baseline 0 -18"><span class='ocrx_word' id='word_1_203' title='bbox 109 1801 111 1803; x_wconf 13' lang='grc' dir='ltr'><strong><em>ι</em></strong></span> <span class='ocrx_word' id='word_1_204' title='bbox 158 1767 179 1786; x_wconf 73' lang='grc' dir='ltr'>ι</span> <span class='ocrx_word' id='word_1_205' title='bbox 174 1741 212 1791; x_wconf 77' lang='lat' dir='ltr'>l</span> <span class='ocrx_word' id='word_1_206' title='bbox 235 1743 358 1790; x_wconf 87' lang='lat' dir='ltr'>aliud</span> <span class='ocrx_word' id='word_1_207' title='bbox 382 1753 558 1804; x_wconf 85' lang='lat' dir='ltr'>praeter</span> <span class='ocrx_word' id='word_1_208' title='bbox 584 1743 738 1787; x_wconf 90' lang='lat' dir='ltr'>Deum</span> <span class='ocrx_word' id='word_1_209' title='bbox 765 1753 943 1787; x_wconf 91' lang='lat' dir='ltr'>constat</span> <span class='ocrx_word' id='word_1_210' title='bbox 970 1757 1067 1787; x_wconf 90' lang='lat' dir='ltr'>esse</span> <span class='ocrx_word' id='word_1_211' title='bbox 1091 1743 1343 1787; x_wconf 90' lang='lat' dir='ltr'>secundum</span> <span class='ocrx_word' id='word_1_212' title='bbox 1377 1743 1622 1787; x_wconf 84' lang='lat' dir='ltr'>essentiam</span> <span class='ocrx_word' id='word_1_213' title='bbox 1658 1743 1901 1798; x_wconf 89' lang='lat' dir='ltr'>infinitum,</span> <span class='ocrx_word' id='word_1_214' title='bbox 1939 1757 2046 1787; x_wconf 90' lang='lat' dir='ltr'>cum</span> 
     </span>
     <span class='ocr_line' id='line_1_41' title="bbox 68 1802 2050 1869; baseline 0 -15"><span class='ocrx_word' id='word_1_215' title='bbox 68 1802 117 1841; x_wconf 49' lang='lat'>&#39;²³³2&#39;</span> <span class='ocrx_word' id='word_1_216' title='bbox 145 1809 242 1856; x_wconf 54' lang='lat' dir='ltr'>..ia</span> <span class='ocrx_word' id='word_1_217' title='bbox 268 1809 357 1855; x_wconf 82' lang='lat' dir='ltr'>alia</span> <span class='ocrx_word' id='word_1_218' title='bbox 381 1810 633 1855; x_wconf 84' lang='lat' dir='ltr'>secundum</span> <span class='ocrx_word' id='word_1_219' title='bbox 661 1810 884 1854; x_wconf 87' lang='lat' dir='ltr'>essentiae</span> <span class='ocrx_word' id='word_1_220' title='bbox 910 1810 1138 1855; x_wconf 83' lang='lat' dir='ltr'>rationem</span> <span class='ocrx_word' id='word_1_221' title='bbox 1164 1810 1245 1854; x_wconf 91' lang='lat' dir='ltr'>sub</span> <span class='ocrx_word' id='word_1_222' title='bbox 1274 1810 1586 1855; x_wconf 88' lang='lat' dir='ltr'>determinatis</span> <span class='ocrx_word' id='word_1_223' title='bbox 1614 1811 1855 1869; x_wconf 89' lang='lat' dir='ltr'>generibus</span> <span class='ocrx_word' id='word_1_224' title='bbox 1882 1821 1926 1854; x_wconf 91' lang='lat' dir='ltr'>et</span> <span class='ocrx_word' id='word_1_225' title='bbox 1955 1824 2050 1869; x_wconf 89' lang='lat' dir='ltr'>spe-</span> 
     </span>
     <span class='ocr_line' id='line_1_42' title="bbox 82 1877 2052 1938; baseline -0.001 -14"><span class='ocrx_word' id='word_1_226' title='bbox 82 1878 97 1909; x_wconf 74' lang='grc'>-”</span> <span class='ocrx_word' id='word_1_227' title='bbox 131 1879 241 1925; x_wconf 85' lang='lat' dir='ltr'>ebus</span> <span class='ocrx_word' id='word_1_228' title='bbox 268 1877 622 1923; x_wconf 88' lang='lat' dir='ltr'>concludantur:</span> <span class='ocrx_word' id='word_1_229' title='bbox 650 1878 1086 1937; x_wconf 88' lang='lat' dir='ltr'>quomodocumque</span> <span class='ocrx_word' id='word_1_230' title='bbox 1122 1878 1272 1936; x_wconf 88' lang='lat' dir='ltr'>igitur,</span> <span class='ocrx_word' id='word_1_231' title='bbox 1300 1888 1344 1923; x_wconf 90' lang='lat' dir='ltr'>et</span> <span class='ocrx_word' id='word_1_232' title='bbox 1370 1888 1791 1938; x_wconf 86' lang='lat' dir='ltr'>quantumcumque</span> <span class='ocrx_word' id='word_1_233' title='bbox 1825 1878 1967 1922; x_wconf 89' lang='lat' dir='ltr'>divini</span> <span class='ocrx_word' id='word_1_234' title='bbox 1993 1878 2052 1922; x_wconf 92' lang='lat' dir='ltr'>ef-</span> 
     </span>
     <span class='ocr_line' id='line_1_43' title="bbox 75 1937 2052 2004; baseline -0.001 -11.971"><span class='ocrx_word' id='word_1_235' title='bbox 75 1937 231 2003; x_wconf 50' lang='lat' dir='ltr'>{fectus</span> <span class='ocrx_word' id='word_1_236' title='bbox 258 1945 719 2004; x_wconf 83' lang='lat' dir='ltr'>comprehendantur,</span> <span class='ocrx_word' id='word_1_237' title='bbox 746 1959 927 2004; x_wconf 88' lang='lat' dir='ltr'>semper</span> <span class='ocrx_word' id='word_1_238' title='bbox 951 1945 999 1988; x_wconf 90' lang='lat' dir='ltr'>in</span> <span class='ocrx_word' id='word_1_239' title='bbox 1026 1945 1178 1988; x_wconf 90' lang='lat' dir='ltr'>divina</span> <span class='ocrx_word' id='word_1_240' title='bbox 1205 1945 1401 1990; x_wconf 89' lang='lat' dir='ltr'>essentia</span> <span class='ocrx_word' id='word_1_241' title='bbox 1428 1956 1496 1990; x_wconf 92' lang='lat' dir='ltr'>est</span> <span class='ocrx_word' id='word_1_242' title='bbox 1517 1956 1566 1990; x_wconf 91' lang='lat' dir='ltr'>ut</span> <span class='ocrx_word' id='word_1_243' title='bbox 1588 1959 1668 1990; x_wconf 89' lang='lat' dir='ltr'>eos</span> <span class='ocrx_word' id='word_1_244' title='bbox 1695 1946 1898 2000; x_wconf 83' lang='lat' dir='ltr'>excedat,</span> <span class='ocrx_word' id='word_1_245' title='bbox 1925 1955 1970 1990; x_wconf 94' lang='lat' dir='ltr'>et</span> <span class='ocrx_word' id='word_1_246' title='bbox 1989 1946 2052 1990; x_wconf 88' lang='lat' dir='ltr'>ita</span> 
     </span>
     <span class='ocr_line' id='line_1_44' title="bbox 75 2005 2051 2072; baseline -0.002 -12.994"><span class='ocrx_word' id='word_1_247' title='bbox 75 2005 284 2072; x_wconf 88' lang='lat' dir='ltr'>Hurium</span> <span class='ocrx_word' id='word_1_248' title='bbox 313 2011 430 2056; x_wconf 89' lang='lat' dir='ltr'>ratio</span> <span class='ocrx_word' id='word_1_249' title='bbox 457 2026 555 2056; x_wconf 90' lang='lat' dir='ltr'>esse</span> <span class='ocrx_word' id='word_1_250' title='bbox 588 2012 744 2071; x_wconf 90' lang='lat' dir='ltr'>possit.</span> <span class='ocrx_word' id='word_1_251' title='bbox 780 2012 974 2056; x_wconf 87' lang='lat' dir='ltr'>Divinus</span> <span class='ocrx_word' id='word_1_252' title='bbox 1008 2012 1145 2070; x_wconf 90' lang='lat' dir='ltr'>igitur</span> <span class='ocrx_word' id='word_1_253' title='bbox 1180 2011 1452 2066; x_wconf 88' lang='lat' dir='ltr'>intellectus,</span> <span class='ocrx_word' id='word_1_254' title='bbox 1495 2013 1572 2071; x_wconf 91' lang='lat' dir='ltr'>qui</span> <span class='ocrx_word' id='word_1_255' title='bbox 1609 2012 1805 2072; x_wconf 85' lang='lat' dir='ltr'>perfecte</span> <span class='ocrx_word' id='word_1_256' title='bbox 1849 2013 2051 2056; x_wconf 90' lang='lat' dir='ltr'>divinam</span> 
     </span>
     <span class='ocr_line' id='line_1_45' title="bbox 9 2078 2051 2138; baseline 0 -15"><span class='ocrx_word' id='word_1_257' title='bbox 9 2082 11 2085; x_wconf 84' lang='lat'>&#39;</span> <span class='ocrx_word' id='word_1_258' title='bbox 159 2080 329 2125; x_wconf 89' lang='lat' dir='ltr'>entiam</span> <span class='ocrx_word' id='word_1_259' title='bbox 355 2079 608 2138; x_wconf 88' lang='lat' dir='ltr'>cognoscit,</span> <span class='ocrx_word' id='word_1_260' title='bbox 640 2088 689 2123; x_wconf 91' lang='lat' dir='ltr'>ut</span> <span class='ocrx_word' id='word_1_261' title='bbox 714 2093 848 2137; x_wconf 88' lang='lat' dir='ltr'>supra</span> <span class='ocrx_word' id='word_1_262' title='bbox 875 2079 994 2138; x_wconf 89' lang='lat' dir='ltr'>(Lib.</span> <span class='ocrx_word' id='word_1_263' title='bbox 1013 2079 1047 2123; x_wconf 92' lang='grc' dir='ltr'>Ι.</span> <span class='ocrx_word' id='word_1_264' title='bbox 1067 2094 1106 2123; x_wconf 92' lang='lat' dir='ltr'>c.</span> <span class='ocrx_word' id='word_1_265' title='bbox 1132 2078 1227 2136; x_wconf 89' lang='lat'>47.)</span> <span class='ocrx_word' id='word_1_266' title='bbox 1246 2078 1484 2124; x_wconf 85' lang='lat' dir='ltr'>ostensum</span> <span class='ocrx_word' id='word_1_267' title='bbox 1511 2090 1591 2134; x_wconf 88' lang='lat' dir='ltr'>est,</span> <span class='ocrx_word' id='word_1_268' title='bbox 1615 2094 1804 2124; x_wconf 90' lang='lat' dir='ltr'>omnem</span> <span class='ocrx_word' id='word_1_269' title='bbox 1827 2080 2051 2124; x_wconf 86' lang='lat' dir='ltr'>finitatem</span> 
     </span>
     <span class='ocr_line' id='line_1_46' title="bbox 174 2145 2050 2205; baseline -0.001 -13.046"><span class='ocrx_word' id='word_1_270' title='bbox 174 2156 300 2192; x_wconf 85' lang='lat' dir='ltr'>ctum</span> <span class='ocrx_word' id='word_1_271' title='bbox 323 2145 613 2191; x_wconf 78' lang='lat' dir='ltr'>transcendit.</span> <span class='ocrx_word' id='word_1_272' title='bbox 639 2146 748 2190; x_wconf 91' lang='lat' dir='ltr'>Non</span> <span class='ocrx_word' id='word_1_273' title='bbox 774 2146 909 2205; x_wconf 88' lang='lat' dir='ltr'>igitur</span> <span class='ocrx_word' id='word_1_274' title='bbox 941 2161 995 2190; x_wconf 87' lang='lat' dir='ltr'>ex</span> <span class='ocrx_word' id='word_1_275' title='bbox 1028 2146 1296 2191; x_wconf 90' lang='lat' dir='ltr'>necessitate</span> <span class='ocrx_word' id='word_1_276' title='bbox 1325 2147 1379 2191; x_wconf 90' lang='lat' dir='ltr'>ad</span> <span class='ocrx_word' id='word_1_277' title='bbox 1406 2147 1493 2191; x_wconf 90' lang='lat' dir='ltr'>hos</span> <span class='ocrx_word' id='word_1_278' title='bbox 1518 2146 1593 2191; x_wconf 91' lang='lat' dir='ltr'>vel</span> <span class='ocrx_word' id='word_1_279' title='bbox 1618 2147 1723 2191; x_wconf 91' lang='lat' dir='ltr'>illos</span> <span class='ocrx_word' id='word_1_280' title='bbox 1756 2146 1943 2192; x_wconf 86' lang='lat' dir='ltr'>effectus</span> <span class='ocrx_word' id='word_1_281' title='bbox 1977 2161 2050 2191; x_wconf 90' lang='lat' dir='ltr'>co-</span> 
     </span>
     <span class='ocr_line' id='line_1_47' title="bbox 75 2278 2049 2340; baseline -0.001 -13"><span class='ocrx_word' id='word_1_282' title='bbox 75 2298 78 2300; x_wconf 92' lang='lat'>·</span> <span class='ocrx_word' id='word_1_283' title='bbox 98 2285 162 2318; x_wconf 63' lang='lat'>³³13</span> <span class='ocrx_word' id='word_1_284' title='bbox 164 2281 313 2327; x_wconf 72' lang='lat' dir='ltr'>Item:</span> <span class='ocrx_word' id='word_1_285' title='bbox 338 2294 475 2340; x_wconf 91' lang='lat' dir='ltr'>supra</span> <span class='ocrx_word' id='word_1_286' title='bbox 500 2279 621 2339; x_wconf 91' lang='lat' dir='ltr'>(Lib.</span> <span class='ocrx_word' id='word_1_287' title='bbox 638 2280 672 2324; x_wconf 94' lang='lat' dir='ltr'>I.</span> <span class='ocrx_word' id='word_1_288' title='bbox 692 2293 730 2323; x_wconf 94' lang='lat' dir='ltr'>c.</span> <span class='ocrx_word' id='word_1_289' title='bbox 749 2278 843 2340; x_wconf 87' lang='lat'>69.)</span> <span class='ocrx_word' id='word_1_290' title='bbox 870 2290 1107 2324; x_wconf 91' lang='lat' dir='ltr'>ostensum</span> <span class='ocrx_word' id='word_1_291' title='bbox 1125 2290 1193 2325; x_wconf 92' lang='lat' dir='ltr'>est</span> <span class='ocrx_word' id='word_1_292' title='bbox 1219 2280 1342 2340; x_wconf 91' lang='lat' dir='ltr'>quod</span> <span class='ocrx_word' id='word_1_293' title='bbox 1368 2281 1546 2325; x_wconf 92' lang='lat' dir='ltr'>divinus</span> <span class='ocrx_word' id='word_1_294' title='bbox 1571 2280 1827 2326; x_wconf 88' lang='lat' dir='ltr'>intellectus</span> <span class='ocrx_word' id='word_1_295' title='bbox 1852 2281 2049 2326; x_wconf 88' lang='lat' dir='ltr'>infinito-</span> 
     </span>
     <span class='ocr_line' id='line_1_48' title="bbox 75 2347 2049 2408; baseline 0 -15"><span class='ocrx_word' id='word_1_296' title='bbox 75 2338 283 2408; x_wconf 50' lang='lat' dir='ltr'>j⁵3÷ss2&lt;=⁶est</span> <span class='ocrx_word' id='word_1_297' title='bbox 307 2347 544 2407; x_wconf 81' lang='lat' dir='ltr'>cognitor3</span> <span class='ocrx_word' id='word_1_298' title='bbox 569 2347 695 2391; x_wconf 91' lang='lat' dir='ltr'>Deus</span> <span class='ocrx_word' id='word_1_299' title='bbox 722 2357 875 2391; x_wconf 90' lang='lat' dir='ltr'>autem</span> <span class='ocrx_word' id='word_1_300' title='bbox 901 2361 982 2406; x_wconf 89' lang='lat' dir='ltr'>per</span> <span class='ocrx_word' id='word_1_301' title='bbox 1007 2347 1077 2391; x_wconf 88' lang='lat' dir='ltr'>sui</span> <span class='ocrx_word' id='word_1_302' title='bbox 1101 2347 1360 2392; x_wconf 89' lang='lat' dir='ltr'>intellectus</span> <span class='ocrx_word' id='word_1_303' title='bbox 1386 2348 1625 2392; x_wconf 86' lang='lat' dir='ltr'>scientiam</span> <span class='ocrx_word' id='word_1_304' title='bbox 1660 2363 1731 2392; x_wconf 87' lang='lat' dir='ltr'>res</span> <span class='ocrx_word' id='word_1_305' title='bbox 1768 2349 2014 2408; x_wconf 86' lang='lat' dir='ltr'>producit&#39;</span> <span class='ocrx_word' id='word_1_306' title='bbox 2003 2363 2049 2393; x_wconf 92' lang='grc' dir='ltr'>ιιι</span> 
     </span>
     <span class='ocr_line' id='line_1_49' title="bbox 79 2414 1992 2474; baseline 0 -14"><span class='ocrx_word' id='word_1_307' title='bbox 79 2458 81 2460; x_wconf 82' lang='grc'>.</span> <span class='ocrx_word' id='word_1_308' title='bbox 241 2414 483 2461; x_wconf 80' lang='lat' dir='ltr'>causalitas</span> <span class='ocrx_word' id='word_1_309' title='bbox 514 2414 651 2474; x_wconf 89' lang='lat' dir='ltr'>igitur</span> <span class='ocrx_word' id='word_1_310' title='bbox 676 2415 818 2459; x_wconf 86' lang='lat' dir='ltr'>divini</span> <span class='ocrx_word' id='word_1_311' title='bbox 842 2414 1098 2459; x_wconf 89' lang='lat' dir='ltr'>intellectus</span> <span class='ocrx_word' id='word_1_312' title='bbox 1126 2415 1181 2458; x_wconf 92' lang='lat' dir='ltr'>ad</span> <span class='ocrx_word' id='word_1_313' title='bbox 1207 2414 1360 2459; x_wconf 89' lang='lat' dir='ltr'>finitos</span> <span class='ocrx_word' id='word_1_314' title='bbox 1387 2414 1574 2460; x_wconf 91' lang='lat' dir='ltr'>effectus</span> <span class='ocrx_word' id='word_1_315' title='bbox 1600 2429 1694 2459; x_wconf 91' lang='lat' dir='ltr'>non</span> <span class='ocrx_word' id='word_1_316' title='bbox 1721 2426 1992 2462; x_wconf 90' lang='lat' dir='ltr'>coarctatur.</span> 
     </span>
     <span class='ocr_line' id='line_1_50' title="bbox 115 2476 2085 2543; baseline -0.003 -13.84"><span class='ocrx_word' id='word_1_317' title='bbox 115 2476 413 2543; x_wconf 68' lang='lat' dir='ltr'>Amplius</span> <span class='ocrx_word' id='word_1_318' title='bbox 440 2481 479 2527; x_wconf 92' lang='lat' dir='ltr'>si</span> <span class='ocrx_word' id='word_1_319' title='bbox 504 2481 645 2526; x_wconf 87' lang='lat' dir='ltr'>divini</span> <span class='ocrx_word' id='word_1_320' title='bbox 669 2481 926 2527; x_wconf 85' lang='lat' dir='ltr'>intellectus</span> <span class='ocrx_word' id='word_1_321' title='bbox 953 2481 1194 2526; x_wconf 89' lang='lat' dir='ltr'>causalitas</span> <span class='ocrx_word' id='word_1_322' title='bbox 1221 2482 1276 2525; x_wconf 87' lang='lat' dir='ltr'>ad</span> <span class='ocrx_word' id='word_1_323' title='bbox 1301 2481 1486 2526; x_wconf 86' lang='lat' dir='ltr'>effectus</span> <span class='ocrx_word' id='word_1_324' title='bbox 1514 2481 1706 2541; x_wconf 92' lang='lat' dir='ltr'>aliquos,</span> <span class='ocrx_word' id='word_1_325' title='bbox 1739 2483 1869 2542; x_wconf 85' lang='lat' dir='ltr'>quasi</span> <span class='ocrx_word' id='word_1_326' title='bbox 1893 2484 1949 2528; x_wconf 93' lang='lat' dir='ltr'>de</span> <span class='ocrx_word' id='word_1_327' title='bbox 1975 2497 2051 2528; x_wconf 93' lang='lat' dir='ltr'>ne·</span> <span class='ocrx_word' id='word_1_328' title='bbox 2082 2521 2085 2524; x_wconf 24' lang='lat'><strong>⁴</strong></span> 
     </span>
     <span class='ocr_line' id='line_1_51' title="bbox 184 2548 2051 2609; baseline -0.001 -12.979"><span class='ocrx_word' id='word_1_329' title='bbox 184 2558 298 2596; x_wconf 80' lang='lat' dir='ltr'>:tate</span> <span class='ocrx_word' id='word_1_330' title='bbox 320 2563 475 2609; x_wconf 88' lang='lat' dir='ltr'>agens,</span> <span class='ocrx_word' id='word_1_331' title='bbox 499 2558 759 2603; x_wconf 86' lang='lat' dir='ltr'>arctaretur,</span> <span class='ocrx_word' id='word_1_332' title='bbox 785 2549 877 2594; x_wconf 90' lang='lat' dir='ltr'>hoc</span> <span class='ocrx_word' id='word_1_333' title='bbox 905 2559 1024 2594; x_wconf 90' lang='lat' dir='ltr'>esset</span> <span class='ocrx_word' id='word_1_334' title='bbox 1044 2559 1250 2608; x_wconf 88' lang='lat' dir='ltr'>respectu</span> <span class='ocrx_word' id='word_1_335' title='bbox 1272 2548 1456 2593; x_wconf 86' lang='lat' dir='ltr'>illorum</span> <span class='ocrx_word' id='word_1_336' title='bbox 1481 2549 1558 2608; x_wconf 91' lang='lat' dir='ltr'>qui</span> <span class='ocrx_word' id='word_1_337' title='bbox 1580 2550 1634 2593; x_wconf 91' lang='lat' dir='ltr'>ab</span> <span class='ocrx_word' id='word_1_338' title='bbox 1660 2563 1715 2594; x_wconf 94' lang='lat' dir='ltr'>eo</span> <span class='ocrx_word' id='word_1_339' title='bbox 1738 2550 2051 2609; x_wconf 92' lang='lat' dir='ltr'>producuntur</span> 
     </span>
     <span class='ocr_line' id='line_1_52' title="bbox 96 2598 2051 2675; baseline -0.002 -10.977"><span class='ocrx_word' id='word_1_340' title='bbox 96 2598 273 2664; x_wconf 33' lang='lat' dir='ltr'>*esse</span> <span class='ocrx_word' id='word_1_341' title='bbox 300 2616 404 2662; x_wconf 90' lang='lat' dir='ltr'>Hoc</span> <span class='ocrx_word' id='word_1_342' title='bbox 431 2625 585 2660; x_wconf 90' lang='lat' dir='ltr'>autem</span> <span class='ocrx_word' id='word_1_343' title='bbox 617 2629 717 2660; x_wconf 90' lang='lat' dir='ltr'>esse</span> <span class='ocrx_word' id='word_1_344' title='bbox 741 2630 836 2661; x_wconf 92' lang='lat' dir='ltr'>non</span> <span class='ocrx_word' id='word_1_345' title='bbox 868 2626 1030 2675; x_wconf 89' lang='lat' dir='ltr'>potest,</span> <span class='ocrx_word' id='word_1_346' title='bbox 1059 2631 1165 2660; x_wconf 91' lang='lat' dir='ltr'>cum</span> <span class='ocrx_word' id='word_1_347' title='bbox 1191 2630 1325 2675; x_wconf 91' lang='lat' dir='ltr'>supra</span> <span class='ocrx_word' id='word_1_348' title='bbox 1353 2616 1473 2675; x_wconf 88' lang='lat' dir='ltr'>(Lib.</span> <span class='ocrx_word' id='word_1_349' title='bbox 1500 2617 1534 2659; x_wconf 94' lang='lat' dir='ltr'>I.</span> <span class='ocrx_word' id='word_1_350' title='bbox 1562 2630 1599 2659; x_wconf 92' lang='lat' dir='ltr'>c.</span> <span class='ocrx_word' id='word_1_351' title='bbox 1629 2615 1722 2674; x_wconf 92' lang='lat'>66.)</span> <span class='ocrx_word' id='word_1_352' title='bbox 1741 2626 1976 2662; x_wconf 90' lang='lat' dir='ltr'>ostensum</span> <span class='ocrx_word' id='word_1_353' title='bbox 1991 2618 2051 2662; x_wconf 90' lang='lat' dir='ltr'>sit</span> 
     </span>
     <span class='ocr_line' id='line_1_53' title="bbox 195 2682 2054 2743; baseline -0.001 -13.979"><span class='ocrx_word' id='word_1_354' title='bbox 195 2683 360 2729; x_wconf 76' lang='lat' dir='ltr'>D¹eus</span> <span class='ocrx_word' id='word_1_355' title='bbox 383 2682 597 2742; x_wconf 88' lang='lat' dir='ltr'>intelligit</span> <span class='ocrx_word' id='word_1_356' title='bbox 617 2684 756 2727; x_wconf 87' lang='lat' dir='ltr'>etiam</span> <span class='ocrx_word' id='word_1_357' title='bbox 778 2697 894 2743; x_wconf 91' lang='lat' dir='ltr'>quae</span> <span class='ocrx_word' id='word_1_358' title='bbox 919 2697 1014 2727; x_wconf 90' lang='lat' dir='ltr'>non</span> <span class='ocrx_word' id='word_1_359' title='bbox 1040 2693 1158 2736; x_wconf 90' lang='lat' dir='ltr'>sunt,</span> <span class='ocrx_word' id='word_1_360' title='bbox 1183 2697 1269 2727; x_wconf 91' lang='lat' dir='ltr'>nec</span> <span class='ocrx_word' id='word_1_361' title='bbox 1297 2693 1441 2736; x_wconf 90' lang='lat' dir='ltr'>erunt,</span> <span class='ocrx_word' id='word_1_362' title='bbox 1466 2696 1551 2727; x_wconf 90' lang='lat' dir='ltr'>nec</span> <span class='ocrx_word' id='word_1_363' title='bbox 1573 2682 1779 2738; x_wconf 90' lang='lat' dir='ltr'>fuerunt;</span> <span class='ocrx_word' id='word_1_364' title='bbox 1801 2697 1895 2728; x_wconf 89' lang='lat' dir='ltr'>non</span> <span class='ocrx_word' id='word_1_365' title='bbox 1917 2684 2054 2743; x_wconf 89' lang='lat' dir='ltr'>igitur</span> 
     </span>
     <span class='ocr_line' id='line_1_54' title="bbox 203 2747 1470 2810; baseline -0.002 -14.925"><span class='ocrx_word' id='word_1_366' title='bbox 203 2747 343 2810; x_wconf 82' lang='lat' dir='ltr'>agit</span> <span class='ocrx_word' id='word_1_367' title='bbox 366 2762 422 2795; x_wconf 80' lang='lat' dir='ltr'>ex</span> <span class='ocrx_word' id='word_1_368' title='bbox 446 2749 717 2794; x_wconf 87' lang='lat' dir='ltr'>necessitate</span> <span class='ocrx_word' id='word_1_369' title='bbox 748 2750 820 2794; x_wconf 90' lang='lat' dir='ltr'>sui</span> <span class='ocrx_word' id='word_1_370' title='bbox 843 2749 1115 2803; x_wconf 88' lang='lat' dir='ltr'>intellectus,</span> <span class='ocrx_word' id='word_1_371' title='bbox 1141 2748 1215 2793; x_wconf 92' lang='lat' dir='ltr'>vel</span> <span class='ocrx_word' id='word_1_372' title='bbox 1241 2749 1470 2793; x_wconf 88' lang='lat' dir='ltr'>scientiae.</span> 
     </span>
     <span class='ocr_line' id='line_1_55' title="bbox 145 2814 2054 2875; baseline -0.001 -11.969"><span class='ocrx_word' id='word_1_373' title='bbox 145 2814 440 2863; x_wconf 73' lang='lat' dir='ltr'>Praeterea</span> <span class='ocrx_word' id='word_1_374' title='bbox 468 2816 619 2860; x_wconf 87' lang='lat' dir='ltr'>divina</span> <span class='ocrx_word' id='word_1_375' title='bbox 645 2816 836 2860; x_wconf 89' lang='lat' dir='ltr'>scientia</span> <span class='ocrx_word' id='word_1_376' title='bbox 863 2826 1157 2875; x_wconf 90' lang='lat' dir='ltr'>comparatur</span> <span class='ocrx_word' id='word_1_377' title='bbox 1183 2815 1239 2860; x_wconf 90' lang='lat' dir='ltr'>ad</span> <span class='ocrx_word' id='word_1_378' title='bbox 1281 2830 1352 2860; x_wconf 89' lang='lat' dir='ltr'>res</span> <span class='ocrx_word' id='word_1_379' title='bbox 1394 2816 1448 2859; x_wconf 93' lang='lat' dir='ltr'>ab</span> <span class='ocrx_word' id='word_1_380' title='bbox 1490 2816 1591 2874; x_wconf 88' lang='lat' dir='ltr'>ipso</span> <span class='ocrx_word' id='word_1_381' title='bbox 1635 2816 1895 2875; x_wconf 89' lang='lat' dir='ltr'>productas,</span> <span class='ocrx_word' id='word_1_382' title='bbox 1936 2817 2054 2862; x_wconf 91' lang='lat' dir='ltr'>sicut</span> 
     </span>
     <span class='ocr_line' id='line_1_56' title="bbox 127 2882 2055 2935; baseline 0 -7"><span class='ocrx_word' id='word_1_383' title='bbox 127 2891 129 2893; x_wconf 83' lang='grc'><strong><em>’</em></strong></span> <span class='ocrx_word' id='word_1_384' title='bbox 175 2907 203 2922; x_wconf 74' lang='grc' dir='ltr'>ιι</span> <span class='ocrx_word' id='word_1_385' title='bbox 302 2882 485 2928; x_wconf 79' lang='lat' dir='ltr'>artificis</span> <span class='ocrx_word' id='word_1_386' title='bbox 510 2883 566 2927; x_wconf 91' lang='lat' dir='ltr'>ad</span> <span class='ocrx_word' id='word_1_387' title='bbox 592 2897 663 2927; x_wconf 91' lang='lat' dir='ltr'>res</span> <span class='ocrx_word' id='word_1_388' title='bbox 686 2882 959 2927; x_wconf 86' lang='lat' dir='ltr'>artificiatas.</span> <span class='ocrx_word' id='word_1_389' title='bbox 986 2882 1234 2935; x_wconf 87' lang='lat' dir='ltr'>Quaelibet</span> <span class='ocrx_word' id='word_1_390' title='bbox 1257 2892 1409 2927; x_wconf 88' lang='lat' dir='ltr'>autem</span> <span class='ocrx_word' id='word_1_391' title='bbox 1433 2896 1504 2927; x_wconf 86' lang='lat' dir='ltr'>ars</span> <span class='ocrx_word' id='word_1_392' title='bbox 1526 2897 1573 2927; x_wconf 90' lang='lat' dir='ltr'>se</span> <span class='ocrx_word' id='word_1_393' title='bbox 1597 2883 1796 2928; x_wconf 83' lang='lat' dir='ltr'>extendit</span> <span class='ocrx_word' id='word_1_394' title='bbox 1818 2884 1873 2927; x_wconf 91' lang='lat' dir='ltr'>ad</span> <span class='ocrx_word' id='word_1_395' title='bbox 1897 2884 2055 2928; x_wconf 84' lang='lat' dir='ltr'>omnia</span> 
     </span>
     <span class='ocr_line' id='line_1_57' title="bbox 151 2949 2055 3011; baseline -0.001 -14.968"><span class='ocrx_word' id='word_1_396' title='bbox 151 2958 223 2996; x_wconf 67' lang='lat' dir='ltr'>c</span> <span class='ocrx_word' id='word_1_397' title='bbox 231 2959 421 3011; x_wconf 80' lang='lat' dir='ltr'>possunt</span> <span class='ocrx_word' id='word_1_398' title='bbox 446 2949 670 2994; x_wconf 84' lang='lat' dir='ltr'>contineri</span> <span class='ocrx_word' id='word_1_399' title='bbox 695 2950 776 2994; x_wconf 91' lang='lat' dir='ltr'>sub</span> <span class='ocrx_word' id='word_1_400' title='bbox 805 2963 970 3008; x_wconf 89' lang='lat' dir='ltr'>genere</span> <span class='ocrx_word' id='word_1_401' title='bbox 998 2950 1202 3007; x_wconf 89' lang='lat' dir='ltr'>subjecto</span> <span class='ocrx_word' id='word_1_402' title='bbox 1224 2949 1345 2994; x_wconf 89' lang='lat' dir='ltr'>illius</span> <span class='ocrx_word' id='word_1_403' title='bbox 1369 2951 1489 3003; x_wconf 89' lang='lat' dir='ltr'>artis,</span> <span class='ocrx_word' id='word_1_404' title='bbox 1512 2950 1629 2994; x_wconf 91' lang='lat' dir='ltr'>sicut</span> <span class='ocrx_word' id='word_1_405' title='bbox 1651 2964 1720 2994; x_wconf 92' lang='lat' dir='ltr'>ars</span> <span class='ocrx_word' id='word_1_406' title='bbox 1745 2949 2055 2995; x_wconf 88' lang='lat' dir='ltr'>aedificatoria</span> 
     </span>
     <span class='ocr_line' id='line_1_58' title="bbox 127 3007 2051 3092; baseline -0.001 -28.98"><span class='ocrx_word' id='word_1_407' title='bbox 127 3007 334 3063; x_wconf 42' lang='lat' dir='ltr'>&amp;mnes</span> <span class='ocrx_word' id='word_1_408' title='bbox 360 3016 538 3061; x_wconf 86' lang='lat' dir='ltr'>domus.</span> <span class='ocrx_word' id='word_1_409' title='bbox 568 3015 726 3061; x_wconf 91' lang='lat' dir='ltr'>Genus</span> <span class='ocrx_word' id='word_1_410' title='bbox 754 3027 908 3061; x_wconf 89' lang='lat' dir='ltr'>autem</span> <span class='ocrx_word' id='word_1_411' title='bbox 933 3017 1188 3092; x_wconf 70' lang='lat' dir='ltr'>subiectum</span> <span class='ocrx_word' id='word_1_412' title='bbox 1221 3016 1400 3061; x_wconf 88' lang='lat' dir='ltr'>divinae</span> <span class='ocrx_word' id='word_1_413' title='bbox 1427 3017 1534 3061; x_wconf 91' lang='lat' dir='ltr'>artis</span> <span class='ocrx_word' id='word_1_414' title='bbox 1561 3027 1629 3062; x_wconf 90' lang='lat' dir='ltr'>est</span> <span class='ocrx_word' id='word_1_415' title='bbox 1670 3031 1765 3071; x_wconf 89' lang='lat' dir='ltr'>ens,</span> <span class='ocrx_word' id='word_1_416' title='bbox 1809 3031 1914 3061; x_wconf 89' lang='lat' dir='ltr'>cum</span> <span class='ocrx_word' id='word_1_417' title='bbox 1955 3019 2051 3076; x_wconf 89' lang='lat' dir='ltr'>ipse</span> 
     </span>
     <span class='ocr_line' id='line_1_59' title="bbox 194 3082 2059 3142; baseline 0.002 -16.855"><span class='ocrx_word' id='word_1_418' title='bbox 194 3096 326 3131; x_wconf 83' lang='lat' dir='ltr'>suum</span> <span class='ocrx_word' id='word_1_419' title='bbox 352 3082 635 3128; x_wconf 88' lang='lat' dir='ltr'>intellectum</span> <span class='ocrx_word' id='word_1_420' title='bbox 661 3084 718 3128; x_wconf 89' lang='lat' dir='ltr'>sit</span> <span class='ocrx_word' id='word_1_421' title='bbox 743 3083 998 3127; x_wconf 87' lang='lat' dir='ltr'>universale</span> <span class='ocrx_word' id='word_1_422' title='bbox 1030 3083 1303 3142; x_wconf 89' lang='lat' dir='ltr'>principium</span> <span class='ocrx_word' id='word_1_423' title='bbox 1338 3084 1468 3138; x_wconf 91' lang='lat' dir='ltr'>entis,</span> <span class='ocrx_word' id='word_1_424' title='bbox 1489 3095 1542 3128; x_wconf 80' lang='lat' dir='ltr'>ut</span> <span class='ocrx_word' id='word_1_425' title='bbox 1565 3086 1625 3142; x_wconf 91' lang='lat' dir='ltr'>(c.</span> <span class='ocrx_word' id='word_1_426' title='bbox 1646 3097 1715 3128; x_wconf 92' lang='lat'>21.</span> <span class='ocrx_word' id='word_1_427' title='bbox 1735 3095 1777 3128; x_wconf 89' lang='lat' dir='ltr'>et</span> <span class='ocrx_word' id='word_1_428' title='bbox 1795 3083 1888 3141; x_wconf 89' lang='lat'>24.)</span> <span class='ocrx_word' id='word_1_429' title='bbox 1910 3094 2059 3128; x_wconf 84' lang='lat' dir='ltr'>osten·</span> 
     </span>
     <span class='ocr_line' id='line_1_60' title="bbox 100 3149 2057 3209; baseline -0.001 -13"><span class='ocrx_word' id='word_1_430' title='bbox 100 3206 103 3207; x_wconf 16' lang='lat'><em>⁷</em></span> <span class='ocrx_word' id='word_1_431' title='bbox 176 3158 298 3196; x_wconf 29' lang='lat' dir='ltr'>Uest</span> <span class='ocrx_word' id='word_1_432' title='bbox 324 3150 466 3209; x_wconf 86' lang='lat' dir='ltr'>Igitur</span> <span class='ocrx_word' id='word_1_433' title='bbox 489 3149 747 3195; x_wconf 89' lang='lat' dir='ltr'>intellectus</span> <span class='ocrx_word' id='word_1_434' title='bbox 774 3150 951 3194; x_wconf 89' lang='lat' dir='ltr'>divinus</span> <span class='ocrx_word' id='word_1_435' title='bbox 980 3150 1034 3194; x_wconf 86' lang='lat' dir='ltr'>ad</span> <span class='ocrx_word' id='word_1_436' title='bbox 1062 3150 1219 3194; x_wconf 88' lang='lat' dir='ltr'>omnia</span> <span class='ocrx_word' id='word_1_437' title='bbox 1245 3149 1406 3208; x_wconf 91' lang='lat' dir='ltr'>quibus</span> <span class='ocrx_word' id='word_1_438' title='bbox 1433 3151 1548 3194; x_wconf 91' lang='lat' dir='ltr'>entis</span> <span class='ocrx_word' id='word_1_439' title='bbox 1575 3151 1689 3195; x_wconf 90' lang='lat' dir='ltr'>ratio</span> <span class='ocrx_word' id='word_1_440' title='bbox 1716 3165 1811 3195; x_wconf 91' lang='lat' dir='ltr'>non</span> <span class='ocrx_word' id='word_1_441' title='bbox 1833 3162 2057 3209; x_wconf 89' lang='lat' dir='ltr'>repugnat</span> 
     </span>
     <span class='ocr_line' id='line_1_61' title="bbox 9 3216 2054 3277; baseline -0.002 -11"><span class='ocrx_word' id='word_1_442' title='bbox 9 3273 10 3277; x_wconf 10' lang='grc' dir='ltr'><strong>Ἰ</strong></span> <span class='ocrx_word' id='word_1_443' title='bbox 187 3238 209 3256; x_wconf 84' lang='grc' dir='ltr'>ιι</span> <span class='ocrx_word' id='word_1_444' title='bbox 247 3216 560 3277; x_wconf 85' lang='lat' dir='ltr'>causalitatem</span> <span class='ocrx_word' id='word_1_445' title='bbox 583 3217 801 3263; x_wconf 88' lang='lat' dir='ltr'>extendit:</span> <span class='ocrx_word' id='word_1_446' title='bbox 820 3218 1085 3276; x_wconf 89' lang='lat' dir='ltr'>hujusmodi</span> <span class='ocrx_word' id='word_1_447' title='bbox 1108 3218 1230 3261; x_wconf 89' lang='lat' dir='ltr'>enim</span> <span class='ocrx_word' id='word_1_448' title='bbox 1254 3220 1424 3272; x_wconf 83' lang='lat' dir='ltr'>omnia,</span> <span class='ocrx_word' id='word_1_449' title='bbox 1448 3228 1668 3277; x_wconf 88' lang='lat' dir='ltr'>quantum</span> <span class='ocrx_word' id='word_1_450' title='bbox 1692 3228 1759 3263; x_wconf 90' lang='lat' dir='ltr'>est</span> <span class='ocrx_word' id='word_1_451' title='bbox 1781 3219 1835 3263; x_wconf 87' lang='lat' dir='ltr'>de</span> <span class='ocrx_word' id='word_1_452' title='bbox 1859 3233 1922 3271; x_wconf 89' lang='lat' dir='ltr'>se,</span> <span class='ocrx_word' id='word_1_453' title='bbox 1946 3228 2054 3263; x_wconf 89' lang='lat' dir='ltr'>nata</span> 
     </span>
     <span class='ocr_line' id='line_1_62' title="bbox 55 3283 2057 3367; baseline 0.001 -39"><span class='ocrx_word' id='word_1_454' title='bbox 55 3286 59 3293; x_wconf 68' lang='lat'>²</span> <span class='ocrx_word' id='word_1_455' title='bbox 134 3295 168 3315; x_wconf 62' lang='lat'>2*</span> <span class='ocrx_word' id='word_1_456' title='bbox 210 3283 305 3328; x_wconf 73' lang='lat' dir='ltr'>sub</span> <span class='ocrx_word' id='word_1_457' title='bbox 333 3292 436 3328; x_wconf 90' lang='lat' dir='ltr'>ente</span> <span class='ocrx_word' id='word_1_458' title='bbox 464 3283 702 3327; x_wconf 87' lang='lat' dir='ltr'>contineri.</span> <span class='ocrx_word' id='word_1_459' title='bbox 728 3283 836 3329; x_wconf 92' lang='lat' dir='ltr'>Non</span> <span class='ocrx_word' id='word_1_460' title='bbox 868 3285 1004 3343; x_wconf 88' lang='lat' dir='ltr'>igitur</span> <span class='ocrx_word' id='word_1_461' title='bbox 1031 3285 1208 3367; x_wconf 85' lang='lat' dir='ltr'>divinus</span> <span class='ocrx_word' id='word_1_462' title='bbox 1252 3284 1509 3329; x_wconf 90' lang='lat' dir='ltr'>intellectus</span> <span class='ocrx_word' id='word_1_463' title='bbox 1546 3285 1601 3328; x_wconf 91' lang='lat' dir='ltr'>ad</span> <span class='ocrx_word' id='word_1_464' title='bbox 1637 3284 1813 3344; x_wconf 87' lang='lat' dir='ltr'>aliquos</span> <span class='ocrx_word' id='word_1_465' title='bbox 1848 3285 2057 3329; x_wconf 90' lang='lat' dir='ltr'>determi-</span> 
     </span>
     <span class='ocr_line' id='line_1_63' title="bbox 115 3346 732 3413; baseline -0.003 -17"><span class='ocrx_word' id='word_1_466' title='bbox 115 3346 157 3413; x_wconf 56' lang='grc'>’5,</span> <span class='ocrx_word' id='word_1_467' title='bbox 151 3364 192 3386; x_wconf 74' lang='grc' dir='ltr'>ιι</span> <span class='ocrx_word' id='word_1_468' title='bbox 202 3360 238 3396; x_wconf 67' lang='lat' dir='ltr'>s</span> <span class='ocrx_word' id='word_1_469' title='bbox 248 3349 436 3395; x_wconf 81' lang='lat' dir='ltr'>effectus</span> <span class='ocrx_word' id='word_1_470' title='bbox 461 3359 732 3394; x_wconf 88' lang='lat' dir='ltr'>coarctatur.</span> 
     </span>
     <span class='ocr_line' id='line_1_64' title="bbox 139 3411 2057 3489; baseline 0.001 -27.045"><span class='ocrx_word' id='word_1_471' title='bbox 139 3411 301 3489; x_wconf 48' lang='lat' dir='ltr'>*smine</span> <span class='ocrx_word' id='word_1_472' title='bbox 324 3425 395 3463; x_wconf 80' lang='lat' dir='ltr'>est</span> <span class='ocrx_word' id='word_1_473' title='bbox 419 3417 542 3476; x_wconf 78' lang='lat' dir='ltr'>quod</span> <span class='ocrx_word' id='word_1_474' title='bbox 573 3417 622 3461; x_wconf 89' lang='lat' dir='ltr'>in</span> <span class='ocrx_word' id='word_1_475' title='bbox 662 3417 780 3462; x_wconf 87' lang='lat' dir='ltr'>Psal.</span> <span class='ocrx_word' id='word_1_476' title='bbox 826 3417 1032 3463; x_wconf 90' lang='lat' dir='ltr'>CXLVI.</span> <span class='ocrx_word' id='word_1_477' title='bbox 1066 3432 1101 3476; x_wconf 88' lang='lat'>5.</span> <span class='ocrx_word' id='word_1_478' title='bbox 1146 3418 1331 3463; x_wconf 91' lang='lat' dir='ltr'>dicitur:</span> <span class='ocrx_word' id='word_1_479' title='bbox 1366 3419 1545 3477; x_wconf 81' lang='lat' dir='ltr'>Magnus</span> <span class='ocrx_word' id='word_1_480' title='bbox 1577 3419 1802 3473; x_wconf 87' lang='lat' dir='ltr'>Dominus,</span> <span class='ocrx_word' id='word_1_481' title='bbox 1834 3426 1873 3464; x_wconf 76' lang='lat' dir='ltr'>et</span> <span class='ocrx_word' id='word_1_482' title='bbox 1903 3433 2057 3479; x_wconf 82' lang='lat' dir='ltr'>magna</span> 
     </span>
     <span class='ocr_line' id='line_1_65' title="bbox 180 3485 1218 3544; baseline 0 -15"><span class='ocrx_word' id='word_1_483' title='bbox 180 3488 194 3514; x_wconf 74' lang='grc'>-’</span> <span class='ocrx_word' id='word_1_484' title='bbox 259 3486 359 3544; x_wconf 69' lang='lat' dir='ltr'>esus,</span> <span class='ocrx_word' id='word_1_485' title='bbox 386 3489 424 3528; x_wconf 72' lang='lat' dir='ltr'>ot</span> <span class='ocrx_word' id='word_1_486' title='bbox 447 3485 675 3544; x_wconf 73' lang='lat' dir='ltr'>sapientiae</span> <span class='ocrx_word' id='word_1_487' title='bbox 698 3486 786 3542; x_wconf 79' lang='lat' dir='ltr'>ejus</span> <span class='ocrx_word' id='word_1_488' title='bbox 816 3499 901 3529; x_wconf 83' lang='lat' dir='ltr'>non</span> <span class='ocrx_word' id='word_1_489' title='bbox 931 3492 989 3530; x_wconf 79' lang='lat' dir='ltr'>est</span> <span class='ocrx_word' id='word_1_490' title='bbox 1011 3500 1218 3529; x_wconf 84' lang='lat' dir='ltr'>numerus.</span> 
     </span>
     <span class='ocr_line' id='line_1_66' title="bbox 78 3544 2057 3612; baseline 0.002 -17"><span class='ocrx_word' id='word_1_491' title='bbox 78 3547 79 3550; x_wconf 67' lang='grc'>’</span> <span class='ocrx_word' id='word_1_492' title='bbox 110 3544 272 3605; x_wconf 62' lang='lat' dir='ltr'>J‘er</span> <span class='ocrx_word' id='word_1_493' title='bbox 295 3549 387 3595; x_wconf 83' lang='lat' dir='ltr'>hoc</span> <span class='ocrx_word' id='word_1_494' title='bbox 411 3559 563 3595; x_wconf 85' lang='lat' dir='ltr'>autem</span> <span class='ocrx_word' id='word_1_495' title='bbox 590 3548 842 3595; x_wconf 83' lang='lat' dir='ltr'>excluditur</span> <span class='ocrx_word' id='word_1_496' title='bbox 868 3552 1174 3611; x_wconf 86' lang='lat' dir='ltr'>quorumdam</span> <span class='ocrx_word' id='word_1_497' title='bbox 1197 3550 1582 3610; x_wconf 89' lang='lat' dir='ltr'>philosophorum</span> <span class='ocrx_word' id='word_1_498' title='bbox 1603 3551 1771 3612; x_wconf 89' lang='lat' dir='ltr'>positio</span> <span class='ocrx_word' id='word_1_499' title='bbox 1793 3551 2057 3608; x_wconf 88' lang='lat' dir='ltr'>dicentium,</span> 
     </span>
     <span class='ocr_line' id='line_1_67' title="bbox 170 3616 2059 3677; baseline 0.002 -15.865"><span class='ocrx_word' id='word_1_500' title='bbox 170 3636 180 3653; x_wconf 87' lang='lat'><strong>·</strong></span> <span class='ocrx_word' id='word_1_501' title='bbox 199 3637 209 3652; x_wconf 85' lang='lat'><strong>·</strong></span> <span class='ocrx_word' id='word_1_502' title='bbox 245 3628 301 3662; x_wconf 82' lang='lat' dir='ltr'>ex</span> <span class='ocrx_word' id='word_1_503' title='bbox 329 3616 422 3661; x_wconf 90' lang='lat' dir='ltr'>hoc</span> <span class='ocrx_word' id='word_1_504' title='bbox 448 3616 571 3677; x_wconf 90' lang='lat' dir='ltr'>quod</span> <span class='ocrx_word' id='word_1_505' title='bbox 602 3616 729 3662; x_wconf 92' lang='lat' dir='ltr'>Deus</span> <span class='ocrx_word' id='word_1_506' title='bbox 756 3617 962 3677; x_wconf 89' lang='lat' dir='ltr'>seipsum</span> <span class='ocrx_word' id='word_1_507' title='bbox 987 3617 1212 3676; x_wconf 89' lang='lat' dir='ltr'>intelligit,</span> <span class='ocrx_word' id='word_1_508' title='bbox 1240 3617 1338 3662; x_wconf 90' lang='lat' dir='ltr'>fluit</span> <span class='ocrx_word' id='word_1_509' title='bbox 1369 3617 1461 3662; x_wconf 90' lang='lat' dir='ltr'>ad</span> <span class='ocrx_word' id='word_1_510' title='bbox 1450 3632 1550 3677; x_wconf 77' lang='lat' dir='ltr'>ipso</span> <span class='ocrx_word' id='word_1_511' title='bbox 1576 3619 1631 3664; x_wconf 88' lang='lat' dir='ltr'>de</span> <span class='ocrx_word' id='word_1_512' title='bbox 1661 3618 1930 3665; x_wconf 85' lang='lat' dir='ltr'>necessitate</span> <span class='ocrx_word' id='word_1_513' title='bbox 1954 3619 2059 3665; x_wconf 88' lang='lat' dir='ltr'>talis</span> 
     </span>
    </p>
   </div>
   <div class='ocr_carea' id='block_1_6' title="bbox 106 2788 161 2819">
    <p class='ocr_par' dir='ltr' id='par_1_6' title="bbox 106 2788 161 2819">
     <span class='ocr_line' id='line_1_68' title="bbox 106 2788 161 2819; baseline 0 -13"><span class='ocrx_word' id='word_1_514' title='bbox 106 2788 161 2819; x_wconf 55' lang='lat' dir='ltr'>a?</span> 
     </span>
    </p>
   </div>
   <div class='ocr_carea' id='block_1_7' title="bbox 234 3716 1926 3756">
    <p class='ocr_par' dir='ltr' id='par_1_7' title="bbox 234 3716 1926 3756">
     <span class='ocr_line' id='line_1_69' title="bbox 234 3716 1926 3756; baseline 0.002 -4"><span class='ocrx_word' id='word_1_515' title='bbox 234 3716 273 3753; x_wconf 86' lang='lat' dir='ltr'>S.</span> <span class='ocrx_word' id='word_1_516' title='bbox 299 3716 454 3753; x_wconf 68' lang='lat' dir='ltr'>&#39;raons</span> <span class='ocrx_word' id='word_1_517' title='bbox 480 3718 614 3753; x_wconf 74' lang='lat' dir='ltr'>Summa</span> <span class='ocrx_word' id='word_1_518' title='bbox 638 3724 748 3753; x_wconf 76' lang='lat' dir='ltr'>contra</span> <span class='ocrx_word' id='word_1_519' title='bbox 776 3718 931 3753; x_wconf 69' lang='lat' dir='ltr'>Gentiles.</span> <span class='ocrx_word' id='word_1_520' title='bbox 1887 3732 1926 3756; x_wconf 89' lang='lat'>10</span> 
     </span>
    </p>
   </div>
   <div class='ocr_carea' id='block_1_8' title="bbox 573 3819 646 3854">
    <p class='ocr_par' dir='ltr' id='par_1_8' title="bbox 573 3819 646 3854">
     <span class='ocr_line' id='line_1_70' title="bbox 573 3819 646 3854; baseline 0 0"><span class='ocrx_word' id='word_1_521' title='bbox 573 3819 578 3823; x_wconf 53' lang='grc'><strong>”</strong></span> <span class='ocrx_word' id='word_1_522' title='bbox 628 3835 646 3854; x_wconf 61' lang='lat' dir='ltr'>s</span> 
     </span>
    </p>
   </div>
  </div>
 </body>
</html>
