2332 3854
257 190 366 255 366
947 203 1100 240 LIBER
1141 203 1216 240 111.
1259 203 1380 241 CAP.
1422 204 1527 242 LVI.

253 314 370 357 sunt,
398 318 513 363 quae
538 314 693 348 tamen
715 304 761 347 in
785 303 875 347 suis
904 306 1050 347 causis
1075 317 1170 347 non
1192 304 1248 347 de
1268 304 1393 348 facili
1419 316 1772 364 cognoscuntur.
1794 307 1968 351 Verum
1987 318 2054 353 est
2073 306 2212 368 igitur

233 398 243 402 -2
259 370 381 430 quod
414 372 561 429 maJus
594 381 660 414 est
690 369 943 427 intelligere
976 370 1178 414 divinam
1210 371 1523 425 substantiam,
1557 387 1695 431 quam
1729 373 1946 433 quidquid
1980 383 2050 419 est
2090 375 2212 420 aliud

255 447 433 495 praeter
467 438 629 496 ipsam,
661 437 783 495 quod
822 436 869 479 in
909 436 1058 495 seipso
1091 437 1312 495 cognosci
1338 448 1504 497 potest.
1535 438 1822 483 Perfectioris
1861 449 2017 484 tamen
2057 443 2212 501 cogni·

254 504 392 548 tionis
425 514 492 547 est
530 516 809 561 cognoscere
853 502 1054 545 divinam
1086 503 1396 559 substantiam,
1432 514 1475 548 et
1506 505 1553 548 in
1596 519 1650 549 ea
1683 506 1779 563 ejus
1822 505 2017 551 effectus*
2042 507 2212 562 videre,

253 585 391 646 quarn
424 582 706 627 cognoscere
739 569 939 612 divinam
972 569 1270 613 substantiam
1301 570 1397 614 sine
1429 570 1520 614 hoc
1553 571 1677 630 quod
1707 572 1913 617 videatur
1942 572 2131 618 effectus
2163 574 2210 618 in

253 636 364 711 ipsa.
397 636 454 679 Et
484 636 573 678 hoc
606 634 789 693 quidem
831 634 953 692 quod
999 635 1151 678 divina
1182 636 1431 680 substantia
1462 637 1682 691 videatur,
1715 638 1885 697 absque
1917 637 2215 698 cotnpoehen-

252 702 381 746 sione
414 701 555 760 ipsius
587 700 684 744 fieri
715 710 877 759 potest.
914 700 1055 752 Quod
1087 711 1241 746 autem
1274 703 1430 746 omnia
1461 716 1541 762 per
1571 703 1717 761 ipsam
1750 703 1944 764 intelligi
1973 705 2148 769 possint
2168 714 2214 750 et

253 776 603 825 cognoscantur,
635 766 726 810 hoc
751 766 920 825 absque
947 768 1360 827 comprehensione
1391 782 1485 812 non
1517 779 1667 829 potest
1699 771 1921 825 accidere,
1942 780 1991 816 ut
2016 784 2070 816 ex
2091 785 2215 832 prae-

223 850 227 853 ·
255 833 385 877 dictis
417 843 553 892 patet.

999 987 1254 1043 CAPUT
1295 988 1469 1045 LVII.

482 1095 654 1160 ”QUOD
696 1113 860 1153 OMNIS
902 1114 1283 1153 INTELLECTUS
1326 1115 1722 1168 CUJUSCUMQUE
1762 1115 1978 1156 GRADUS

617 1187 910 1226 PARTICEPS
939 1189 1066 1226 ESSE
1093 1188 1308 1227 POTEST
1342 1189 1570 1227 DIVINAE
1597 1190 1850 1230 VISIONIS.

346 1298 465 1341 Cum
500 1306 653 1340 autem
683 1297 742 1340 ad
773 1297 999 1341 visionem
1032 1298 1210 1341 divinae
1233 1298 1512 1342 substantiae
1534 1297 1792 1342 intellectus
1814 1309 1990 1343 creatus
2013 1300 2214 1359 quodam

258 1363 587 1423 supernaturali
618 1362 790 1407 lumine
823 1363 1105 1418 subhmetur,
1123 1373 1172 1407 ut
1202 1374 1326 1422 patet
1357 1378 1410 1407 ex
1443 1364 1574 1408 dictis
1608 1366 1669 1422 (c.
1692 1378 1739 1423 53
1747 1365 1796 1422 .),
1827 1378 1923 1409 non
1954 1360 2023 1410 est
2054 1365 2215 1426 aliquis

255 1430 511 1474 intellectus
546 1439 722 1474 creatus
754 1430 817 1473 ita
847 1430 1100 1474 secundum
1131 1444 1262 1473 suam
1294 1439 1505 1473 naturam
1537 1431 1734 1485 infimus,
1767 1431 1845 1491 qui
1878 1445 1974 1476 non
1994 1432 2063 1476 ad
2093 1432 2214 1476 hanc

252 1497 475 1541 visionem
511 1497 651 1555 possit
683 1495 862 1540 elevari.
899 1496 1150 1541 Ostensum
1184 1506 1251 1540 est
1283 1498 1406 1541 enim
1440 1498 1500 1554 (c.
1526 1501 1616 1554 54.)
1643 1498 1767 1556 quod
1798 1497 1956 1542 lumen
1980 1497 2093 1542 illud
2113 1507 2215 1544 'non

256 1573 406 1622 potest
428 1577 526 1607 esse
549 1562 686 1606 alicui
718 1572 950 1606 creaturae
985 1561 1296 1616 connaturale,
1329 1563 1407 1607 sed
1441 1577 1629 1607 omnem
1663 1573 1865 1608 creatam
1905 1573 2115 1608 naturam
2146 1579 2216 1610 ex·

257 1630 376 1674 cedit
407 1629 659 1673 secundum
690 1629 920 1672 virtutem.
958 1628 1097 1681 Quod
1131 1639 1284 1673 autem
1317 1629 1366 1673 fit
1395 1630 1559 1673 virtute
1592 1629 1937 1689 supernaturali,
1963 1644 2057 1675 non
2078 1631 2217 1691 impe·

258 1697 376 1740 ditur
406 1706 589 1755 propter
620 1705 807 1739 naturae
840 1695 1162 1749 diversitatem,
1196 1709 1301 1739 cum
1335 1696 1485 1739 divina
1518 1697 1659 1740 virtus
1691 1697 1748 1741 sit
1778 1694 1967 1741 infinita.
2000 1696 2214 1742 Undein

255 1763 492 1807 sanatione
523 1761 691 1805 infirmi
723 1775 839 1821 quae
871 1761 920 1806 fit
952 1762 1241 1814 miraculose,
1265 1775 1359 1805 non
1386 1762 1533 1806 differt
1554 1773 1706 1807 utrum
1734 1760 1895 1822 aliquis
1917 1763 2115 1808 multum
2138 1763 2214 1808 vel

258 1843 419 1888 parum
446 1828 710 1872 infirmetur.
743 1828 961 1872 Diversus
987 1829 1124 1887 igitur
1156 1829 1322 1887 gradus
1346 1838 1534 1873 naturae
1566 1828 1885 1873 intellectualis
1905 1841 1999 1874 non
2025 1828 2216 1889 impedit

258 1896 366 1954 quin
397 1894 608 1938 infimum
641 1896 686 1938 in
717 1894 798 1938 tali
828 1904 988 1938 natura
1021 1894 1315 1939 intellectuali
1350 1895 1405 1938 ad
1437 1895 1565 1938 illam
1589 1895 1816 1939 visionem
1848 1891 2036 1975 perduci
2071 1897 2215 1954 possit

258 1961 491 2020 praedicto
523 1961 712 2005 lumine.

346 2028 541 2104 Adhuc·
565 2027 775 2071 distantia
790 2027 1046 2071 intellectus
1064 2028 1316 2072 secundum
1335 2028 1544 2072 ordinem
1561 2038 1749 2072 naturae
1767 2028 1967 2089 supremi
1990 2029 2045 2073 ad
2061 2029 2214 2074 Deum

253 2161 464 2204 infimum
486 2170 554 2204 est
583 2160 723 2214 finita,
750 2174 776 2204 a
803 2160 929 2204 finito
957 2161 1080 2204 enirn
1099 2161 1154 2204 ad
1171 2160 1348 2205 finitum
1367 2175 1461 2206 non
1487 2170 1637 2220 potest
1658 2175 1757 2206 esse
1782 2161 1957 2206 infinita
1983 2161 2215 2207 distantia.

255 2228 483 2272 Distantia
514 2227 652 2285 igitur
682 2241 797 2286 quae
831 2237 898 2271 est
928 2228 1045 2271 inter
1075 2227 1285 2270 infimum
1316 2227 1598 2271 intellectum
1631 2223 1835 2286 creatum
1876 2237 1921 2273 et
1951 2236 2215 2288 supremum

256 2303 324 2338 est
354 2293 484 2352 quasi
513 2293 628 2336 nihil
659 2293 705 2336 in
739 2293 1083 2352 comparatione
1116 2294 1172 2337 ad
1204 2293 1330 2337 illam
1363 2294 1621 2348 distantiam
1654 2308 1770 2353 quae
1803 2302 1869 2338 est
1908 2295 2028 2339 inter
2063 2302 2216 2354 supre-

255 2375 384 2404 mum
415 2359 699 2404 intellectum
732 2370 935 2403 creatum
969 2369 1013 2404 et
1043 2361 1208 2404 Deum.
1240 2360 1382 2413 Quod
1415 2371 1567 2404 autem
1600 2371 1668 2405 est
1699 2361 1828 2420 quasi
1857 2361 1986 2416 nihil,
2012 2371 2107 2406 non
2133 2375 2210 2421 po·

259 2436 347 2470 test
378 2426 678 2469 variationem
710 2425 971 2469 sensibilem
1003 2425 1168 2479 facere,
1201 2426 1318 2470 sicut
1360 2426 1570 2470 distantia
1610 2441 1726 2485 quae
1758 2436 1826 2471 est
1862 2427 1979 2471 inter
2009 2437 2216 2472 centrum

253 2502 399 2536 terrae
433 2502 476 2535 et
506 2492 655 2536 visum
702 2502 770 2536 est
802 2493 930 2550 quasi
961 2492 1076 2535 nihil
1115 2493 1160 2535 in
1206 2493 1549 2551 comparatione
1592 2493 1647 2536 ad
1692 2493 1952 2537 distantiam
1985 2502 2101 2554 quae
2144 2503 2215 2539 est

255 2554 372 2602 inte?
402 2558 552 2602 visum
583 2568 792 2602 nostrum
826 2569 869 2602 et
901 2568 1113 2602 octavam
1146 2559 1403 2617 sphaeram,
1431 2560 1486 2602 ad
1514 2573 1652 2618 quam
1677 2568 1774 2603 tota
1799 2570 1918 2604 terra
1952 2570 2215 2620 compar-ata

259 2625 432 2669 obtinet
472 2624 628 2668 locum
662 2626 829 2683 puncti.
864 2625 920 2668 Et
950 2635 1135 2683 propter
1165 2626 1256 2668 hoc
1298 2625 1423 2669 nulla
1455 2626 1677 2670 sensibilis
1708 2626 1901 2670 variatio
1933 2626 1983 2670 fit
2011 2636 2092 2685 per
2123 2627 2213 2671 hoc

258 2691 379 2750 quod
412 2690 633 2749 astrologi
662 2691 709 2733 in
742 2691 834 2734 suis
869 2691 1333 2735 demonstrationibus
1365 2702 1550 2735 utuntur
1575 2692 1675 2736 visu
1707 2701 1864 2737 nostro
1897 2695 2025 2752 quasi
2058 2702 2215 2738 centro

259 2767 419 2801 terrae.
453 2756 580 2800 Nihil
614 2771 724 2814 ergo
769 2757 917 2801 differt
963 2758 1239 2817 quicumque
1280 2758 1537 2803 intellectus
1570 2759 1626 2803 sit
1663 2760 1738 2818 qui
1773 2759 1828 2803 ad
1868 2759 1960 2804 Dei
1989 2760 2214 2817 visionem

259 2838 338 2882 per
369 2823 524 2867 lumen
557 2824 840 2882 praedictum
858 2823 1082 2878 -elevetur,
1110 2835 1260 2868 utrum
1293 2840 1515 2879 summus,
1539 2825 1614 2869 vel
1640 2825 1839 2879 infirnus,
1860 2825 1941 2870 vel⁴
1966 2825 2155 2871 medius.

348 2891 486 2934 Item:
515 2904 647 2948 supra
664 2891 906 2948 probatum
929 2901 996 2934 est
1014 2892 1075 2948 (c.
1095 2903 1163 2947 25.
1183 2901 1227 2935 et
1246 2891 1337 2947 5ο.)
1364 2891 1486 2950 quod
1510 2893 1660 2935 omnis
1682 2891 1938 2936 intellectus
1952 2887 2215 2937 naturaliter

259 2956 483 3000 desiderat
507 2956 687 3000 divinae
713 2957 990 3000 substantiae
1016 2957 1256 3001 visionem.
1283 2957 1500 3001 Naturale
1528 2967 1681 3001 autem
1708 2957 1993 3003 desiderium·
2014 2971 2108 3003 non
2135 2971 2214 3018 po·

256 3027 343 3066 test
369 3036 466 3066 esse
498 3023 646 3066 inane.
683 3022 891 3074 Quilibet
921 3023 1057 3081 igitur
1087 3023 1344 3067 intellectus
1378 3032 1554 3067 creatus
1595 3033 1744 3083 potest
1786 3024 2023 3083 pervenire
2066 3024 2123 3069 ad
2154 3024 2217 3069 di·

256 3088 389 3132 vinae
422 3088 697 3132 substantiae
730 3089 969 3143 visionem,
1002 3103 1095 3133 non
1128 3090 1404 3148 impediente
1438 3089 1733 3134 inferioritate
1759 3099 1960 3134 naturae.

354 3154 471 3198 Hinc
506 3164 587 3208 est,
621 3155 741 3213 quod
772 3155 955 3212 (Matth.
978 3155 1123 3199 XXII.
1146 3154 1250 3214 30.),
1277 3155 1506 3199 Dominus
1539 3156 1800 3200 hominibus
1826 3156 2099 3217 repromittit
2115 3155 2218 3217 'glo-

260 3223 374 3265 riam
413 3220 697 3279 angelorum.
729 3222 883 3275 Erunt,
922 3221 1068 3280 inquit
1106 3222 1160 3265 de
1197 3221 1461 3265 hominibus
1502 3221 1709 3280 loquens,
1741 3224 1847 3274 sicut
1884 3222 2021 3282 angeli
2050 3222 2135 3268 Dea·
2169 3224 2216 3267 in

261 3288 397 3338 coelo;
432 3297 476 3330 et
506 3287 654 3345 Apoc.
681 3286 737 3329 X.
766 3287 928 3331 eadem
955 3301 1168 3331 mensura
1200 3287 1402 3331 hominis
1429 3298 1473 3331 et
1506 3288 1654 3347 angeli
1681 3301 1780 3332 esse
1812 3287 2218 3348 perhibemu‘l’ro·

261 3362 360 3411 pter
386 3353 507 3411 quod
534 3366 670 3428 saepe
701 3353 747 3395 in
780 3367 908 3397 sacra
932 3353 1162 3412 Scriptura
1189 3354 1340 3412 angeli
1372 3354 1417 3397 in
1449 3353 1596 3398 forma
1622 3354 1864 3400 hominum
1891 3354 2214 3412 deseribuntur,

261 3418 334 3462 vel
360 3419 406 3461 in
438 3427 552 3472 toto,
585 3419 702 3462 sicut
732 3428 854 3478 patet
879 3420 934 3463 de
967 3419 1141 3478 angelis
1167 3420 1244 3479 qui
1277 3430 1581 3479 apparuerunt
1613 3415 1826 3465 Abrahae
1849 3420 1901 3466 in
1913 3415 2214 3467 similitudine

260 3483 462 3527 virorum
490 3484 629 3543 (Gen.
647 3485 800 3529 XVIII
806 3486 852 3542 .),
877 3484 982 3529 vel
971 3499 1017 3529 in
1039 3495 1179 3545 parte,
1197 3486 1313 3531 sicut
1344 3496 1468 3545 patet
1492 3487 1547 3530 de
1591 3482 1869 3533 animalibus
1877 3480 2063 3569 (Enoch.
2080 3484 2116 3530 1.
2134 3485 2174 3531 8.
2177 3485 2214 3542 ),

263 3550 318 3594 de
345 3550 505 3610 quibus
531 3551 693 3595 dicitur
719 3552 840 3610 quod
868 3566 1016 3596 manus
1048 3552 1226 3596 hominis
1257 3558 1381 3598 erant
1410 3554 1482 3597 sub
1507 3555 1648 3610 pennis
1680 3562 1837 3597 eorum.
1927 3558 1933 3565 ’
