2332 3854
191 188 254 242 18
878 200 1033 239 mur-:R
1072 200 1107 237 1.
1150 200 1269 238 CAP.
1310 200 1425 238 xm.

183 315 281 349 tore
308 313 488 362 oportet
512 316 692 347 sumere
719 301 960 360 originem,
986 315 1127 360 quum
1157 300 1274 345 nihil
1305 300 1468 349 educat
1497 314 1547 346 se
1578 301 1635 346 de
1664 302 1867 360 potentia
1898 302 1945 346 in
1977 311 2132 349 actum
2203 317 2207 320 ·

179 370 254 415 vel
279 370 334 414 de
359 383 574 414 non-esse
599 368 647 412 in
673 382 785 413 esse.

269 436 533 481 Secundum
560 445 641 489 est,
667 434 790 494 quod
806 434 1088 494 supponitur,
1108 434 1156 477 in
1173 433 1414 492 praedictis
1429 433 1910 489 demonstrationibus,
1932 435 2131 494 prim-um

181 513 375 556 motum,
402 502 576 547 scilicet
602 515 767 560 corpus
794 500 1005 555 coeleste,
1033 514 1131 545 esse
1157 509 1339 544 motum
1365 515 1420 545 ex
1451 514 1516 555 se,
1547 515 1601 546 ex
1633 516 1724 560 quo
1751 501 1954 560 sequitur
1983 502 2134 560 ipsum

182 583 280 614 esse
312 570 588 622 animatum;
621 567 743 626 quod
777 581 802 610 a
834 566 987 611 multis
1024 580 1118 611 non
1156 566 1432 611 conceditur.
1465 567 1522 612 Et
1553 567 1609 611 ad
1643 568 1734 612 hoc
1773 568 2018 612 dicendum
2048 577 2132 622 est,

182 635 319 695 quod,
345 636 384 680 si
408 635 607 694 primum
634 648 826 678 movens
851 647 945 676 non
972 633 1154 692 ponitur
1179 643 1358 678 motum
1385 647 1440 677 ex
1461 647 1523 687 se,
1548 643 1728 692 oportet
1749 634 1872 693 quod
1895 643 2134 679 moveatur

179 702 444 746 immediate
479 716 503 744 a
529 701 706 760 penitus
731 699 972 743 immobili.
1006 699 1140 744 Unde
1171 699 1310 744 etiam
1342 699 1612 744 Aristoteles
1644 701 1724 744 sub
1759 700 1982 745 divisione
2011 701 2154 754 hanc⁴

181 768 528 813 conclusionem
555 767 740 820 inducit,
768 766 890 825 quod
917 765 1092 811 scilicet
1110 776 1320 826 oporteat
1335 765 1411 811 vel
1435 769 1590 811 statim
1612 767 1824 812 devenire
1850 767 1908 813 ad
1932 767 2133 826 primum

179 849 371 879 movens
391 834 630 878 immobile
657 843 931 892 separatum,
952 832 1026 876 vel
1053 833 1109 876 ad
1134 847 1328 878 movens
1359 833 1574 891 seipsum,
1607 847 1661 877 ex
1692 848 1783 892 quo
1815 833 1970 878 statim
2000 834 2132 879 deve·

178 901 300 946 nitur
325 901 380 945 ad
409 915 598 945 movens
625 900 823 958 primum
849 898 1087 943 immobile
1112 909 1386 958 separatum.

269 968 482 1012 Procedit
502 977 653 1010 autern
671 965 981 1025 Philosophus
1003 965 1093 1010 alia
1108 966 1197 1020 via,
1216 965 1264 1010 in
1287 966 1488 1010 secundo
1511 966 1767 1025 Metaphys.
1786 967 1848 1025 (c.
1863 967 1920 1012 11.
1942 976 1972 1011 t.
1996 981 2035 1011 c.
2053 965 2134 1024 6.),

180 1035 236 1079 ad
263 1034 594 1079 ostendendum
621 1046 715 1077 non
742 1046 876 1091 posse
902 1032 1088 1091 procedi
1118 1032 1166 1075 in
1197 1032 1423 1076 infinitum
1454 1033 1501 1076 in
1534 1033 1682 1077 causis
1714 1032 2025 1089 efficientibus,
2049 1033 2154 1083 sed.

179 1115 276 1146 esse
309 1101 641 1145 deveniendum
684 1099 739 1143 ad
780 1113 920 1143 unam
953 1112 1140 1143 causam
1171 1098 1392 1157 primam;
1425 1108 1470 1143 et
1500 1098 1620 1143 hanc
1653 1099 1846 1144 dicimus
1876 1100 2044 1150 Deum.
2078 1099 2134 1145 Et

177 1167 291 1211 haec
317 1168 391 1212 via
416 1166 519 1211 talis
545 1175 636 1210 est:

266 1235 320 1278 In
346 1234 558 1278 omnibus
586 1232 733 1276 causis
760 1231 1057 1276 efficientibus
1079 1230 1314 1285 ordinatis,
1339 1230 1538 1290 primurn
1557 1241 1625 1275 est
1641 1245 1779 1276 causa
1799 1233 1956 1288 medii,
1977 1242 2023 1280 et
2043 1247 2136 1281 me·

178 1301 305 1345 dium
331 1310 398 1345 est
423 1314 560 1343 causa
586 1298 760 1352 ultimi;
786 1298 882 1342 sive
908 1299 966 1342 sit
990 1298 1149 1352 unum,
1172 1297 1267 1341 sive
1294 1297 1384 1341 sint
1408 1297 1539 1356 plura
1564 1297 1726 1342 media.
1754 1298 1954 1345 Remota
1978 1309 2138 1347 autem

179 1382 329 1422 causa,
355 1376 615 1412 removetur
636 1365 682 1409 id
700 1366 827 1423 cujus
855 1374 924 1409 est
940 1378 1101 1419 causa3
1130 1379 1239 1424 ergo
1257 1374 1437 1410 remoto
1460 1365 1625 1424 primo,
1648 1365 1852 1410 medium
1874 1379 2013 1413 causa
2033 1380 2136 1413 esse

177 1450 271 1480 non
297 1434 475 1494 poterit.
503 1433 595 1478 Sed
621 1434 657 1478 si
677 1431 950 1491 procedatur
974 1431 1022 1475 in
1045 1433 1191 1476 causis
1225 1430 1522 1477 efficientibus
1543 1432 1590 1475 in
1615 1431 1859 1488 infinitum,
1879 1431 2006 1482 nulla
2030 1446 2141 1477 cau·-

177 1516 331 1547 sarum
358 1502 442 1546 erit
466 1501 637 1560 prima;
665 1513 775 1558 ergo
794 1512 956 1543 omnes
974 1497 1090 1542 aliae
1106 1497 1338 1552 tollentur,
1365 1512 1481 1557 quae
1507 1508 1610 1544 sunt
1632 1499 1824 1544 mediae.
1851 1499 1953 1546 Hoc
1980 1509 2134 1545 autem

179 1579 246 1613 est
270 1567 509 1612 manifeste
533 1566 726 1621 falsum;
760 1580 870 1624 ergo
898 1575 1080 1624 oportet
1094 1579 1266 1624 ponere
1293 1565 1490 1624 primam
1512 1579 1700 1610 causam
1722 1565 1996 1618 efficientem
2018 1579 2134 1622 esse,

179 1650 295 1695 quae
321 1636 447 1679 Deus
474 1644 554 1679 est.
2136 1683 2138 1686 .

269 1703 426 1746 Potest
443 1702 580 1746 etiam
601 1710 645 1744 et
668 1700 755 1744 alia
771 1699 887 1743 ratio
909 1698 1064 1758 colligi
1076 1713 1131 1742 ex
1141 1699 1289 1743 verbis
1306 1698 1610 1754 Aristotelis,
1597 1714 1644 1744 m
1657 1679 1859 1744 secundo
1877 1700 2133 1760 Metaphys.

179 1771 240 1828 (c.
267 1769 322 1814 II
349 1779 379 1814 t.
407 1783 445 1812 c.
471 1768 550 1824 4.).
581 1766 795 1813 Ostendit
821 1766 945 1811 enim
977 1766 1040 1809 ibi
1065 1754 1187 1825 quod
1220 1781 1274 1810 ea
1305 1781 1421 1825 quae
1453 1776 1558 1810 sunt
1589 1767 1789 1811 maxime
1814 1781 1923 1812 vera
1955 1778 2059 1813 sunt
2089 1779 2136 1816 et

179 1838 378 1880 maxime
405 1836 538 1880 entia.
564 1835 618 1878 In
644 1843 805 1892 quarto
833 1834 972 1877 etiam
998 1833 1252 1892 Metaphys.
1286 1834 1346 1892 (c.
1373 1833 1451 1877 III.
1478 1842 1509 1877 t.
1537 1847 1574 1877 c.
1603 1833 1683 1890 8,),
1710 1834 1907 1879 ostendit
1931 1848 2031 1880 esse
2054 1834 2133 1881 ali-

179 1903 286 1962 quid
311 1902 510 1946 maxime
532 1915 707 1955 verum,
735 1914 788 1944 ex
819 1901 910 1944 hoc
943 1900 1065 1959 quod
1096 1900 1304 1944 videmus
1337 1899 1531 1944 duorum
1562 1899 1784 1944 falsorum
1821 1915 1964 1946 unum
1988 1901 2134 1947 altero

179 1983 276 2014 esse
290 1969 436 2028 magis
451 1968 642 2022 falsum3
671 1967 791 2011 unde
809 1976 989 2026 oportet
1006 1976 1054 2010 ut
1070 1965 1263 2010 alterurn
1282 1966 1339 2010 sit
1354 1966 1494 2010 etiam
1512 1965 1655 2011 altero
1674 1967 1837 2012 verius.
1856 1967 1960 2017 Hoc
1976 1978 2131 2016 autem

179 2046 247 2080 est
271 2035 522 2080 secundum
540 2034 982 2093 approximationem
1011 2033 1067 2076 ad
1091 2033 1138 2076 id
1165 2033 1287 2091 quod
1305 2029 1373 2076 est
1390 2032 1656 2092 simpliciter
1674 2043 1718 2077 et
1735 2034 1935 2079 maxime
1956 2049 2131 2080 verum.
2148 2073 2150 2075 ,

178 2103 243 2146 Ex
269 2102 429 2161 quibus
458 2100 669 2146 concludi
693 2110 843 2159 potest
874 2099 1075 2153 ulterius,
1109 2113 1206 2144 esse
1244 2099 1413 2158 aliquid
1451 2100 1572 2159 quod
1610 2110 1678 2144 est
1712 2101 1912 2146 maxime
1950 2115 2058 2157 ens;
2086 2110 2135 2147 et

178 2169 268 2213 hoc
295 2169 488 2213 dicimus
514 2169 681 2212 Deum.

267 2236 433 2280 Adhuc
462 2236 599 2279 etiam
623 2235 850 2278 inducitur
878 2249 903 2278 a
928 2234 1222 2277 Damasceno
1249 2234 1341 2292 (De
1359 2232 1447 2277 fide
1469 2233 1586 2278 orth.
1604 2233 1680 2278 lib.
1697 2235 1731 2278 Ι.
1755 2248 1793 2278 c.
1820 2233 1881 2293 3.)
1904 2234 1992 2280 alia
2017 2207 2133 2280 ratio

178 2313 359 2362 sumpta
385 2317 439 2346 ex
455 2316 607 2346 rerum
632 2302 985 2360 gubernatione3
1013 2315 1148 2359 quam
1170 2301 1307 2344 etiam
1329 2300 1477 2344 innuit
1495 2300 1880 2345 Commentator
1869 2316 1915 2346 m
1931 2303 2133 2347 secundo

178 2370 360 2429 Physic.
379 2371 430 2428 (t.
459 2383 497 2413 c.
526 2370 631 2427 75.).
658 2369 714 2412 Et
740 2379 807 2412 est
830 2368 956 2413 talis:
983 2367 1269 2427 Impossibile
1289 2377 1356 2411 est
1382 2367 1532 2426 aliqua
1552 2369 1777 2413 contraria
1794 2379 1839 2413 et
1855 2369 2135 2415 dissonantia

177 2437 225 2480 in
251 2451 394 2480 unum
420 2437 628 2480 ordinem
655 2435 934 2480 concordare
960 2449 1140 2494 semper
1165 2434 1237 2478 vel
1265 2433 1446 2493 pluries,
1467 2435 1556 2479 nisi
1573 2434 1764 2494 alicujus
1788 2436 2133 2494 gubernatione,

180 2518 233 2547 ex
265 2518 353 2562 qua
386 2503 597 2547 omnibus
631 2513 675 2546 et
706 2501 893 2560 singulis
926 2501 1148 2554 tribuitur,
1182 2510 1230 2544 ut
1262 2501 1317 2544 ad
1351 2510 1527 2545 certum
1559 2501 1698 2546 finem
1730 2502 1931 2548 tendant.
1969 2503 2061 2549 Sed
2085 2503 2133 2549 in

178 2570 352 2614 mundo
372 2570 579 2614 videmus
596 2583 666 2613 res
684 2569 964 2613 diversarum
981 2578 1245 2612 naturarum
1264 2567 1310 2610 in
1332 2566 1475 2611 unum
1497 2569 1705 2613 ordinem
1729 2569 2023 2626 concordare,
2039 2584 2134 2616 non

179 2648 227 2682 ut
252 2652 354 2682 raro
382 2648 427 2682 et
453 2653 478 2682 a
504 2652 625 2692 casu,
652 2637 730 2681 sed
758 2646 806 2681 ut
831 2651 1010 2696 semper
1034 2636 1110 2680 vel
1134 2636 1182 2679 in
1208 2636 1372 2694 majori
1403 2645 1542 2695 parte.
1573 2637 1771 2696 Oportet
1797 2652 1906 2697 ergo
1934 2653 2032 2700 esse
2058 2637 2135 2684 ali-

180 2705 300 2766 quid,
328 2707 455 2764 cujus
481 2705 764 2764 providentia
792 2704 987 2748 mundus
1010 2704 1306 2762 gubernetur3
1335 2713 1379 2747 et
1402 2703 1494 2748 hoc
1522 2703 1715 2749 dicimus
1741 2705 1909 2750 Deum.

931 2859 1186 2915 CAPUT
1227 2855 1379 2914 XIV.

255 2995 413 3042 QUOD
455 2995 529 3033 AD
571 2995 959 3034 COGNITIONEM
991 2995 1083 3033 DEI
1128 2995 1386 3033 OPORTET
1429 2994 1524 3033 UTI
1563 2995 1655 3032 VIA
1695 2994 2054 3034 REMOTIONIS.

270 3107 469 3150 Ostenso
487 3106 636 3163 igitur,
654 3105 775 3164 quod
794 3115 860 3149 est
879 3104 1062 3164 aliquod
1080 3107 1278 3164 primum
1297 3118 1390 3159 ens,
1403 3104 1525 3163 quod
1542 3104 1694 3149 Deum
1717 3104 1924 3159 dicimus,
1948 3114 2129 3165 oportet

179 3175 275 3232 ejus
303 3173 586 3217 conditiones
612 3173 900 3230 investigare.

268 3240 347 3284 Est
373 3250 525 3283 autem
551 3240 623 3283 via
652 3239 918 3283 remotionis
946 3238 1180 3293 utendum,
1207 3238 1448 3298 praecipue
1481 3238 1527 3282 in
1562 3238 1925 3284 consideratione
1951 3237 2132 3284 divinae

179 3306 466 3351 substantiae.
491 3307 611 3350 Nam
638 3306 790 3350 divina
812 3306 1060 3350 substantia
1087 3319 1274 3349 omnem
1297 3304 1508 3359 formam,
1530 3319 1669 3363 quam
1695 3305 1952 3351 intellectus
1977 3315 2133 3352 noster

181 3374 373 3432 attingit,
400 3388 480 3417 sua
506 3373 816 3417 immensitate
843 3373 1039 3427 excedit3
1074 3383 1117 3417 et
1139 3372 1202 3416 sic
1231 3374 1376 3431 ipsam
1405 3372 1741 3448 apprehendere
1767 3387 1862 3417 non
1886 3386 2132 3436 possumus

180 3441 505 3498 cognoscendo
539 3440 644 3498 quid
678 3450 757 3494 est,
791 3440 869 3484 sed
903 3439 1148 3499 aliqualem
1182 3440 1277 3497 ejus
1309 3439 1529 3483 habemus
1563 3439 1773 3484 notitiam
1807 3438 2131 3500 cognosc-eudo

179 3507 285 3566 quid
311 3521 404 3551 non
431 3517 510 3551 est.
539 3506 690 3552 Tanto
714 3508 836 3552 enim
860 3509 958 3566 ejus
975 3507 1161 3552 notitiae
1185 3507 1332 3566 magis
1355 3507 1788 3585 appropinquamus,
1809 3516 1994 3569 quanto
1983 3506 2131 3568 plura

179 3588 258 3635 per
274 3573 555 3619 intellectum
572 3584 776 3619 nostrum
797 3575 850 3619 ab
870 3588 926 3619 eo
939 3574 1189 3634 poterimus
1204 3588 1467 3629 removere;
1484 3584 1611 3620 tanto
1631 3575 1755 3622 enim
1770 3572 2128 3666 unumquodque
