2332 3854
240 169 309 240 78
932 187 1160 225 LIBERI.
1204 187 1324 225 CAP.
1366 187 1511 226 LXVI

241 298 288 331 ut
303 302 439 347 supra
461 289 521 345 (c.
537 288 632 347 49.)
660 297 893 332 ostensum
921 298 1011 342 est;
1043 287 1158 332 nihil
1178 288 1314 346 igitur
1338 289 1551 382 prohibet
1567 291 1677 350 quin
1694 291 1833 336 etiam
1859 306 1975 351 quae
1993 293 2198 338 nondum

241 364 344 398 sunt
371 365 636 412 cognoscat.

332 421 568 480 Amplius.
603 415 870 479 intelligere
882 421 972 464 Dei
1008 421 1348 466 successionem
1379 437 1476 467 non
1507 424 1659 478 habet,
1696 425 1813 468 sicut
1835 439 1921 469 nec
1948 427 2046 484 ejus
2077 439 2199 482 esse3

241 498 309 532 est
338 489 475 547 igitur
510 498 658 532 totum
691 487 843 540 simul,
878 501 1058 546 semper
1090 502 1294 542 manens,
1332 490 1454 548 quod
1498 491 1553 535 de
1589 491 1766 535 ratione
1799 492 2074 537 aeternitatis
2106 503 2199 538 est:

241 555 459 614 temporis
479 566 631 598 autem
650 555 827 598 duratio
847 555 1137 598 successione
1155 556 1318 614 prioris
1334 566 1379 600 et
1394 558 1657 614 posterioris
1675 558 1940 603 extenditur.
1957 559 2201 618 Proportio

241 622 379 680 igitur
407 621 682 665 aeternitatis
716 622 770 664 ad
803 631 949 664 totam
976 623 1195 680 temporis
1222 622 1510 668 durationem
1552 635 1619 670 est
1645 626 1763 669 sicut
1787 627 2021 684 proportio
2046 627 2204 673 indivi-

241 687 381 732 sibilis
409 689 464 731 ad
498 689 788 732 continuum:
821 702 915 731 non
942 688 1127 746 quidem
1150 690 1245 747 ejus
1266 690 1566 749 indivisibilis,
1598 691 1721 750 quod
1747 692 1967 735 terminus
1999 693 2204 742 continui

242 764 323 808 est,
351 755 472 813 quod
499 769 593 798 non
627 755 753 798 adest
777 754 961 798 cuilibet
982 755 1099 813 parti
1121 756 1338 800 continui.
1366 757 1511 816 Hujus
1539 758 1662 801 enim
1693 757 2036 803 similitudinem
2066 758 2206 809 habet

242 823 412 866 instans
453 822 694 880 temporis3
733 822 812 865 sed
849 823 944 879 ejus
980 822 1278 877 indivisibilis,
1313 824 1435 882 quod
1463 834 1587 868 extra
1611 825 1879 868 continuum
1908 834 1989 879 est,
2022 824 2206 871 cuilibet

243 900 397 933 tamen
424 890 540 948 parti
568 889 786 942 continui,
814 890 908 933 sive
934 899 1105 948 puncto
1131 890 1193 933 in
1211 891 1430 935 continuo
1472 891 1649 950 signato
1689 891 1943 946 coexsistit3
1971 905 2080 936 nam
2098 906 2205 936 cum

245 967 425 1015 tempus
453 965 631 999 motum
663 969 758 999 non
787 955 988 1010 excedat,
1021 957 1262 1001 aeternitas
1289 972 1405 1016 quae
1427 959 1618 1002 omnino
1647 968 1770 1002 extra
1795 968 1976 1002 motum
1993 968 2074 1012 est,
2090 958 2205 1002 nihil

247 1023 467 1081 temporis
496 1032 574 1066 est.
608 1022 808 1066 Rursum
836 1037 941 1066 cum
970 1025 1139 1067 aeterni
1173 1038 1270 1068 esse
1291 1039 1526 1083 nunquam
1559 1025 1752 1079 deficiat,
1779 1025 1963 1070 cuilibet
1992 1026 2205 1085 tempori,

243 1090 316 1134 vel
334 1091 517 1133 instanti
538 1089 757 1148 temporis
783 1089 1140 1148 praesentialiter
1168 1091 1294 1135 adest
1311 1092 1575 1148 aeternitas3
1595 1094 1722 1150 cujus
1749 1092 2010 1152 exemplum
2033 1103 2204 1137 utcum-

243 1172 330 1215 que
362 1157 409 1200 in
433 1156 603 1199 circulo
637 1166 703 1200 est
724 1156 902 1210 videre;
930 1166 1100 1215 puncto
1128 1157 1251 1200 enim
1276 1158 1392 1201 inter
1426 1158 1814 1203 circumferentias
1841 1159 2091 1218 signatum,
2122 1160 2208 1204 etsi

242 1223 514 1267 indivisibile
531 1224 601 1276 sit,
618 1237 713 1267 non
729 1233 883 1266 tamen
906 1222 1088 1268 cuilibet
1104 1234 1274 1282 puncto
1290 1224 1366 1268 alii
1378 1226 1629 1269 secundum
1647 1226 1784 1269 situm
1801 1227 2031 1270 coexsistit
2047 1226 2206 1281 simul3

244 1291 357 1334 ordo
385 1292 506 1333 enim
535 1291 644 1334 situs
671 1290 1021 1334 continuitatem
1049 1290 1442 1335 circumferentiae
1467 1291 1590 1345 facit,
1618 1302 1826 1337 centrum
1857 1307 1968 1337 vero
1995 1293 2118 1352 quod
2139 1304 2208 1338 est

244 1368 368 1402 extra
402 1356 817 1401 circumferentiam
856 1357 911 1400 ad
960 1357 1195 1415 quodlibet
1227 1369 1449 1417 punctum
1491 1358 1538 1401 in
1573 1359 1938 1404 circumferentia
1974 1360 2207 1419 signatum

244 1425 414 1469 directe
441 1425 782 1482 oppositionem
814 1424 964 1468 habet.
1001 1424 1235 1483 Quidquid
1263 1425 1400 1484 igitur
1430 1426 1476 1468 in
1511 1440 1799 1485 quacumque
1825 1435 1951 1486 parte
1985 1427 2206 1486 temporis

245 1502 325 1545 est,
360 1492 591 1535 coexsistit
617 1501 817 1545 aeterno,
837 1491 966 1549 quasi
982 1505 1195 1550 praesens
1223 1492 1388 1546 eidem,
1408 1492 1490 1536 etsi
1507 1501 1713 1551 respectu
1742 1492 1923 1537 alterius
1944 1495 2081 1553 partis
2100 1503 2210 1539 tem·

243 1559 366 1617 poris
392 1559 449 1602 sit
473 1558 766 1617 praeteritum
787 1557 861 1602 vel
887 1557 1103 1601 futurum.
1132 1559 1334 1602 Aeterno
1355 1569 1507 1603 autern
1525 1573 1619 1603 non
1637 1570 1786 1618 potest
1811 1559 1982 1619 aliquid
2003 1574 2212 1620 praesen-

243 1625 410 1669 tialiter
427 1626 715 1679 coexsistere‚
733 1625 820 1668 nisi
831 1626 931 1679 toti,
949 1625 1056 1684 quia
1073 1626 1375 1670 successionis
1402 1626 1689 1671 durationem
1705 1641 1799 1672 non
1814 1627 1977 1682 habet3
1993 1628 2210 1687 quidquid

245 1693 383 1751 igitur
408 1706 488 1751 per
513 1702 661 1736 totum
701 1692 945 1736 decursum
977 1693 1196 1751 temporis
1228 1693 1389 1751 agitur,
1422 1693 1600 1738 divinus
1631 1693 1887 1739 intellectus
1921 1695 1970 1738 in
1999 1703 2097 1739 tota
2127 1708 2210 1739 sua

248 1759 514 1803 aeternitate
531 1759 731 1803 intuetur
757 1759 886 1818 quasi
912 1774 1139 1818 praesens,
1166 1774 1250 1804 nec
1282 1770 1437 1804 tamen
1464 1760 1587 1819 quod
1614 1761 1813 1819 quadam
1839 1771 1966 1820 parte
1989 1762 2225 1821 temporis*

245 1827 406 1885 agitur,
433 1841 613 1885 semper
637 1826 720 1870 fuit
746 1827 980 1870 exsistens.
1004 1826 1290 1885 Relinquitur
1314 1827 1464 1885 igitur,
1488 1828 1610 1886 quod
1637 1842 1798 1871 eorum
1822 1842 1938 1887 quae
1955 1828 2210 1873 secundum

247 1894 489 1938 decursum
522 1894 744 1952 temporis
769 1894 977 1937 nondum
1005 1903 1123 1947 sunt,
1145 1894 1272 1937 Deus
1298 1894 1510 1938 notitiam
1537 1895 1688 1938 habet.

335 1961 423 2004 Per
444 1960 526 2004 has
551 1961 688 2019 igitur
719 1960 919 2004 rationes
949 1970 1147 2019 apparet,
1174 1961 1298 2019 quod
1323 1961 1449 2005 Deus
1481 1975 1576 2005 non
1614 1962 1788 2006 entium
1813 1962 2026 2006 notitiam
2055 1962 2208 2007 habet.

248 2028 355 2072 Non
372 2038 527 2072 tamen
554 2028 712 2072 omnia
737 2042 832 2071 non
850 2027 972 2072 entia
999 2028 1211 2072 eamdem
1227 2028 1398 2072 habent
1413 2029 1728 2073 habitudinem
1746 2029 1801 2073 ad
1829 2030 1926 2088 ejus
1947 2029 2211 2091 scientiam3

247 2109 301 2139 ea
318 2096 442 2139 enim
460 2109 575 2155 quae
593 2109 688 2140 non
706 2105 823 2150 sunt,
841 2109 928 2139 nec
948 2104 1091 2149 erunt,
1104 2109 1190 2139 nec
1212 2094 1395 2139 fuerunt
1412 2110 1438 2139 a
1454 2096 1558 2140 Deo
1585 2096 1787 2140 sciuntur
1803 2096 1934 2155 quasi
1949 2098 2047 2155 ejus
2058 2097 2213 2142 virtuti

247 2162 504 2223 possibilia3
531 2163 651 2206 unde
677 2176 772 2207 non
801 2163 1040 2221 cognoscit
1065 2176 1119 2206 ea
1145 2172 1194 2206 ut
1219 2162 1477 2207 exsistentia
1505 2162 1761 2222 aliqualiter
1784 2163 1832 2206 in
1857 2163 2032 2222 seipsis,
2056 2163 2138 2208 sed
2163 2173 2214 2209 ut

247 2230 505 2274 exsistentia
538 2229 690 2274 solum
716 2230 763 2273 in
789 2229 992 2288 potentia
1026 2229 1193 2283 divina,
1225 2244 1342 2288 quae
1369 2230 1555 2288 quidem
1582 2244 1608 2274 a
1641 2229 1913 2289 quibusdam
1945 2230 2156 2275 dicuntur
2181 2244 2208 2275 a

245 2298 347 2341 Deo
372 2297 608 2356 cognosci,
627 2297 881 2341 secundum
904 2296 1117 2340 notitiam
1135 2295 1354 2355 simplicis
1380 2296 1725 2355 intelligentiae.
1743 2296 1810 2340 Ea
1834 2310 1946 2341 vero
1963 2311 2082 2356 quae
2107 2306 2214 2342 sunt

246 2365 515 2423 praesentia,
548 2364 802 2423 praeterita,
829 2362 903 2407 vel
934 2362 1086 2407 futura
1111 2363 1258 2416 nobiS‚
1274 2364 1515 2421 cognoscit
1541 2364 1668 2408 Deus
1693 2363 1946 2408 secundum
1963 2364 2087 2424 quod
2107 2373 2212 2409 sunt

224 2432 294 2494 ,in
320 2446 402 2476 sua
419 2431 639 2490 potentia,
662 2440 708 2474 et
727 2431 774 2474 in
800 2430 993 2489 propriis
1022 2431 1183 2483 causis,
1211 2440 1257 2474 et
1282 2429 1328 2474 in
1361 2430 1535 2490 seipsis,
1563 2441 1609 2475 et
1628 2431 1798 2475 horum
1825 2431 2031 2490 cognitio
2048 2431 2213 2476 dicitur

226 2496 411 2543 'notitia
435 2498 638 2542 visionis.
665 2498 773 2542 Non
807 2498 929 2541 enim
950 2498 1077 2541 Deus
1109 2511 1262 2540 rerum
1290 2511 1406 2556 quae
1429 2497 1547 2556 apud
1579 2512 1664 2542 nos
1696 2498 1905 2543 nondum
1941 2508 2059 2553 sunt,
2089 2499 2215 2544 videt

247 2566 400 2619 solum
433 2578 531 2610 esse
553 2565 676 2624 quod
701 2564 873 2608 habent
888 2564 935 2607 in
953 2563 1045 2607 suis
1063 2564 1224 2617 causis,
1253 2564 1332 2608 sed
1350 2564 1487 2608 etiam
1510 2563 1622 2608 illud
1641 2565 1763 2623 quod
1785 2565 2019 2610 habentin
2039 2565 2212 2625 seipsis,

247 2633 294 2676 in
320 2642 543 2692 quantum
570 2633 665 2691 ejus
693 2631 933 2676 aeternitas
961 2641 1029 2676 est
1059 2645 1272 2690 praesens
1298 2631 1345 2675 in
1371 2647 1453 2677 sua
1475 2633 1827 2678 indivisibilitate
1850 2634 1979 2678 omni
1999 2635 2212 2694 tempori,

248 2709 293 2744 et
317 2709 474 2744 tamen
501 2713 600 2744 esse
627 2700 956 2758 cujuscumque
992 2699 1057 2742 rei
1087 2698 1215 2746 Deus
1247 2699 1487 2757 cognoscit
1520 2714 1601 2758 per
1635 2700 1880 2745 essentiam
1911 2714 2058 2746 suam.
2087 2701 2213 2746 Nam

246 2781 328 2811 sua
361 2766 555 2811 essentia
588 2776 656 2810 est
692 2765 1084 2825 repraesentabilis
1122 2779 1202 2824 per
1236 2766 1381 2810 multa
1413 2780 1529 2825 quae
1555 2780 1650 2810 non
1681 2779 1799 2821 sunt,
1830 2781 1917 2812 nec
1949 2776 2095 2822 erunt,
2125 2782 2212 2814 nec

247 2833 443 2878 fuerunt.
466 2834 569 2892 Ipsa
596 2834 735 2877 etiam
762 2843 830 2877 est
855 2832 1105 2877 similitudo
1124 2833 1299 2876 virtutis
1327 2833 1565 2891 cujuslibet
1593 2847 1772 2889 causae,
1799 2835 2053 2879 secundum
2073 2849 2214 2895 quam

251 2901 582 2961 praeexsistunt
614 2899 802 2945 effectus
827 2900 878 2943 in
898 2900 1060 2944 causis.
1087 2899 1197 2943 Esse
1230 2900 1368 2943 etiam
1403 2899 1642 2958 cujuslibet
1666 2901 1732 2946 rei
1768 2901 1892 2961 quod
1917 2902 2057 2947 habet
2084 2902 2134 2947 in
2164 2917 2214 2948 se

249 2970 360 3028 ipsa,
382 2977 451 3012 est
476 2967 530 3011 ab
558 2981 614 3012 ea
639 2966 959 3027 exemplariter
985 2966 1245 3011 deductum.
1280 2966 1355 3011 Sic
1382 2967 1520 3026 igitur
1543 2981 1639 3011 non
1672 2968 1794 3012 entia
1818 2969 2060 3027 cognoscit
2086 2969 2214 3015 Deus

248 3035 295 3078 in
321 3044 544 3094 quantum
571 3033 725 3094 aliquo
752 3035 895 3078 modo
922 3034 1093 3077 habent
1119 3047 1231 3087 esse,
1253 3032 1329 3078 vel
1345 3033 1391 3076 in
1418 3035 1622 3092 potentia
1642 3035 1744 3090 Dei,
1761 3034 1838 3079 vel
1861 3036 1908 3080 in
1935 3036 2083 3081 causis
2104 3036 2214 3092 suis,

249 3101 323 3146 vel
354 3102 401 3146 in
428 3101 602 3160 seipsis,
629 3100 752 3160 quod
777 3101 942 3145 rationi
970 3101 1187 3145 scientiae
1212 3114 1308 3144 non
1334 3100 1524 3144 obsistit.

337 3169 419 3214 His
447 3179 600 3214 autem
627 3183 742 3228 quae
768 3168 1018 3244 praemissa
1050 3177 1154 3212 sunt
1175 3167 1314 3212 etiam
1346 3181 1503 3212 sacrae
1536 3167 1795 3227 Scripturae
1822 3169 2069 3215 auctoritas
2093 3170 2217 3216 testi-

249 3236 459 3279 monium
486 3235 713 3294 perhibet:
748 3235 910 3279 dicitur
937 3234 1060 3278 enim
1083 3233 1245 3291 (Eccli.
1273 3234 1418 3278 XXII.
1442 3234 1558 3293 29.):
1593 3235 1781 3280 Domino
1808 3237 1900 3281 Deo
1931 3242 2072 3282 nostro
2104 3242 2215 3281 ante·

249 3317 375 3361 quam
419 3308 661 3347 crearentur
699 3309 797 3346 nota
836 3308 931 3346 sunt
971 3303 1128 3355 omnia,
1171 3302 1274 3345 sicut
1306 3307 1341 3345 et
1366 3307 1459 3360 post
1485 3302 1716 3360 perfectum
1755 3304 1919 3363 respicit
1958 3304 2128 3357 omnim
2170 3312 2216 3349 et

251 3370 395 3428 (Hier.
413 3370 447 3414 Ι.
474 3371 554 3427 5.):
588 3371 842 3429 Priusquam
869 3377 904 3415 te
926 3370 1166 3428 formarem
1192 3370 1237 3412 in
1262 3374 1397 3422 utero,
1424 3371 1526 3412 novi
1558 3375 1605 3413 te.

339 3437 470 3480 Patet
503 3446 658 3481 autem
681 3453 735 3482 ex
761 3436 1036 3495 praemissis,
1061 3436 1183 3495 quod
1205 3449 1300 3480 non
1327 3435 1537 3493 cogimur
1563 3436 1728 3491 dicere,
1751 3436 1868 3482 sicut
1886 3435 2075 3497 quidam
2098 3437 2217 3483 dixe-

252 3514 369 3557 runt,
396 3504 550 3548 Deum
582 3504 896 3549 universaliter
922 3502 1168 3562 singularia
1200 3516 1495 3562 cognoscere,
1519 3504 1624 3561 quia
1651 3503 1907 3562 cognoscit
1914 3516 2040 3550 eam
2066 3504 2216 3550 causis

253 3570 581 3618 universalibus
612 3581 805 3627 tantum,
827 3572 942 3616 sicut
968 3571 1045 3631 qui
1071 3580 1374 3630 cognosceret
1399 3569 1608 3630 eclipsim
1638 3571 1774 3626 hanc,
1804 3584 1899 3617 non
1924 3581 2066 3632 *prout
2084 3571 2214 3627 haec,
