2294 3854
822 233 974 273 Lmen
1014 234 1085 272 ιν.
1128 234 1247 274 cu».
1290 233 1439 273 Lxm.
1987 220 2088 290 665

60 352 95 392 νὴ·
118 328 297 385 'wem
321 343 390 382 est
414 336 626 382 accidens
657 336 801 395 panis.
825 337 1085 384 Remanent
1107 338 1246 398 igitur
1268 336 1521 383 accidentia
1547 336 1676 396 panis
1704 336 1842 382 etiam
1867 347 1972 397 post
1992 352 2098 382 con·

73 398 91 439 ‘2s
137 403 403 450 monem
424 402 718 463 praedictam,

139 473 215 516 *252oe
230 469 351 515 Inter
377 470 629 515 accidentia
660 482 772 515 vero
797 471 983 529 quidam
1009 470 1124 519 ordo
1158 470 1516 517 considerandus
1548 480 1628 515 est.
1655 470 1777 515 Nam
1802 470 1921 516 inter
1941 471 2099 516 omnia

110 541 115 546 '
140 536 397 584 accidentia
423 536 720 595 propinquius
735 536 941 582 inhaeret
957 538 1234 582 substantiae
1256 538 1483 596 quantitas
1499 537 1780 591 dimensiva;
1805 536 1970 582 deinde
1995 552 2101 597 qua·

138 601 301 650 ffltes·
321 603 368 648 in
395 603 642 648 substantia
683 603 961 661 recipiuntur
998 604 1247 662 quantitate
1279 604 1522 658 mediante,
1554 603 1672 649 sicut
1703 603 1834 649 color
1865 604 2092 649 mediante

138 668 407 729 snper-fici&
432 669 552 715 unde
584 678 630 713 et
659 683 739 728 per
779 670 1050 714 divisionem
1079 671 1339 728 quantitatis
1378 670 1697 729 peraccidens
1729 669 1817 715 alia
1842 670 2098 716 accidentia

136 735 426 790 dividunum
457 735 646 781 ulterius
673 746 825 780 autem
852 736 1090 794 qualitates
1116 747 1222 781 sunt
1246 737 1482 781 actionum
1507 746 1552 781 et
1578 736 1842 795 passionum
1876 737 2097 797 principia

135 801 488 848 &imitationum
514 802 833 860 quarumdam,
870 813 918 846 ut
953 813 1057 847 sunt
1087 815 1214 862 pater
1239 814 1284 848 et
1304 803 1437 856 filius,
1463 812 1507 847 et
1531 803 1745 848 dominus
1777 813 1822 847 et
1851 817 2022 859 servus,
2054 812 2100 852 et

68 868 81 883 ²
135 866 238 915 aliz
258 868 545 926 hujusmodi;
570 868 797 927 quaedam
822 883 932 913 vero
967 869 1209 913 relationes
1239 869 1504 914 immediate
1533 870 1588 913 ad
1605 869 1880 928 quantitates
1906 883 2098 929 sequun-

54 948 67 962 ’-
134 942 229 988 mr,
254 944 304 980 ut
326 936 473 993 majus
500 944 547 980 et
569 935 735 989 minus,
761 934 949 993 duplum
977 946 1022 979 et
1052 936 1306 990 dimidium,
1323 946 1367 980 et
1389 934 1568 981 similia.
1593 935 1670 980 Sic
1692 937 1829 994 igitur
1843 936 2098 982 accidentia

10 995 11 998 ’
134 1001 275 1061 <punis
295 1011 409 1059 post
430 1001 781 1046 conversionem
808 1003 1086 1059 praedictam
1112 1016 1348 1047 remanere
1374 1002 1638 1061 ponendum
1665 1013 1746 1057 est,
1765 1012 1815 1048 ut
1839 1001 1939 1051 sola
1960 1016 2098 1062 quan·

132 1067 254 1118 ‘sitas
267 1067 525 1112 dimensiva
549 1069 652 1112 sine
679 1068 885 1126 subjecto
911 1069 1123 1114 subsistat
1164 1078 1207 1112 et
1232 1069 1278 1112 in
1305 1069 1403 1127 ipsa
1434 1068 1675 1127 qualitates
1708 1068 1956 1114 fundentur
1986 1069 2101 1118 sicut

129 1123 203 1180 {tr
207 1133 432 1193 subjecto,
458 1144 504 1179 et
518 1147 598 1210 per
615 1147 901 1192 consequens
927 1135 1143 1211 actiones,
1165 1136 1415 1211 passiones,
1433 1146 1477 1179 et
1492 1134 1748 1187 relationes.
1766 1135 1973 1180 Accidit
1962 1135 2099 1194 igitur

39 1206 68 1273 J'
130 1199 191 1247 «in
212 1200 303 1246 hac
326 1201 623 1245 conversione
640 1201 919 1245 contrarium
946 1201 990 1245 ei
1014 1201 1174 1260 quod
1162 1216 1209 1246 in
1226 1201 1506 1246 naturalibus
1530 1201 1858 1246 mutationibus
1889 1202 2097 1247 accidere

82 1266 275 1322 -mlet,
304 1267 355 1312 in
374 1267 536 1327 quibus
572 1267 820 1312 substantia
858 1278 1014 1312 manet
1039 1279 1088 1313 ut
1114 1268 1376 1313 mutationis
1403 1268 1674 1326 subjectum,
1705 1267 1957 1312 accidentia
1986 1281 2097 1313 vero

48 1289 67 1383 ,Ὗ
132 1335 396 1394 ”rismum
421 1334 499 1380 hic
524 1345 679 1380 autern
701 1348 727 1379 e
749 1348 972 1379 converso
1000 1335 1211 1380 accidens
1239 1344 1394 1379 manet
1419 1345 1463 1379 et
1479 1334 1730 1379 substantia
1745 1335 1919 1380 transit.
1936 1334 2099 1393 Hujus-

132 1401 291 1447 modi
292 1401 430 1447 enim·
455 1402 698 1447 conversio
725 1416 819 1446 non
849 1411 1001 1478 potest
1024 1402 1206 1461 proprie
1238 1402 1329 1446 dici
1359 1412 1526 1455 motus,
1553 1402 1671 1447 sicut
1701 1415 1728 1445 a
1767 1400 1963 1447 naturali
1994 1415 2100 1447 con-

39 1459 71 1527 [J
141 1467 378 1523 sideratur,
408 1478 459 1513 ut
489 1468 745 1528 subjectum
786 1469 994 1527 requirit3
1036 1469 1114 1513 sed
1157 1478 1225 1513 est
1256 1469 1481 1527 quaedam
1514 1467 1821 1514 substantialis
1851 1468 2097 1522 successim

133 1534 329 1581 ‘fii-,utin
353 1535 583 1581 creatione
619 1545 687 1581 est
717 1535 949 1581 successio
975 1549 1074 1580 esse
1100 1545 1146 1580 et
1174 1549 1270 1579 non
1295 1548 1409 1589 esse,
1442 1544 1490 1579 ut
1514 1534 1562 1579 in
1593 1534 1795 1580 secundo
1822 1535 1883 1592 (c.
1915 1535 2004 1595 19.)
2037 1535 2100 1579 di-

51 1705 57 1722 2,
228 1667 358 1714 Haec
372 1668 511 1728 igitur
536 1679 605 1714 est
629 1683 720 1714 una
738 1669 854 1714 ratio
881 1683 1022 1727 quare
1050 1668 1262 1714 accidens
1288 1668 1417 1727 panis
1440 1682 1677 1713 remanere
1699 1678 1888 1727 oportet
1905 1678 1954 1713 ut
1977 1668 2100 1714 inve·

134 1734 289 1780 niamr
314 1735 498 1795 aliquod
523 1749 715 1780 manens
746 1736 792 1780 in
826 1735 1410 1793 conversionepraedicta.
1437 1735 1517 1779 Est
1553 1745 1706 1779 autem
1733 1745 1779 1779 et
1803 1745 1975 1794 ptaeter
2005 1735 2096 1780 hoc

140 1799 262 1846 alind
282 1803 605 1847 necessarium.
635 1802 684 1846 Si
709 1802 832 1846 enim
865 1802 1114 1846 substantia
1140 1802 1268 1860 panis
1294 1803 1339 1845 in
1366 1815 1532 1860 corpus
1556 1801 1728 1846 Christi
1760 1811 2098 1846 converteretur

133 1870 188 1912 fet
210 1868 340 1927 panis
357 1868 612 1913 accidentia
626 1870 884 1922 transirent,
901 1882 956 1912 ex
970 1868 1051 1912 tali
1077 1869 1380 1913 conversione
1396 1882 1491 1911 non
1508 1877 1770 1926 sequeretur
1792 1868 1915 1926 quod
1932 1882 2097 1927 corpus

141 1933 331 1989 Christi,
354 1935 607 1980 secundum
634 1949 764 1981 suam
790 1935 1103 1988 substantiam,
1136 1945 1256 1979 esset
1286 1935 1363 1978 ubi
1387 1936 1509 1993 prius
1530 1933 1616 1978 fuit
1641 1934 1794 1993 panis;
1819 1934 1946 1979 nulla
1972 1936 2095 1981 enim

140 2001 470 2060 relinqueretur
485 2002 704 2046 habitudo
723 2001 928 2060 corporis
946 2001 1115 2046 Christi
1134 2002 1188 2045 ad
1206 2001 1360 2045 locum
1378 2001 1676 2059 praedictum.
1695 2000 1784 2044 Sed
1802 2016 1943 2060 quum
1961 2016 2099 2060 quan-

139 2067 244 2112 titas
260 2068 514 2113 ditnensiva
529 2070 658 2128 panis
678 2077 884 2113 remanet
899 2078 1002 2127 post
1019 2068 1386 2121 conversionem,
1403 2082 1630 2126 perquam
1648 2068 1775 2126 panis
1798 2068 1918 2112 hunc
1941 2068 2097 2112 locum

60 2140 63 2142 ’
139 2134 427 2189 sortiebatur,
457 2135 706 2180 substantia
732 2137 875 2194 panis,
900 2135 947 2179 in
966 2148 1131 2194 corpus
1151 2134 1324 2181 Christi
1349 2145 1537 2188 mutata,
1564 2134 1612 2178 fit
1630 2148 1794 2193 corpus
1823 2135 1994 2180 Christi
2014 2136 2095 2180 sub

47 2225 62 2242 κ
129 2201 392 2261 quantitate
427 2202 684 2248 dimensiva
718 2203 862 2261 panis,
895 2212 940 2246 et
971 2217 1050 2260 per
1088 2216 1389 2261 consequens
1412 2202 1569 2246 locum
1596 2202 1725 2261 panis
1750 2203 2097 2261 quodammodo

128 2268 345 2326 sortimr,
361 2268 664 2314 mediantibus
696 2279 852 2315 tamen
876 2269 1236 2315 dimensionibus
1262 2270 1407 2329 panis.

51 2331 55 2347 ‘
154 2335 425 2381 ›meossunt
442 2346 490 2381 et
511 2335 628 2380 aliae
664 2336 865 2381 rationes
893 2336 1128 2394 assignari,
1161 2347 1206 2381 et
1231 2347 1450 2395 quantum
1485 2337 1542 2381 ad
1573 2336 1678 2381 fidei
1709 2337 1950 2392 rationem,
1982 2351 2098 2396 quae

139 2400 198 2447 de
229 2401 528 2448 invisibilibus
554 2412 636 2457 est,
673 2413 717 2447 et
749 2414 970 2462 quantum
997 2404 1052 2447 ad
1078 2404 1308 2457 meritum,
1341 2404 1464 2462 quod
1497 2404 1618 2448 circa
1644 2404 1733 2448 hoc
1760 2414 2096 2450 sacramentum

140 2477 268 2513 tanto
295 2469 443 2528 majus
469 2479 537 2513 est
560 2479 732 2528 quanto
754 2468 1023 2514 invisibilius
1041 2470 1202 2529 agitur,
1229 2484 1421 2529 corpore
1450 2470 1622 2514 Christi
1639 2471 1718 2514 sub
1743 2471 1871 2529 panis
1895 2471 2100 2515 acciden-

139 2534 259 2580 tibus
293 2535 541 2589 occultato‚
580 2546 765 2596 propter
811 2536 1182 2581 commodiorem
1214 2546 1259 2581 et
1283 2537 1599 2581 honestiorem
1640 2551 1773 2581 usum
1799 2537 2096 2591 sacramenti;

142 2611 265 2647 esset
287 2602 413 2647 enim
430 2602 611 2648 horrori
636 2604 917 2648 sumentibus
944 2611 988 2647 et
1014 2603 1346 2647 abominationi
1376 2603 1646 2656 videntibus,
1674 2604 1710 2647 si
1738 2617 1902 2662 corpus
1925 2603 2097 2648 Christi

139 2667 301 2723 infjsua
321 2671 472 2728 specie
498 2683 524 2714 a
550 2668 756 2726 fidelibus
788 2680 1055 2715 sumeretur.
1090 2670 1239 2724 Unde,
1265 2670 1346 2714 sub
1373 2670 1525 2729 specie
1556 2670 1686 2728 panis
1718 2680 1763 2715 et
1793 2670 1901 2723 vini,
1934 2670 2094 2729 quibus

50 2766 51 2769 =
140 2734 354 2780 homines
379 2736 672 2781 communius
697 2747 882 2781 utuntur
909 2737 964 2780 ad
992 2751 1119 2781 esum
1145 2747 1189 2780 et
1219 2746 1394 2796 potum,
1428 2751 1592 2795 corpus
1627 2737 1796 2781 Christi
1829 2736 2096 2796 proponitur
2153 2791 2158 2797 .

138 2800 198 2848 ὀᾶ
223 2803 600 2848 manducandum
626 2813 672 2849 et
695 2806 879 2863 sanguis
906 2805 1144 2863 potandus.

869 3002 1123 3060 CAPUT
1165 3003 1366 3059 LXIV.
1422 3067 1426 3070 ,

293 3144 542 3184 sommo
581 3145 771 3185 EORUM
809 3146 958 3192 QUAE
1000 3145 1428 3200 OBJICIEBANTUR
1468 3144 1539 3182 Ex
1578 3143 1753 3184 PARTE
1786 3143 1935 3185 Loct.

230 3258 316 3305 His
337 3259 473 3318 igitur
498 3260 792 3306 consideratis
819 3262 940 3307 circa
957 3262 1148 3306 modum
1172 3261 1499 3315 conversionis,
1519 3261 1575 3306 ad
1602 3261 1692 3306 alia
1714 3261 1935 3308 solvenda
1961 3263 2094 3309 nobis
2166 3297 2170 3302 -

144 3323 426 3384 aliquatenus
450 3326 525 3372 via
550 3336 685 3386 patet.
712 3328 900 3373 Dictum
923 3339 992 3373 est
1019 3328 1139 3373 enim
1167 3329 1289 3386 quod
1316 3327 1445 3373 locus
1467 3328 1512 3372 in
1545 3342 1636 3387 qno
1662 3328 1752 3373 hoc
1779 3330 1926 3388 agitur
1950 3343 2095 3376 sacra-

132 3393 618 3438 mentumvattribuitur
634 3395 816 3452 corpori
832 3394 1018 3448 Christi,
1045 3396 1219 3438 ratione
1246 3395 1582 3439 dimensionum
1610 3395 1738 3454 panis
1755 3397 2092 3442 remanentium

129 3488 135 3500 .
143 3466 251 3516 post
272 3458 623 3506 conversionem
647 3460 922 3505 substantiae
949 3461 1077 3519 panis
1103 3460 1149 3504 in
1168 3474 1331 3520 corpus
1350 3461 1534 3507 Christi.
1559 3461 1823 3507 Secundum
1843 3462 1935 3508 hoc
1956 3463 2094 3522 igitur

143 3535 196 3569 ea
222 3536 339 3582 quae
364 3522 536 3570 Christi
560 3535 666 3571 sunt
680 3538 867 3571 necesse
882 3536 952 3571 est
968 3540 1068 3572 esse
1093 3526 1139 3570 in
1156 3526 1262 3571 loco
1280 3526 1528 3585 praedict0,
1545 3528 1796 3573 secundum
1813 3529 1935 3587 quod
1953 3529 2094 3588 exigit

142 3587 263 3637 rufio
290 3590 604 3637 conversionis
635 3591 908 3650 praedictae
