2332 3854
286 179 394 249 506
953 192 1108 233 mma
1148 192 1226 232 111.
1268 191 1388 232 cAP.
1431 191 1555 231 ext..

374 295 514 348 Quod
540 306 694 341 tamen
717 308 876 340 omnes
893 295 1081 339 virtuosi
1105 304 1230 339 actus
1250 295 1342 339 sint
1360 293 1588 354 aequales,
1601 308 1660 339 ex
1675 294 1766 339 hoc
1782 293 2018 339 videbatur
2039 292 2238 355 ahmam

280 362 506 411 rationem
528 362 710 416 habere,
728 362 832 421 quia
851 362 1000 405 omnis
1015 371 1140 405 actus
1157 362 1385 405 virtuosus
1403 370 1470 406 est
1487 375 1541 405 ex
1554 360 1645 406 fine
1659 361 1771 406 boni
1787 376 1800 416 ;
1822 361 1961 416 unde,
1973 363 2011 406 si
2023 363 2239 408 omnium

280 429 511 473 bonorum
538 438 722 472 actuum
750 438 815 471 est
841 427 962 471 idem
988 427 1090 471 finis
1115 427 1240 481 boni,
1267 437 1447 487 oportet
1477 441 1640 472 omnes
1667 427 1916 487 aequaliter
1943 428 2094 473 bonos
2118 431 2238 473 ease.

369 495 498 539 Licet
525 505 676 538 autem
702 494 759 538 sit
785 508 899 538 unus
927 493 1028 537 finis
1053 493 1240 537 ultimus
1259 493 1383 547 boni,
1397 504 1528 538 actus
1545 504 1699 538 tamen
1718 494 1796 553 qui
1817 507 1872 538 ex
1888 493 1969 538 illo
1984 493 2239 549 bonitatem

280 561 462 615 habent,
489 562 716 604 diversum
742 560 955 603 bonitatis
982 560 1175 619 gradum
1202 561 1451 619 accipiunt3
1479 571 1547 605 est
1573 561 1696 605 enim
1721 560 1768 604 in
1793 560 1865 604 his
1886 561 2020 605 bonis
2042 572 2160 620 quae
2177 559 2238 606 'ad

280 627 491 671 ultimum
524 626 663 670 finem
697 627 962 669 ordinantur
1004 625 1256 670 differentia
1291 627 1529 686 graduum,
1564 627 1817 672 secundum
1849 627 1972 686 quod
2013 627 2239 686 quaedam

279 703 383 737 sunt
410 693 506 736 aliis
534 692 726 736 meliora
753 702 796 736 et
821 692 897 735 fini
926 692 1088 736 ultimo
1108 693 1454 752 propinquiora.
1482 693 1632 747 Unde,
1659 693 1705 736 in
1731 692 1967 738 voluntate
1995 703 2040 738 et
2066 692 2239 738 actibus

282 761 392 817 ejus,
419 759 584 817 gradus
614 759 829 803 bonitatis
856 759 939 803 erit
971 760 1223 808 secundum
1254 759 1564 808 diversitatem
1595 760 1824 804 bonorum
1855 759 1913 804 ad
1944 773 2060 820 quae
2091 759 2241 804 termi-

279 836 413 870 natur
438 825 649 870 voluntas
678 836 721 870 et
748 827 844 885 eJus
872 836 1012 879 actus,
1038 824 1145 870 licet
1171 822 1358 870 ultimus
1383 826 1484 870 finis
1511 827 1569 870 sit
1594 826 1730 870 idem.

373 892 590 936 Similiter
619 893 769 946 etiam,
804 894 925 951 quod
954 893 1110 938 omnia
1135 903 1323 954 peccata
1355 903 1459 938 sunt
1489 893 1630 953 paria,
1655 893 1835 938 videtur
1865 907 1918 937 ex
1948 893 2040 938 hoc
2070 893 2241 938 habere

282 961 507 1003 rationem
534 960 637 1018 quia
663 968 903 1018 peccatum
926 959 972 1002 in
996 959 1168 1004 actibus
1187 959 1402 1004 >humanis
1427 960 1591 1004 accidit
1616 973 1671 1004 ex
1695 958 1786 1004 h'oc
1810 959 1912 1005 solo
1931 958 2056 1019 'quod
2079 959 2239 1019 aliquis

281 1026 491 1084 praeterit
517 1025 724 1084 regulam
750 1025 965 1080 rationis;
992 1026 1055 1070 ita
1081 1035 1235 1073 autem
1259 1027 1473 1086 praeterit
1504 1025 1712 1085 regulam
1737 1026 1926 1070 rationis
1959 1025 2035 1085 qui
2065 1026 2112 1070 in
2144 1040 2242 1070 mo-

283 1092 386 1135 dico
415 1106 439 1135 a
464 1092 641 1136 ratione
667 1092 838 1136 recedit
863 1092 979 1136 sicut
1005 1093 1082 1151 qui
1106 1093 1152 1136 in
1177 1107 1372 1152 magno3
1405 1093 1582 1137 videtur
1607 1094 1743 1151 igitur
1768 1102 2008 1152 peccatum
2035 1092 2240 1152 aequale,

283 1159 376 1203 sive
399 1159 445 1202 in
469 1159 654 1202 modico
678 1159 773 1203 sive
794 1159 841 1202 in
863 1172 1034 1217 magno
1058 1169 1284 1218 peccetur.
1307 1159 1426 1204 Huic
1451 1169 1604 1203 autem
1626 1158 1990 1203 rationivvidetur
2003 1157 2242 1218 suffragari

282 1225 406 1284 quod
431 1226 476 1268 in
502 1226 716 1269 humanis
740 1226 919 1283 judiciis
948 1225 1107 1284 agitur.
1144 1225 1281 1280 Nam,
1318 1226 1355 1269 si
1394 1225 1530 1269 alicui
1555 1235 1777 1269 statuatur
1810 1225 1944 1274 limes
1975 1238 2115 1285 quem
2145 1238 2241 1275 non

281 1292 648 1351 transgrediatur,
674 1291 789 1335 nihil
810 1291 944 1336 refert
971 1289 1088 1350 apud
1114 1292 1314 1350 jud-icem
1339 1292 1435 1335 sive
1461 1291 1659 1336 multum
1680 1291 1775 1336 sive
1797 1291 2113 1336 modicumsit
2125 1300 2244 1337 tran-

281 1373 500 1418 sgressus,
526 1360 642 1403 sicut
666 1373 760 1403 non
786 1359 936 1414 refert,
963 1372 1017 1403 ex
1044 1373 1135 1419 quo
1161 1358 1288 1436 pugil
1320 1359 1491 1404 limites
1521 1359 1675 1418 campi
1707 1359 1859 1414 exivit,
1892 1369 2045 1404 utrum
2069 1357 2243 1420 parurn

283 1439 339 1469 an
365 1426 547 1502 longius
573 1427 910 1485 progrediatur3
934 1440 988 1470 ex
1005 1440 1096 1485 quo
1118 1426 1256 1485 igitur
1280 1425 1486 1484 regulam
1503 1426 1692 1471 rationis
1708 1426 1979 1507 pertransiit,
1995 1438 2097 1471 nou
2106 1425 2244 1472 refut

281 1502 432 1536 utrum
459 1493 505 1536 in
531 1493 717 1537 modico
743 1493 816 1538 vel
843 1495 889 1537 in
915 1506 1086 1552 magno
1112 1492 1261 1552 ipsam
1285 1493 1553 1538 transiverit.
1592 1514 1596 1518 ·

372 1560 463 1603 Sed
496 1561 533 1604 si
560 1561 658 1619 quis
691 1560 930 1618 diligenter
954 1559 1177 1618 inspiciat,
1203 1560 1250 1603 in
1273 1561 1485 1604 omnibus
1517 1573 1714 1619 quorum
1739 1558 1967 1618 perfectio
1988 1569 2038 1604 et
2063 1559 2239 1604 bonurn

288 1626 335 1669 in
362 1627 556 1684 quadam
586 1627 1032 1670 commensuratione
1060 1627 1278 1681 consistit,
1304 1637 1474 1685 quanto
1498 1626 1645 1685 magis
1674 1640 1700 1670 a
1726 1626 1875 1670 debita
1902 1637 2241 1676 commensura?

289 1692 414 1737 tione
439 1692 676 1746 receditur,
694 1702 820 1737 tanto
839 1694 986 1752 maius
1008 1693 1091 1737 erit
1108 1693 1306 1747 malum3
1326 1693 1446 1739 sicut
1470 1693 1637 1737 sanitas
1663 1692 1870 1736 consistit
1883 1692 1932 1736 in
1952 1692 2245 1737 debitaecom-

289 1759 628 1804 mensuratione
659 1759 908 1804 humorum
940 1769 985 1804 et
1018 1759 1272 1818 pulcritudo
1306 1760 1352 1803 in
1384 1759 1532 1803 debita
1574 1760 1870 1818 proportione
1909 1759 2240 1813 membrorum,

289 1826 453 1875 veritas
487 1835 638 1870 autem
665 1828 710 1870 in
744 1827 1192 1874 commensuratione
1228 1825 1484 1870 intellectus
1518 1825 1593 1869 vel
1625 1825 1848 1874 sermonis
1877 1825 1937 1870 ad
1967 1838 2080 1869 remi
2107 1824 2243 1870 Patet

290 1902 443 1936 autem
466 1893 588 1951 quod
612 1902 781 1952 quanto
808 1903 876 1937 est
901 1894 1048 1950 major
1069 1891 1367 1951 inaequalitas
1393 1893 1438 1935 in
1464 1892 1747 1946 humoribus,
1769 1900 1986 1943 tannoaest
2011 1892 2160 1951 maior
2180 1892 2242 1935 in-

290 1959 503 2014 firmitas;
531 1970 575 2004 et
600 1970 770 2019 quanto
797 1970 865 2004 est
890 1961 1039 2018 major
1064 1960 1339 2004 inordinatio
1368 1961 1412 2003 in
1439 1959 1671 2013 membris,
1692 1968 1820 2003 tanto
1840 1968 1915 2003 est
1938 1959 2247 2018 major-‘'turpi-

286 2026 397 2070 tudo
414 2042 424 2080 ;
452 2037 497 2070 et
522 2037 691 2085 quanto
709 2027 856 2085 magis
884 2041 909 2069 a
925 2027 1113 2070 veritate
1136 2027 1372 2080 receditur,
1394 2036 1522 2070 tanto
1541 2035 1609 2074 est
1625 2027 1773 2084 major
1788 2024 1985 2080 falsitas;
2008 2038 2104 2069 non
2120 2025 2244 2069 enim
2316 2028 2320 2076 }

287 2102 356 2136 est
379 2103 475 2136 tam
502 2107 670 2151 magna
695 2092 866 2138 falsitas
893 2093 1174 2137 aestimantis
1205 2093 1291 2137 tria
1314 2106 1415 2137 esse
1443 2092 1642 2152 quinque
1669 2093 1785 2137 sicut
1809 2093 1907 2151 ejus
1927 2106 2007 2151 qm
2032 2091 2248 2136 aestimat

285 2159 372 2203 tria
404 2173 501 2204 esse
529 2169 725 2204 centum.
760 2160 943 2204 Bonum
977 2170 1131 2204 autern
1162 2159 1337 2203 virtutis
1362 2161 1409 2203 in
1437 2160 1634 2218 quadam
1662 2157 2116 2204 commensuratione
2136 2170 2249 2202 con-
2313 2155 2319 2163 ’”

288 2225 424 2281 sistit3
452 2237 519 2271 est
541 2228 663 2271 enirn
689 2226 906 2280 medium,
933 2226 1184 2270 secundum
1211 2226 1411 2270 debitam
1437 2225 1759 2270 limitationem
1787 2224 2245 2279 circumstantiarum,

286 2294 403 2337 inter
428 2294 655 2338 contraria
675 2293 786 2337 vitia
803 2295 1113 2337 constitutum.
1132 2294 1322 2346 Quanto
1340 2293 1478 2351 igitur
1494 2292 1642 2351 magis
1669 2291 1723 2336 ab
1745 2291 1834 2337 hac
1857 2291 2119 2375 harmonia
2114 2303 2248 2336 rie-ce

287 2363 419 2414 ditur,
444 2370 572 2405 tanto
600 2370 668 2405 est
693 2362 857 2419 major
850 2359 1059 2404 malitia.

375 2429 487 2472 'Non
511 2437 581 2472 est
617 2437 770 2473 autem
807 2426 955 2471 simile
980 2428 1195 2471 virtutem
1227 2426 1481 2486 transgredi
1512 2435 1560 2471 et
1593 2436 1816 2476 terminos
1840 2439 1868 2470 a
1890 2425 2044 2484 iudice
2056 2425 2242 2484 positos

285 2495 490 2541 transire.
522 2494 645 2539 Nam
675 2494 816 2538 virtus
843 2503 911 2538 est
936 2495 1187 2538 secundum
1208 2509 1257 2538 se
1283 2494 1471 2547 bonum,
1502 2493 1622 2538 unde
1653 2493 1867 2539 virtutem
1893 2491 2147 2552 transgredi
2177 2501 2246 2536 est
2294 2502 2317 2526 -s

289 2563 541 2608 secundum
563 2575 611 2605 se
628 2561 828 2615 malum;
848 2571 891 2605 et
916 2561 1020 2604 ideo
1039 2571 1219 2619 oportet
1234 2561 1357 2620 quod
1384 2561 1531 2619 magis
1550 2574 1574 2604 a
1590 2560 1755 2605 virtute
1779 2554 1993 2604 recedEre
2018 2559 2076 2605 sit
2096 2560 2244 2618 majus

288 2630 478 2674 malum.
497 2627 776 2687 Transgredi
803 2638 957 2672 autem
982 2628 1228 2673 terminum
1255 2642 1281 2672 a
1306 2628 1455 2687 judice
1481 2628 1680 2687 positum
1709 2641 1804 2671 non
1832 2637 1904 2672 est
1924 2626 2177 2672 secundum
2198 2639 2246 2671 se

290 2697 481 2749 malum,
508 2695 585 2740 sed
608 2709 689 2755 per
715 2695 940 2749 accidens,
967 2696 1013 2738 in
1039 2705 1260 2754 quantum
1293 2695 1467 2741 scilicet
1493 2705 1560 2739 est
1584 2694 1880 2755 prohibitum.
1911 2693 1981 2739 In
1984 2693 2062 2739 his
2086 2701 2247 2738 autem
2295 2692 2303 2738 f

291 2778 406 2823 quae
434 2772 539 2807 sunt
564 2777 644 2821 per
671 2762 896 2815 accidens,
919 2776 1013 2806 non
1041 2772 1109 2806 est
1133 2762 1442 2807 necessarium
1465 2763 1603 2821 quod,
1629 2762 1668 2806 si
1689 2761 1954 2820 simpliciter
1966 2758 2247 2829 sequitur&

289 2830 571 2889 simpliciter,
598 2839 643 2873 et
668 2829 816 2887 magis
843 2838 1056 2888 sequatur
1084 2829 1139 2873 ad
1167 2830 1327 2888 magis,
1355 2829 1433 2873 sed
1461 2828 1646 2873 solum
1635 2843 1681 2872 m
1706 2828 1778 2872 his
1805 2842 1922 2888 quae
1942 2837 2049 2872 sunt
2071 2839 2153 2887 per
2173 2840 2247 2881 se;

289 2910 384 2942 non
412 2897 533 2941 enim
562 2896 775 2955 sequitur,
803 2895 840 2940 si
867 2895 1020 2939 album
1048 2906 1116 2940 est
1138 2896 1380 2950 musicum,
1405 2896 1527 2955 quod
1554 2895 1702 2973 magis
1729 2892 1899 2939 album
1896 2894 1972 2940 sit
1985 2895 2148 2953 magis
2141 2904 2249 2938 tau·
2298 2895 2300 2904 ³

290 2963 462 3019 sicum;
489 2963 691 3023 sequitur
708 2973 875 3018 autem,
903 2963 940 3007 si
968 2962 1121 3007 album
1148 2973 1214 3008 est
1240 2962 1598 3022 disgregativum
1615 2963 1753 3016 visus,
1770 2961 1894 3021 quod
1916 2961 2077 3022 magis
2089 2958 2247 3049 album
2281 2955 2318 3002 s}

290 3033 348 3076 sit
375 3031 521 3089 magis
549 3030 906 3090 disgregativum
931 3030 1067 3075 visus.

377 3098 454 3142 Est
482 3107 635 3142 autem
656 3098 747 3141 hoc
775 3099 891 3141 inter
907 3106 1204 3156 peccatorum
1231 3095 1506 3141 differentias
1530 3095 1855 3145 attendendum
1873 3094 1995 3160 quod
2012 3054 2245 3155 quoddam

291 3175 357 3210 est
386 3165 579 3209 mortale
607 3174 651 3209 et
677 3164 909 3223 quoddam
934 3163 1127 3208 veniale.
1156 3163 1352 3207 Mortale
1380 3173 1531 3207 autem
1555 3173 1623 3208 est
1647 3162 1770 3223 quod
1798 3162 2000 3209 animam
2024 3159 2246 3222 spirituali

289 3232 381 3276 vita
407 3232 574 3290 privat3
603 3232 730 3290 cujus
753 3230 936 3290 quidem
963 3232 1083 3275 vitae
1109 3230 1224 3274 ratio
1254 3244 1306 3274 ex
1333 3229 1509 3274 duobus
1536 3230 1656 3275 sumi
1673 3238 1836 3289 potest,
1860 3227 2112 3274 secundum
2127 3227 2250 3273 simi-

290 3298 529 3343 litudinem
555 3300 674 3342 vitae
699 3297 930 3342 naturalis.
958 3297 1083 3341 Vivit
1107 3297 1232 3341 enim
1251 3310 1414 3355 corpus
1432 3295 1694 3341 naturaliter
1710 3308 1790 3356 per
1802 3296 1892 3341 hoc
1917 3295 2043 3355 quod
2068 3294 2248 3345 amne
2292 3287 2329 3349 {j-

292 3366 456 3420 unitur,
484 3365 599 3424 quae
627 3375 694 3409 est
720 3365 760 3408 ei
783 3365 1056 3424 principium
1083 3364 1228 3418 vitae3
1261 3377 1426 3423 corpus
1461 3373 1612 3408 autem
1639 3362 1919 3408 vivificatum
1944 3373 2029 3423 per
2042 3361 2250 3412 animam

294 3446 346 3475 ex
364 3432 512 3491 seipso
532 3441 757 3485 movetur,
785 3432 862 3475 sed
890 3445 1056 3491 corpus
1078 3441 1312 3475 mortuum
1337 3429 1410 3474 vel
1429 3430 1667 3477 immobile
1689 3439 1858 3485 manet,
1874 3426 2249 3475 velssabexveriori

292 3507 468 3541 tantum
486 3508 709 3542 movetur.
730 3498 805 3542 Sic
825 3498 959 3557 igitur
982 3509 1025 3542 et
1041 3496 1252 3542 voluntas
1270 3496 1486 3552 hominis,
1504 3511 1643 3557 quum
1660 3511 1742 3558 per
1757 3506 1930 3543 rectam
1940 3495 2248 3542 mationem

295 3563 456 3609 ultimo
483 3564 560 3608 fini
588 3565 890 3623 coniungitur,
910 3565 1031 3624 quod
1057 3574 1122 3610 est
1144 3564 1239 3623 ejus
1267 3564 1496 3623 obiectum
1525 3574 1569 3610 et
1595 3563 1941 3623 quodammode
1960 3560 2248 3617 &ornamina
2272 3558 2276 3570 ³

2329 1565 2332 1572 .
2321 1506 2332 1548 -t.·
2318 1153 2332 1482 «1..:,;24=M2=-n.‚-<-„1<22.-
2329 1128 2332 1129 ,
2330 1096 2332 1101 .
