2332 3854
304 203 403 255 162
957 217 1112 260 mnan
1151 218 1208 260 11.
1250 218 1371 265 CAR
1412 219 1599 266 xxxvr.

294 332 435 376 quum
469 318 591 362 enim
617 318 832 365 dicimus:
859 330 1037 378 tempus
1060 319 1197 363 habet
1215 333 1312 364 esse
1334 330 1437 379 post
1453 335 1547 364 non
1565 335 1676 377 esse,
1699 321 1994 381 intelligimus
2016 323 2139 382 quod
2154 338 2249 369 non

291 385 375 430 fuit
398 385 547 445 aliqua
573 401 675 445 pars
702 387 920 446 temporis
948 396 1050 431 ante
1076 387 1166 431 hoc
1193 403 1303 433 nunc
1322 388 1577 446 signatum;
1604 388 1720 433 sicut
1745 404 1887 448 quum
1914 389 2109 435 dicimus
2125 392 2248 450 quod

292 467 427 511 supra
455 452 636 497 coelum
663 453 777 497 nihil
803 463 883 507 est,
910 468 1004 497 non
1026 453 1322 512 intelligimus
1350 455 1472 514 quod
1491 455 1652 515 aliquis
1677 455 1808 501 locus
1831 457 1887 501 sit
1905 467 2029 501 extra
2051 457 2249 513 coelum,

292 520 369 578 qui
394 521 538 579 possit
562 521 651 564 dici
677 535 810 579 supra
838 530 1044 579 respectu
1067 520 1199 574 coeli,
1218 522 1297 566 sed
1315 522 1438 581 quod
1455 536 1550 566 non
1573 532 1640 567 est
1655 522 1785 567 locus
1803 537 1859 568 eo
1880 524 2100 583 superior.
2117 525 2250 577 Utro-

290 587 436 645 bique
440 597 590 630 autem
608 587 875 645 imaginatio
900 596 1048 645 potest
1069 601 1331 632 mensuram
1355 587 1553 647 aliquam
1576 589 1641 633 rei
1667 589 1897 634 exsistenti
1920 604 2163 650 apponere,
2185 606 2251 635 ra-

290 654 415 698 tione
438 655 579 711 cujus,
607 654 723 697 sicut
749 668 843 697 non
871 663 937 697 est
962 654 1174 712 ponenda
1201 655 1426 714 quantitas
1464 657 1669 715 corporis
1706 656 1896 712 infinita,
1929 667 1976 702 ut
2008 658 2173 709 dicitur
2201 659 2249 702 in

291 721 423 765 tertio
447 721 582 779 Phys.
614 722 664 776 (t.
693 736 729 764 c.
758 718 828 764 60.
831 721 867 777 ),
891 722 951 764 ita
976 735 1061 764 nec
1083 731 1263 781 tempus
1286 723 1332 766 in
1360 733 1611 768 aeternum.
2131 761 2133 764 Α

379 788 555 831 Veritas
584 797 736 830 autem
764 787 1148 846 propositionum,
1171 803 1310 848 quarn
1337 799 1517 848 oportet
1544 789 1796 835 concedere
1818 767 1958 836 etiam
1979 792 2250 852 propositio-

289 868 370 898 nes
395 864 655 912 negantem,
680 869 733 896 ex
760 869 847 912 qua
875 854 1070 913 septima
1096 856 1211 900 ratio
1238 856 1533 915 procedebat,
1558 857 1696 901 habet
1721 859 2042 903 necessitatem
2076 858 2249 905 ordinis

290 923 365 979 qui
393 932 459 965 est
484 920 729 979 praedicati
751 921 807 965 ad
834 921 1114 979 subjectum;
1141 923 1261 968 unde
1287 937 1381 967 non
1409 924 1533 983 cogit
1559 923 1758 983 aliquam
1795 939 1893 970 rem
1928 939 2028 971 esse
2055 940 2262 1004 semper,

288 989 374 1032 nisi
398 988 513 1032 forte
541 988 823 1032 intellectum
849 989 1068 1045 divinum,
1100 990 1147 1034 in
1173 1004 1264 1049 quo
1289 1001 1356 1035 est
1381 991 1507 1035 radix
1533 992 1683 1035 omnis
1708 992 1925 1068 veritatis,
1951 1003 2001 1038 ut
2020 993 2067 1038 in
2093 994 2244 1054 primo

290 1057 349 1113 (c.
378 1057 464 1113 51.)
494 1066 729 1100 ostensum
756 1067 833 1102 est.

378 1124 507 1167 Patet
530 1124 667 1182 igitur
700 1124 822 1182 quod
855 1124 1054 1169 rationes
1094 1139 1147 1169 ex
1184 1125 1400 1170 creaturis
1434 1124 1645 1171 inductae
1676 1140 1771 1171 non
1803 1136 1976 1186 cogunt
2001 1127 2057 1172 ad
2087 1102 2249 1174 mundi

289 1191 603 1236 aeternitatem
635 1191 910 1250 ponendam.

976 1348 1231 1404 CAPUT
1267 1348 1560 1404 XXXVII.

327 1483 676 1524 SOLUTIONES
711 1485 1004 1525 RATIONUM
1037 1484 1370 1523 SUMPTARUM
1395 1485 1466 1523 EX
1499 1484 1674 1524 PARTE
1695 1484 1987 1525 FACTIONIS
2015 1484 2215 1526 RERUM.

374 1592 533 1637 Restat
554 1603 707 1638 autem
735 1595 974 1639 ostendere
993 1594 1115 1654 quod
1141 1609 1225 1639 nec
1245 1608 1300 1638 ex
1316 1604 1441 1653 parte
1454 1594 1767 1682 productionis
1784 1609 1939 1640 rerum
1956 1594 2107 1656 aliqua
2128 1595 2247 1643 ramo

285 1670 467 1720 sumpta
489 1675 655 1720 cogere
682 1662 824 1720 possit
847 1662 902 1706 ad
927 1662 1066 1707 idem.

376 1728 650 1773 Communis
677 1729 799 1773 enim
825 1730 1210 1789 philosophorum
1235 1731 1401 1788 positio
1434 1730 1704 1789 ponentium
1730 1745 1784 1775 ex
1814 1730 1961 1776 nihilo
1985 1730 2104 1777 nihil
2133 1730 2246 1786 fieri,

285 1809 339 1839 ex
375 1809 464 1854 qua
490 1796 635 1854 prima
667 1797 782 1841 ratio
816 1797 1106 1856 procedebat,
1137 1797 1376 1842 veritatem
1408 1797 1546 1842 habet
1577 1797 1829 1842 secundum
1853 1797 1966 1842 illud
1990 1797 2090 1842 fieri
2122 1798 2246 1857 quod

282 1862 369 1921 ipsi
395 1863 756 1909 considerabant.
777 1864 900 1916 Quia
927 1865 1049 1909 enim
1077 1864 1227 1908 omnis
1252 1873 1409 1908 nostra
1433 1865 1636 1922 cognitio
1655 1879 1680 1908 a
1707 1878 1841 1909 sensu
1863 1865 2035 1924 incipit,
2060 1865 2140 1924 qui
2159 1865 2248 1909 sin·

243 1970 267 1989 ,
283 1929 510 1987 gularium
538 1940 618 1983 est,
653 1945 677 1973 a
709 1931 1054 1989 particularibus
1082 1931 1520 1976 considerationibus
1554 1932 1609 1975 ad
1635 1931 1914 1977 universales
1940 1932 2244 1977 consideratio

283 1996 485 2040 humana
502 1996 719 2055 profecit;
746 1998 878 2052 unde,
897 1998 1171 2057 principium
1192 2011 1342 2042 rerum
1366 1999 1691 2057 perquirentes,
1713 1998 2007 2058 particulares
2022 1998 2245 2045 factiones

283 2063 456 2107 entium
481 2073 658 2108 tantum
686 2065 1103 2119 consideraverunt,
1121 2065 1397 2124 inquirentes
1421 2064 1611 2124 qualiter
1627 2065 1702 2110 vel
1717 2065 1791 2110 hic
1808 2065 1927 2124 ignis
1943 2065 2019 2111 vel
2032 2065 2109 2110 hic
2130 2065 2245 2125 lapis

281 2130 372 2174 fiat.
395 2130 452 2175 Et
471 2131 577 2176 ideo
599 2132 749 2190 primi,
776 2133 924 2190 magis
947 2133 1199 2177 extrinsece
1225 2147 1364 2191 quam
1391 2142 1623 2192 oporteret
1647 2133 1744 2177 fieri
1765 2147 1863 2178 rem
1889 2133 2244 2189 considerantes,

282 2208 531 2255 posuerunt
555 2213 655 2243 rem
680 2199 779 2244 fieri
803 2199 956 2244 solum
982 2199 1231 2244 secundum
1258 2200 1480 2259 quasdam
1508 2200 1810 2245 accidentales
1836 2200 2171 2259 dispositiones,
2196 2210 2245 2245 ut
2329 2238 2332 2243 .

281 2279 449 2319 rarum,
477 2265 668 2310 densum
695 2276 739 2311 et
763 2267 1044 2325 hujusmodi,
1072 2267 1274 2311 dicentes
1300 2281 1380 2326 per
1404 2281 1689 2326 consequens
1706 2267 1805 2311 fieri
1828 2266 1944 2311 nihil
1961 2281 2060 2312 esse
2080 2266 2246 2312 nislal-

281 2332 430 2387 terari,
448 2343 631 2391 propter
655 2333 746 2377 hoc
775 2335 895 2392 quod
916 2348 969 2378 ex
993 2344 1096 2378 ente
1114 2334 1160 2377 in
1184 2343 1286 2378 actu
1304 2334 1663 2393 unumquodque
1689 2333 1785 2378 fieri
1811 2333 2137 2393 intelligebant.
2158 2333 2246 2378 Po-

281 2400 492 2444 steriores
518 2414 644 2454 vero,
671 2401 818 2459 magis
843 2401 1085 2445 intrinsece
1102 2415 1254 2445 rerum
1270 2399 1501 2445 factionen
1525 2401 1881 2456 considerantes,
1899 2401 1956 2446 ad
1972 2400 2071 2446 fieri
2090 2414 2243 2446 rerum

281 2466 534 2512 secundum
560 2468 859 2512 substantiam
886 2477 1217 2527 processerunt,
1241 2477 1462 2527 ponentes
1489 2468 1609 2527 quod
1627 2482 1722 2512 non
1748 2477 1930 2527 oportet
1954 2467 2124 2527 aliquid
2144 2467 2243 2513 fieri

282 2548 336 2578 ex
363 2544 465 2579 ente
487 2534 535 2577 in
558 2544 660 2579 actu
683 2535 770 2578 nisi
791 2550 871 2594 per
894 2535 1123 2588 accidens,
1150 2535 1228 2579 sed
1254 2549 1334 2594 per
1358 2548 1406 2579 se
1435 2545 1619 2579 exente
1645 2535 1691 2578 in
1713 2535 1930 2592 potentia.
1957 2534 2061 2579 Hoc
2087 2544 2242 2580 autem

281 2601 392 2655 fieri,
416 2601 538 2660 quod
572 2611 639 2646 est
664 2602 778 2646 entis
811 2616 865 2646 ex
897 2601 1201 2665 qualicunque
1235 2610 1350 2655 ente,
1384 2611 1451 2645 est
1474 2600 1613 2645 factio
1647 2600 1930 2660 particularis
1962 2601 2093 2655 entis,
2118 2600 2242 2661 quod

281 2669 463 2727 quidem
490 2668 539 2713 fit
563 2669 610 2712 in
638 2679 857 2728 quantum
886 2678 953 2713 est
976 2683 1054 2713 ens
1081 2669 1186 2723 hoc,
1213 2678 1262 2712 ut
1286 2669 1432 2712 homo
1464 2668 1538 2712 vel
1570 2668 1703 2727 ignis,
1727 2682 1823 2712 non
1849 2677 2002 2712 autem
2032 2668 2081 2713 in
2105 2682 2244 2727 quan-

279 2746 377 2779 tum
405 2745 472 2780 est
497 2749 576 2780 ens
593 2735 930 2790 universaliter3
958 2750 1036 2780 ens
1056 2735 1179 2780 enim
1195 2736 1318 2794 prius
1345 2746 1439 2779 erat
1465 2736 1587 2794 quod
1612 2735 1659 2778 in
1685 2735 1775 2780 hoc
1803 2748 1882 2780 ens
1902 2743 2240 2780 transmutatur.

279 2802 553 2848 Profundius
587 2813 740 2848 autem
767 2804 823 2848 ad
850 2818 1003 2848 rerum
1036 2803 1263 2862 originem
1299 2803 1620 2861 ingredientes,
1654 2802 2059 2847 consideraverunt
2090 2801 2148 2846 ad
2178 2801 2243 2846 ul·

279 2871 445 2915 timum
471 2870 610 2915 totius
636 2871 751 2914 entis
778 2871 918 2915 creati
945 2870 998 2914 ab
1013 2885 1102 2915 una
1128 2870 1275 2929 prima
1303 2883 1439 2914 causa
1465 2870 1824 2929 processionem,
1846 2879 1895 2914 ut
1912 2884 1966 2914 ex
1990 2868 2240 2915 rationibus
2314 2887 2332 2911 ,ε

279 2938 370 2982 hoc
389 2937 728 2982 ostendentibus
745 2935 880 2996 supra
902 2937 1060 2996 positis
1082 2947 1204 2996 patet
1222 2938 1285 2994 (c,
1306 2951 1322 2981 1
1336 2950 1371 2995 ς.
1390 2946 1435 2982 et
1457 2935 1559 2994 16.).
1586 2937 1637 2980 In
1664 2938 1750 2981 hac
1778 2935 2241 2996 autemvprocesnone
2322 2974 2325 2978 Α

278 3004 417 3050 totius
444 3007 558 3050 entis
577 3019 602 3049 a
626 3005 746 3059 Deo,
778 3019 873 3049 non
900 3015 965 3049 est
992 3004 1206 3063 possibile
1232 3004 1328 3049 fieri
1355 3003 1524 3063 aliquid
1552 3018 1605 3048 ex
1631 3003 1784 3063 aliquo
1811 3003 1903 3049 alio
1928 3004 2241 3064 praejacente3
2314 2997 2332 3074 J}

279 3085 374 3116 non
401 3072 524 3116 enim
552 3081 671 3116 esset
695 3071 834 3116 totius
862 3072 975 3115 entis
999 3072 1138 3116 creati
1159 3071 1311 3116 factio.
1335 3071 1390 3116 Et
1411 3071 1529 3115 hanc
1557 3071 1742 3130 quidem
1766 3070 2018 3116 factionem
2039 3084 2134 3115 non
2145 3069 2242 3115 atti·
2317 3109 2332 3133 «a

281 3149 443 3197 gerunt
474 3139 610 3198 primi
640 3139 881 3193 naturales,
915 3153 1111 3198 quorum
1154 3148 1248 3183 erat
1290 3134 1548 3183 communis
1583 3138 1820 3192 sententia,
1854 3152 1910 3183 ex
1942 3137 2090 3183 nihilo
2125 3135 2242 3182 nihil
2308 3132 2332 3184 2⁴³5

280 3205 399 3259 fieri;
433 3205 506 3249 vel
538 3208 574 3250 si
607 3206 684 3265 qui
710 3220 813 3250 eam
846 3206 1102 3265 attigerunt,
1135 3220 1229 3250 non
1262 3205 1440 3264 proprie
1471 3219 1644 3249 nomen
1670 3205 1882 3251 factionis
1908 3205 1951 3250 ei
1975 3214 2239 3264 competere

281 3273 697 3327 consideraverunt,
730 3287 870 3332 quum
903 3287 1074 3317 nomen
1108 3272 1318 3316 factionis
1351 3282 1530 3317 motum
1563 3272 1635 3316 vel
1668 3272 1971 3317 mutationem
2009 3273 2239 3332 importet.

280 3342 331 3383 In
348 3341 434 3385 hac
459 3351 611 3385 autem
637 3341 775 3384 totius
799 3341 914 3385 entis
932 3340 1108 3398 origine
1136 3339 1188 3383 ab
1213 3353 1305 3383 uno
1328 3339 1476 3397 primo
1495 3349 1612 3393 ente,
1629 3338 1820 3399 intelligi
1838 3353 1933 3384 non
1954 3346 2106 3399 potest
2116 3347 2240 3384 tran·
2312 3331 2319 3362 ‘³

278 3408 494 3452 smutatio
522 3407 653 3452 unius
681 3407 795 3451 entis
821 3408 868 3451 in
896 3406 1031 3461 aliud,
1059 3416 1107 3451 ut
1129 3416 1364 3451 ostensum
1391 3415 1457 3450 est
1485 3407 1544 3464 (c.
1574 3406 1686 3464 17.);
1712 3415 1897 3466 propter
1921 3406 2044 3466 quod
2069 3419 2154 3453 nec
2181 3405 2237 3450 ad

278 3474 531 3519 naturalem
554 3473 883 3533 philosophum
905 3474 1097 3533 pertinet
1118 3473 1384 3533 hujusmodi
1405 3487 1557 3517 rerum
1575 3473 1802 3532 originem
1826 3472 2239 3532 considerare,'sed

280 3542 336 3586 ad
364 3540 689 3600 philosophum
713 3542 926 3601 primum,
953 3541 1031 3601 qui
1052 3540 1308 3586 considerat
1325 3554 1404 3585 ens
1432 3554 1679 3586 commune
1706 3552 1751 3585 et
1772 3554 1828 3586 ea
1852 3554 1969 3600 quae
1989 3550 2095 3585 sunt
2113 3553 2239 3599 sepa·

280 3618 375 3654 rata
403 3622 428 3653 a
456 3618 598 3654 motu.
623 3608 722 3655 Nos
748 3618 902 3654 tamen
934 3608 1016 3654 sub
1050 3607 1247 3669 quadam
1273 3606 1566 3659 similitudine
1600 3608 1737 3654 etiam
1771 3607 1828 3652 ad
1850 3605 1980 3654 illam
2000 3606 2238 3668 originem
