2332 3854
842 216 995 260 tumn
1034 215 1112 260 111.
1155 214 1274 259 exp,
1316 213 1442 258 cxx.
2005 198 2111 274 469

251 321 510 367 Praeterea:
528 321 645 367 sicut
661 321 815 366 dicum
833 331 900 366 est
915 336 1048 380 supra
1060 323 1122 380 (c.
1143 335 1158 366 1
1172 323 1274 381 19.),
1286 319 1548 379 hujusmodi
1566 318 1714 363 cultus
1728 319 1920 363 exterior
1936 320 2116 364 homini

164 390 446 434 necessarius
471 398 541 433 est
566 388 621 432 ad
638 388 728 432 hoc
755 387 876 448 quod
901 389 1053 432 anima
1074 388 1275 432 hominis
1299 388 1515 432 excitetur
1540 386 1585 430 in
1609 385 1888 444 spiritualem
1915 400 2118 430 reveren-

163 455 277 500 tiam
292 455 394 500 Dei.
420 454 493 500 Ad
518 455 608 499 hoc
627 455 778 499 autem
802 455 923 514 quod
947 456 1125 500 animus
1150 456 1351 500 hominis
1378 455 1433 499 ad
1457 454 1625 513 aliquid
1648 463 1899 508 moveatur,
1922 454 2117 497 multum

161 531 375 579 operatur
402 521 709 575 consuetudo,
734 533 844 565 narn
872 522 927 565 ad
956 532 1174 566 consueta
1200 520 1378 566 facilius
1403 531 1659 566 movemur.
1684 519 1832 564 Habet
1853 530 2004 564 autern
2029 521 2119 565 hoc

162 586 365 631 humana
393 588 689 642 consuetudo,
712 587 843 647 quod
860 587 1011 632 honor
1039 589 1114 646 qui
1151 589 1384 632 exhibetur
1417 590 1458 632 ei
1499 589 1574 647 qui
1616 600 1848 632 summum
1886 586 2041 630 locum
2074 587 2120 630 in

163 653 395 712 republica
415 664 552 709 tenet,
584 665 691 713 puta
718 655 827 713 regi,
846 654 916 698 vel
940 655 1219 713 imperatori,
1246 655 1357 699 nulli
1391 655 1467 698 alil
1494 654 1739 699 exhibetur.
1766 653 1846 698 Est
1870 653 2006 712 igitur
2031 654 2121 696 ani*

164 732 269 763 mus
287 720 493 764 hominis
514 721 776 765 excitandus
802 721 857 764 ad
884 720 975 764 hoc
1003 722 1123 779 quod
1152 722 1359 765 aestimet
1385 735 1483 765 esse
1500 734 1641 764 unum
1669 732 1799 764 suum
1827 733 1979 764 rerum
2005 719 2121 778 prin-

163 784 350 844 cipium,
388 800 471 845 per
507 786 598 831 hoc
634 787 757 846 quod
791 787 834 831 ei
861 785 1028 845 aliquid
1067 787 1276 831 exhibeat
1309 787 1429 846 quod
1461 786 1574 831 nulli
1606 786 1735 831 alteri
1768 783 2050 832 exhibeatur:
2077 796 2122 830 et

161 850 254 895 hoc
281 852 474 897 dicimus
501 852 659 897 latriae
688 853 887 897 cultum..

250 919 395 964 Item:
427 919 466 963 si
491 919 638 963 cultus
679 919 837 964 latriae
880 919 1013 964 alicui
1046 920 1246 974 debetur,
1282 921 1387 979 quia
1423 931 1490 965 est
1530 920 1750 980 superior,
1787 930 1832 965 et
1875 927 1970 965 non
2014 920 2120 979 quia

161 998 391 1039 summus,
418 1000 524 1029 cum
547 985 791 1029 hominurn
818 1000 934 1030 unus
957 986 1047 1030 alio
1075 987 1131 1031 sit
1162 988 1381 1046 superior,
1410 998 1454 1031 et
1486 987 1623 1032 etiam
1651 987 1938 1046 angelorum,
1963 998 2120 1046 seque-

161 1064 285 1100 retur
308 1052 431 1112 quod
457 1066 573 1096 unus
599 1052 742 1096 homo
770 1053 983 1097 exhibere
1024 1053 1204 1097 latriam
1247 1054 1373 1098 alteri
1398 1055 1596 1108 deberet,
1630 1064 1673 1098 et
1706 1053 1870 1112 angelo
1905 1054 2118 1112 angelus3

163 1130 211 1166 et
234 1133 341 1165 cum
374 1118 451 1163 ille
491 1119 608 1163 inter
647 1119 859 1163 homines
886 1119 962 1178 qui
995 1120 1200 1178 superior
1232 1131 1299 1165 est
1325 1130 1545 1179 quantum
1578 1120 1633 1164 ad
1669 1134 1812 1163 unum
1849 1120 1907 1164 sit
1935 1118 2120 1164 inferior

164 1187 387 1246 quantuni
410 1185 469 1229 ad
495 1185 704 1239 alterum,
737 1197 999 1244 sequeretur
1025 1186 1147 1246 quod
1180 1197 1340 1230 mutuo
1373 1187 1457 1231 sibi
1487 1186 1701 1231 homines
1733 1185 1911 1230 latriam
1944 1186 2120 1230 exhibe-

161 1263 275 1308 rent,
298 1251 423 1312 quod
442 1261 514 1296 est
538 1252 879 1296 inconveniens.

254 1317 445 1364 Adhuc:
474 1319 727 1364 secundum
762 1319 1007 1363 hominum
1040 1319 1434 1375 consuetudinem,
1452 1332 1534 1379 pro
1566 1318 1754 1378 speciali
1777 1318 2000 1363 beneficio
2025 1332 2121 1378 spe·

169 1384 296 1430 cialis
321 1385 554 1430 retributio
580 1386 779 1431 debetur.
792 1385 873 1430 Est
898 1388 1050 1430 autem
1077 1386 1308 1445 quoddam
1324 1386 1522 1445 speciale
1548 1385 1819 1430 beneficium
1837 1385 1957 1444 quod
1974 1385 2119 1429 homo

163 1465 194 1496 a
224 1451 328 1496 Deo
359 1464 543 1497 summo
575 1452 778 1511 percipit,
811 1451 985 1497 scilicet
1017 1453 1258 1497 creationis
1290 1466 1413 1497 suae.
1442 1452 1693 1497 Ostensum
1727 1460 1793 1496 est
1825 1452 1947 1496 enim
1979 1451 2025 1495 in
2057 1465 2123 1496 se-

170 1517 323 1562 cundo
356 1519 416 1575 (c.
452 1518 570 1575 21.)‚
620 1518 741 1577 quod
784 1517 907 1562 solus
939 1519 1065 1562 Deus
1098 1528 1276 1562 creator
1308 1528 1388 1562 est.
1420 1518 1568 1562 Debet
1610 1532 1720 1577 ergo
1761 1519 1906 1562 homo
1952 1517 2120 1577 aliquid

166 1584 269 1629 Deo
284 1583 493 1643 speciale
519 1583 707 1628 'reddere
733 1584 780 1627 in
800 1585 1167 1644 recognitionem
1192 1584 1401 1628 beneficii
1427 1584 1664 1643 specialis;
1693 1590 1737 1629 et
1759 1583 1850 1628 hoc
1870 1594 1938 1628 est
1961 1584 2119 1628 latriae

167 1649 329 1695 cultus.

250 1715 492 1775 Amplius:
525 1715 657 1760 latria
683 1716 916 1760 servitium
944 1716 1118 1761 dicitur.
1147 1716 1394 1762 Servitium
1421 1725 1572 1761 autem
1599 1716 1788 1761 domino
1812 1717 2012 1761 debetur.
2028 1717 2120 1762 Do-

161 1783 316 1827 minus
338 1790 579 1826 autem-est
604 1783 785 1841 proprie
803 1792 855 1826 -et
881 1783 987 1827 vere
1009 1784 1086 1842 qui
1112 1782 1211 1827 aliis
1237 1792 1479 1842 praecepta
1513 1783 1732 1843 operandi
1757 1783 1999 1842 dispensat,
2023 1793 2068 1827 et
2093 1796 2119 1826 a

165 1848 303 1894 bullo>
320 1849 527 1909 regulam
555 1850 772 1908 operandi
800 1851 959 1894 sumit:
994 1851 1070 1909 qui
1097 1850 1219 1894 enim
1245 1851 1502 1909 exsequitur
1534 1850 1654 1909 quod
1687 1864 1712 1893 a
1743 1849 1965 1908 superiori
1989 1849 2122 1893 fuerit

166 1916 450 1975 dispositum,
477 1916 623 1975 magis
657 1926 722 1960 est
755 1917 958 1960 minister
984 1931 1121 1976 quam
1148 1917 1383 1971 dominus;
1420 1917 1546 1960 Deus
1589 1927 1755 1972 autem,
1797 1917 1872 1976 qui
1905 1926 1972 1961 est
2002 1930 2121 1961 sum-

158 1996 293 2026 mum
317 1985 471 2026 'rerum
495 1982 784 2042 principium,
809 1997 890 2042 per
914 1997 1044 2026 suam
1076 1983 1410 2042 providentiam
1443 1984 1600 2027 omnia
1634 1985 1689 2027 ad
1717 1984 1888 2027 debitas
1915 1983 2118 2028 actiones

162 2049 378 2107 disponit,
414 2059 463 2094 ut
496 2063 631 2107 supra
653 2050 714 2107 (e.
741 2048 833 2105 64.)
858 2059 1091 2094 ostensum
1118 2062 1206 2094 est:
1241 2050 1359 2094 unde
1393 2061 1436 2094 et
1469 2051 1512 2094 in
1545 2064 1671 2094 sacra
1699 2050 1944 2109 Scriptura,
1977 2060 2022 2094 et
2046 2064 2120 2093 an-

168 2116 279 2174 geli,
301 2125 347 2160 et
378 2116 610 2175 superiora
651 2129 846 2174 corpora
878 2116 1133 2161 ministrare
1167 2117 1376 2161 dicuntur
1402 2127 1445 2160 et
1471 2117 1589 2170 Deo,
1624 2117 1750 2174 cujus
1784 2117 2118 2160 ordinationem

164 2189 483 2241 exsequuntur,
500 2192 544 2226 et
567 2182 714 2236 nobis,
737 2182 783 2226 in
816 2196 1010 2240 quorum
1034 2183 1274 2227 utilitatem
1302 2183 1504 2227 actiones
1522 2197 1682 2227 eorum
1699 2184 1984 2241 proveniunt.
2011 2183 2118 2227 Non

157 2258 233 2294 nst
253 2249 388 2308 igitur
409 2248 556 2293 cultus
581 2248 753 2303 latriae,
780 2249 859 2308 qui
879 2263 1061 2294 summo
1085 2250 1272 2294 debetur
1288 2250 1493 2304 domino,
1520 2250 1815 2304 exhibendus,
1831 2249 1918 2293 nisi
1934 2263 2117 2301 summo

158 2326 331 2368 nrum
340 2323 576 2383 principio.

251 2389 389 2435 Item:
415 2390 532 2434 inter
558 2389 645 2433 alia
672 2404 787 2449 quae
815 2389 870 2433 ad
896 2389 1077 2435 latriam
1099 2391 1337 2448 pertinent,
1371 2390 1597 2449 singulare
1623 2390 1802 2435 videtur
1828 2404 1924 2435 esse
1951 2389 2119 2435 sacrifi-

162 2455 310 2501 cium:
350 2469 459 2500 nam
500 2455 854 2515 genuflexiones,
881 2458 1220 2516 prostrationes,
1255 2467 1299 2501 et
1325 2457 1413 2501 alia
1438 2457 1702 2516 hujusmodi
1733 2449 1922 2502 honoris
1949 2457 2118 2502 indicia

164 2522 304 2568 etlam
351 2522 614 2567 hominibus
654 2523 854 2568 exhiberi
889 2535 1093 2582 possunt,
1130 2524 1236 2569 licet
1283 2524 1371 2568 alia
1411 2525 1664 2569 intentione
1711 2539 1848 2584 quam
1879 2525 2004 2569 Deo:
2052 2539 2120 2569 sa-

166 2588 387 2635 crificium
423 2599 577 2635 autem
615 2588 767 2634 nullus
808 2589 1094 2635 offerendum
1141 2591 1315 2635 censuit
1347 2590 1508 2645 alicui,
1550 2591 1636 2634 nisi
1677 2591 1781 2649 quia
1813 2604 1920 2635 eum
1965 2591 2117 2635 Deum

170 2656 439 2709 aestimavit,
467 2666 544 2700 aut
569 2656 807 2700 aestimare
836 2670 883 2700 se
909 2656 1048 2700 finxit.
1075 2656 1280 2701 Exterius
1321 2667 1473 2700 autem
1515 2657 1786 2701 sacrificium
1817 2666 2120 2715 repraesenta-

165 2719 309 2766 tivum
333 2731 402 2766 est
440 2722 665 2766 interioris
693 2722 791 2766 veri
832 2722 1055 2776 sacrificii,
1089 2723 1339 2767 secundum
1378 2722 1500 2781 quod
1535 2737 1664 2767 mens
1695 2716 1897 2766 humana
1923 2723 2118 2782 seipsam

166 2787 271 2831 Deo
296 2785 450 2841 offert-3
477 2785 611 2832 offert
636 2798 788 2831 autem
814 2801 862 2832 se
884 2802 1013 2832 mens
1038 2798 1192 2833 nostra
1202 2789 1319 2843 Deo,
1338 2789 1467 2847 quasi
1488 2803 1595 2832 suae
1613 2789 1854 2833 creationis
1880 2789 2116 2848 principio,

166 2852 298 2912 quasi
337 2866 445 2898 suae
488 2854 763 2913 operationis
800 2854 988 2909 auctori,
1030 2855 1157 2914 quasi
1183 2869 1292 2899 suae
1322 2855 1610 2899 beatitudinis
1647 2854 1749 2909 fini;
1782 2868 1898 2914 quae
1932 2855 2118 2913 quidem

168 2921 456 2964 conveniunt·
475 2919 563 2964 soli
587 2932 770 2964 summo
802 2933 952 2964 rerum
978 2921 1214 2980 principio.
1243 2921 1494 2966 Ostensum
1521 2930 1588 2964 est
1613 2921 1732 2964 enim
1756 2934 1888 2980 supra
1911 2921 2036 2979 (Lib.v
2059 2921 2115 2965 ΙΙ.

169 2999 208 3029 c.
236 2985 330 3044 87.)
362 2986 483 3045 quod
512 2987 691 3030 animae
717 2986 948 3030 rationalis
990 3001 1126 3031 causa
1160 2987 1348 3031 creatrix
1374 2986 1498 3031 solus
1523 2987 1647 3031 Deus
1670 2987 1875 3032 summus
1899 2997 1994 3032 est:
2021 2987 2117 3045 ipse

167 3050 291 3096 enim
326 3051 452 3096 solus
477 3051 760 3097 voluntatem
800 3053 1000 3097 hominis
1033 3063 1161 3112 potes
1201 3053 1419 3097 inclinare
1449 3053 1515 3108 {ad
1557 3053 1877 3112 quodcumque
1909 3053 2116 3108 voluerit,

166 3127 218 3163 ut
250 3131 384 3177 supra
425 3129 658 3163 ostensum
685 3119 753 3163 est
776 3119 838 3176 (c.
865 3119 935 3164 80.
963 3129 1007 3163 et
1032 3121 1140 3179 90.).
1176 3119 1305 3163 Patet
1337 3120 1474 3164 etiam
1507 3134 1559 3163 ex
1591 3120 1896 3178 superioribus
1921 3117 2043 3179 quod
2068 3119 2116 3164 in

168 3185 264 3242 ejus
305 3182 445 3230 solius
479 3184 705 3239 fruitione,
731 3186 891 3229 ultima
926 3186 1126 3230 hominis
1167 3187 1373 3230 consistit
1402 3185 1606 3230 felicitas.
1641 3185 1741 3229 Soli
1765 3186 1900 3244 igitur
1931 3198 2114 3230 summo

168 3252 271 3295 Deo
297 3251 440 3295 homo
467 3251 753 3305 sacrificium,
765 3261 811 3296 et
833 3251 990 3296 latriae
1017 3252 1188 3296 cultum
1216 3251 1379 3296 offerre
1397 3252 1542 3306 debet,
1568 3265 1662 3295 non
1689 3262 1841 3296 autem
1857 3251 2115 3296 substantiis

168 3317 527 3377 quibuscumque
558 3317 875 3376 spiritualibus.

260 3383 387 3428 Licet
422 3394 576 3429 autem
599 3384 763 3443 positio
775 3385 892 3443 quae
907 3385 1035 3443 ponit
1047 3385 1198 3429 Deum
1223 3397 1457 3429 summum
1483 3397 1577 3428 non
1603 3385 1702 3429 e'sse
1721 3384 1841 3427 aliud
1857 3397 1994 3442 quam
2022 3383 2116 3427 ani·-

166 3452 296 3494 niam
323 3450 495 3497 mundi.
520 3451 666 3509 magis
689 3465 713 3494 e
728 3451 916 3495 veritate
940 3452 1134 3504 recedat,
1157 3462 1204 3495 ut
1231 3462 1365 3509 supra
1392 3461 1624 3495 ostensum
1646 3461 1736 3504 est;
1763 3449 1840 3494 illa
1862 3463 1973 3495 vero
1999 3462 2114 3508 quae

169 3517 308 3575 ponit
328 3517 482 3561 Deum
508 3518 606 3561 ess'e
627 3518 901 3575 separatum,
931 3527 978 3562 et
1003 3517 1056 3561 ab
1079 3518 1179 3576 ipso
1207 3519 1419 3561 exsistere
1456 3531 1618 3560 omnes
1644 3516 1754 3560 alias
1786 3515 2116 3560 intellectuales

169 3583 454 3637 substantias,
494 3583 588 3628 sive
620 3592 862 3642 separatas,
888 3583 981 3628 sive
1008 3586 1186 3643 corpori
1225 3584 1506 3641 conjunctas,
1542 3583 1600 3628 sit
1637 3597 1770 3637 vera3
1806 3582 1920 3627 haec
1959 3592 2114 3627 tamen
