2332 3854
203 221 308 291 318
869 236 1024 274 LIBER
1063 234 1140 273 111.
1183 234 1304 273 CAP.
1345 234 1496 273 xxlv.

198 339 376 382 ratione
409 338 715 382 similitudinis
757 336 996 396 analogiae
1027 336 1404 395 principiatorum
1446 336 1501 381 ad
1544 351 1677 382 suum
1709 337 2001 397 principium3
2027 347 2073 382 et
2087 337 2180 384 sie

200 405 341 459 Deus,
369 405 447 464 qui
478 416 546 449 est
571 415 694 449 extra
723 418 880 463 genus,
914 412 1098 462 propter
1123 417 1258 447 suum
1279 403 1454 449 bonum
1487 404 1700 448 omnibus
1726 404 1859 448 rebus
1885 404 1961 448 dat
1986 417 2100 448 esse.
2163 407 2166 408 ’

290 471 356 516 Ex
389 486 480 531 quo
514 481 634 530 patet
668 471 804 530 quod,
838 479 1008 528 quanto
1042 469 1210 528 aliquid
1243 479 1310 514 est
1351 469 1632 530 perfectioris
1662 471 1838 514 virtutis
1880 480 1925 515 et
1959 470 2160 515 eminen-

198 538 286 583 tius
319 539 365 582 in
399 540 539 598 gradu
572 538 798 590 bonitatis,
831 545 960 580 tanto
994 538 1242 595 appetitum
1267 536 1378 580 boni
1392 538 1770 582 communiorem
1785 537 1924 581 habet
1943 547 1989 582 et
2012 537 2164 597 magis

199 605 246 649 in
279 606 545 649 distantibus
579 619 603 647 a
637 618 683 647 se
714 604 888 647 bonum
922 604 1098 662 quaerit
1130 613 1175 647 et
1206 613 1432 662 operatur.
1466 605 1589 648 Nam
1621 596 1888 663 imperfect‘a
1921 604 1977 648 ad
2008 602 2171 649 solum'

200 672 374 716 bonum
407 671 577 731 proprii
609 670 828 714 individui
859 671 1073 724 tendunt3
1107 669 1307 729 perfecta
1337 685 1463 724 vero,
1498 671 1552 714 ad
1584 672 1761 714 bonum
1793 670 1985 729 speciei;
2024 669 2167 731 perfe-

202 740 344 783 ctiora
376 753 502 791 vero,
537 737 592 781 ad
624 738 798 781 bonum
833 737 1036 795 generis;
1068 737 1195 781 Deus
1228 747 1396 792 autem,
1430 738 1507 796 qui
1540 747 1608 782 est
1637 737 1990 797 perfectissimus
2014 738 2063 782 in
2086 738 2166 784 bo<-

199 806 354 859 nitate,
383 806 437 848 ad
464 806 637 848 bonum
669 806 808 847 totius
832 806 960 847 entis.
984 803 1118 848 Unde
1140 818 1234 848 non
1257 804 1490 849 immerito
1516 804 1680 848 dicitur
1702 819 1728 848 a
1749 804 2020 864 quibusdam
2040 805 2164 864 quod

199 873 388 926 bonum,
421 873 467 914 in
501 881 720 930 quantum
752 870 1032 929 hujusmodi,
1065 880 1133 915 est
1165 870 1447 926 diffusivum;
1482 872 1602 931 quia,
1634 881 1805 930 quanto
1838 871 2008 931 aliquid
2043 872 2165 917 inve-

198 939 318 983 nitur
350 938 528 991 melius,
560 948 688 982 tanto
718 938 774 981 ad
806 938 1058 982 remotiora
1089 938 1339 982 bonitatem
1365 953 1495 983 suam
1514 938 1735 983 diffundit.
1758 939 1815 984 Et
1845 939 1966 998 quia,
1990 939 2166 999 inquo·-

199 1005 308 1050 libet
345 1020 526 1064 genere,
559 1005 682 1064 quod
725 1015 791 1049 est
823 1004 1220 1063 perfectissimum,
1253 1015 1321 1049 est
1364 1002 1595 1065 e'xemplar
1628 1016 1671 1050 et
1703 1020 1916 1050 mensura
1954 1007 2163 1050 omnium

201 1087 317 1131 quae
350 1083 452 1116 sunt
484 1072 604 1116 illius
638 1073 832 1131 generis,
868 1081 1050 1131 oportet
1081 1072 1203 1131 quod
1235 1072 1376 1126 Deus,
1409 1073 1487 1131 qui
1519 1082 1586 1117 est
1616 1073 1663 1116 in
1694 1073 1897 1118 bonitate
1938 1072 2166 1132 perfectis-

200 1140 343 1183 simus
381 1151 425 1183 et
467 1153 598 1183 suam
630 1140 883 1183 bonitatem
917 1138 1296 1183 communissime
1328 1138 1598 1193 diffundens,
1630 1140 1677 1182 in
1710 1153 1790 1184 sua
1833 1138 2075 1184 diffusione
2107 1140 2166 1185 sit

201 1206 432 1266 exemplar
464 1207 673 1250 omnium
699 1206 952 1250 bonitatem
980 1205 1360 1259 diffundentium;
1392 1206 1439 1249 in
1471 1215 1691 1264 quantum
1724 1206 1847 1250 enim
1879 1206 2167 1267 unumquod-

200 1289 287 1333 que
321 1274 612 1317 communius
645 1273 897 1317 bonitatem
931 1272 1140 1316 diffundit
1172 1273 1219 1315 in
1252 1271 1352 1327 alia,
1385 1272 1435 1316 fit
1467 1272 1601 1317 altior
1634 1286 1784 1318 causa.

288 1341 406 1384 Hinc
440 1340 580 1384 etiam
612 1348 735 1399 patet
766 1339 890 1398 quod
924 1339 1285 1398 unumquodque
1318 1339 1510 1383 tendens
1543 1339 1599 1383 ad
1625 1339 1716 1384 hoc
1740 1338 1863 1399 quod
1884 1339 1943 1385 sit
1967 1339 2165 1385 aliorum

201 1421 353 1461 causa,
374 1407 519 1451 tendit
534 1407 581 1450 in
608 1407 808 1450 divinam
828 1406 1188 1460 similitudinem,
1208 1415 1252 1450 et
1267 1406 1568 1450 nihilominus
1584 1406 1728 1451 tendit
1754 1407 1802 1450 in
1824 1419 1958 1451 suum
1972 1407 2163 1452 bonum.

198 1474 305 1519 Non
340 1483 408 1518 est
433 1487 543 1532 ergo
571 1473 902 1517 inconveniens
929 1473 967 1517 si
1002 1482 1156 1517 motus
1183 1487 1430 1532 corporum
1459 1473 1725 1517 coelestium
1761 1483 1806 1518 et
1831 1473 2036 1519 actiones
2065 1487 2164 1519 mo-

199 1551 352 1585 torum
377 1554 538 1584 eorum
556 1540 764 1584 dicantur
785 1554 884 1584 esse
913 1539 1168 1598 aliqualiter
1190 1550 1374 1599 propter
1394 1540 1510 1584 haec
1534 1554 1728 1600 corpora
1750 1553 1867 1599 quae
1893 1550 2168 1601 generantur

200 1619 244 1652 et
270 1616 634 1667 corrumpuntur,
662 1621 779 1666 quae
802 1617 906 1651 sunt
923 1607 986 1651 eis
1010 1607 1291 1666 indigniora3
1318 1622 1412 1651 non
1431 1608 1554 1652 enim
1577 1618 1681 1652 sunt
1706 1608 2029 1668 propter-haec
2051 1610 2170 1654 sicut

198 1685 382 1735 propter
422 1674 636 1719 ultimum
670 1674 835 1729 finem;
877 1675 971 1729 sed,
1003 1675 1292 1719 intendentes
1327 1675 1496 1719 horum
1529 1676 1892 1734 generationem,
1925 1674 2167 1721 intendunt

200 1756 334 1787 suum
364 1742 539 1786 bonum
572 1751 617 1786 et
648 1741 848 1785 divinam
882 1740 1227 1786 similitudinem
1261 1751 1499 1801 tamquam
1530 1742 1743 1786 ultimum
1768 1741 1923 1787 finem.

949 1942 1205 2000 CAPUT
1239 1943 1420 1999 XXV.

465 2080 668 2127 QUOD
725 2079 1232 2119 INTELLIGERE
1286 2078 1487 2117 DEUM
1536 2079 1663 2117 EST
1711 2078 1908 2119 FINIS

638 2162 807 2202 OMNIS
848 2160 1322 2202 INTELLECTUALIS
1364 2160 1757 2200 SUBSTANTIAE.

518 2277 571 2336 (Ι.
590 2285 706 2339 part.
734 2285 886 2338 quaest.
914 2278 1030 2323 XXI.
1057 2285 1140 2324 art.
1162 2294 1198 2338 3.
1226 2284 1264 2323 et
1288 2278 1392 2323 I-II.
1419 2283 1570 2337 quaest.
1594 2278 1630 2322 Ι.
1656 2283 1739 2323 art.
1767 2277 1842 2337 7.).

294 2407 453 2459 Quum
488 2416 640 2451 autem
674 2420 836 2451 omnes
869 2415 1118 2460 creaturae,
1152 2406 1290 2460 etiam
1321 2405 1555 2468 intellectu
1580 2415 1800 2459 carentes,
1826 2404 2091 2459 ordinentur
2114 2405 2163 2451 in

204 2475 357 2519 Deum
389 2475 505 2519 sicut
529 2474 577 2517 in
608 2473 747 2517 finem
780 2472 1009 2527 ultimum,
1043 2474 1098 2517 ad
1129 2473 1252 2517 hunc
1287 2482 1439 2517 autem
1466 2473 1606 2517 finem
1639 2472 1898 2531 pertingant
1922 2472 2096 2527 omnia,
2117 2473 2164 2519 in

203 2553 424 2601 quantum
468 2543 522 2586 de
565 2541 861 2586 similitudine
904 2542 1001 2600 ejus
1035 2541 1202 2600 aliquid
1236 2541 1520 2600 participant,
1558 2539 1890 2584 intellectuales
1935 2549 2168 2585 creaturae

207 2609 359 2668 aliquo
402 2604 660 2667 specialiori
692 2608 834 2652 modo
867 2608 923 2651 ad
955 2608 1105 2666 ipsum
1138 2610 1414 2667 pertingunt,
1447 2607 1621 2652 scilicet
1660 2621 1740 2666 per
1770 2620 1903 2651 suam
1935 2607 2167 2666 propriam

204 2677 518 2736 operationem
552 2675 850 2735 intelligendo
882 2676 1061 2734 ipsum;
1095 2675 1215 2719 unde
1248 2684 1431 2734 oportet
1470 2675 1589 2733 quod
1622 2674 1713 2718 hoc
1758 2674 1815 2718 sit
1856 2673 1958 2718 finis
1990 2673 2167 2718 intelle·

204 2744 364 2788 ctualis
398 2753 643 2797 creaturae,
676 2742 849 2787 scilicet
880 2742 1133 2801 intelligere
1165 2743 1332 2785 Deum.

294 2810 495 2855 Ultimus
530 2810 652 2854 enim
678 2810 779 2854 finis
813 2808 1050 2867 cujuslibet
1081 2809 1145 2852 rei
1179 2819 1245 2853 est
1257 2809 1411 2863 Deus,
1435 2818 1484 2852 ut
1516 2818 1750 2852 ostensum
1777 2812 1851 2852 est'
1877 2807 1937 2865 (c.
1965 2807 2068 2864 18.).
2095 2807 2166 2852 In-

202 2878 347 2922 tendit
388 2878 525 2936 igitur
555 2877 914 2936 unumquodque
948 2878 1064 2920 sicut
1104 2875 1266 2920 ultimo
1300 2876 1378 2919 fini
1411 2877 1513 2920 Deo
1548 2875 1780 2934 conjungi,
1815 2884 1987 2934 quanto
2018 2874 2168 2935 magis

204 2946 288 2990 sibi
318 2945 534 3005 possibile
567 2955 646 2989 est.
679 2945 885 2989 Vicinius
921 2954 1074 2988 autem
1102 2943 1392 3002 conjungitur
1419 2942 1588 3002 aliquid
1610 2943 1713 2986 Deo
1740 2956 1821 3001 per
1845 2941 1936 2986 hoc
1958 2941 2082 3000 quod
2108 2940 2166 2986 ad

202 3013 349 3071 ipsam
384 3013 680 3058 substantiam
716 3013 811 3070 ejus
846 3011 997 3070 aliquo
1032 3011 1173 3054 modo
1217 3011 1444 3069 pertingit,
1478 3010 1600 3068 quod
1632 3009 1682 3053 fit
1713 3009 1823 3052 dum
1865 3006 2034 3068 aliquid
2065 3009 2166 3068 quis

204 3081 445 3139 cognoscit
478 3081 532 3123 de
566 3080 717 3122 divina
750 3079 1013 3131 substantia,
1046 3091 1184 3136 quam
1218 3077 1327 3120 dum
1356 3077 1648 3135 consequitur
1681 3077 1776 3134 ejus
1809 3073 2010 3134 aliquam
2046 3074 2169 3119 simi-

202 3147 456 3191 litudinem.
493 3146 754 3191 Substantia
779 3145 915 3204 igitur
935 3143 1253 3189 intellectualis
1275 3143 1418 3188 tendit
1439 3144 1485 3187 in
1503 3143 1703 3187 divinam
1722 3141 2035 3202 cognitionem
2052 3140 2170 3187 sicut

203 3215 250 3258 in
282 3214 496 3258 ultimum
530 3214 682 3257 finem.

294 3283 434 3327 Item:
477 3282 659 3341 propria
696 3282 902 3340 operatio
936 3278 1175 3338 cujuslibet
1206 3278 1271 3322 rei
1305 3287 1372 3322 est
1402 3277 1504 3321 finis
1537 3278 1659 3335 ejus;
1693 3285 1762 3321 est
1801 3275 1924 3321 enim
1966 3275 2169 3321 secunda

203 3349 422 3408 perfectio
450 3349 612 3408 ipsius;
646 3349 765 3391 unde
792 3347 914 3406 quod
939 3347 993 3390 ad
1018 3346 1249 3405 propriam
1272 3345 1587 3402 operationem
1608 3345 1723 3387 bene
1755 3355 1804 3388 se
1829 3343 1980 3396 habet,
2003 3342 2168 3389 dicitur

202 3417 455 3460 virtuosum
490 3427 533 3459 et
564 3416 752 3459 bonum.
786 3413 1044 3471 Intelligere
1078 3423 1230 3456 autem
1264 3422 1330 3455 est
1361 3412 1544 3470 propria
1571 3411 1776 3470 operatio
1802 3409 2079 3454 substantiae
2104 3409 2169 3454 in-

202 3482 484 3527 tellectualis.
514 3483 615 3541 Ipsa
649 3482 784 3540 igitur
817 3491 883 3525 est
915 3480 1016 3524 finis
1049 3481 1157 3538 ejus.
1194 3478 1332 3530 Quod
1366 3477 1588 3536 igiturest
1609 3472 1987 3535 perfectissimum
2009 3475 2056 3520 in
2078 3475 2167 3521 hac

203 3550 484 3609 operatione,
517 3550 608 3593 hoc
641 3560 708 3593 est
740 3548 926 3592 ultimus
960 3547 1074 3600 finis,
1107 3556 1152 3591 et
1183 3546 1424 3605 praecipue
1457 3546 1502 3589 in
1537 3543 1875 3604 operationibus
1910 3554 2028 3604 quae
2071 3552 2170 3588 nou

204 3617 469 3662 ordinantur
502 3617 557 3661 ad
590 3615 740 3675 aliqua
773 3625 974 3675 operata,
1007 3614 1123 3659 sicut
1155 3621 1221 3658 est
1253 3612 1508 3671 intelligere
1541 3622 1587 3657 et
1618 3611 1798 3673 sentire.
1820 3609 1983 3674 Quum
2008 3618 2169 3656 autem«
