2332 3854
795 228 950 267 Linea
988 228 1059 267 ιν.
1101 227 1223 267 cAP.
1265 225 1431 265 xxxv.
1954 213 2058 279 619

107 326 245 373 alitum
269 329 470 387 speciem
499 339 544 373 et
570 328 707 373 aliam
732 340 957 384 naturam,
998 329 1115 374 sicut
1158 342 1278 373 nunc
1306 327 1538 387 loquimur
1563 326 1619 371 de
1645 335 1822 372 natura.
1847 326 1896 371 Si
1926 326 2063 385 igitur

106 392 316 439 divinitas
338 393 476 438 Verbi
494 395 683 444 addatur
697 395 927 440 humanae
948 407 1150 449 naturae,
1177 395 1295 440 sicut
1318 394 1479 448 forma,
1503 392 1643 438 faciet
1668 391 1804 436 aliam
1826 403 2062 447 naturam;

108 469 154 504 et
175 461 241 505 sic
260 459 469 505 Christus
485 475 580 505 non
598 463 681 506 erit
703 461 933 506 humanae
964 473 1166 515 naturae,
1183 461 1261 507 sed
1289 461 1526 518 cujusdam
1548 459 1746 514 alterius,
1763 459 1879 504 sicut
1896 473 2062 517 corpus

14 543 32 558 ³
108 526 359 571 animatum
394 537 461 571 est
487 527 668 572 alterius
700 539 887 572 naturae
920 543 1056 587 quam
1089 528 1133 571 id
1161 528 1283 587 quod
1311 538 1377 572 est
1404 540 1567 586 corpus
1593 536 1785 571 tantum.

199 593 391 637 Adhuc:
418 607 471 638 ea
509 609 624 653 quae
655 608 750 638 non
792 595 1071 638 conveniunt
1109 595 1155 638 in
1181 605 1340 638 natura
1367 607 1460 638 non
1487 603 1591 638 sunt
1611 592 1776 637 similia
1809 591 2060 638 secundum

106 659 323 717 speciem,
348 670 398 704 ut
421 660 566 705 homo
594 670 639 705 et
653 675 811 719 equus.
844 661 894 704 Si
911 672 1063 704 autem
1080 671 1240 705 natura
1269 660 1439 705 Christi
1469 661 1527 704 sit
1554 659 1811 717 composita
1837 673 1891 703 ex
1908 658 2061 703 divina

105 734 151 769 et
174 725 390 780 humana,
417 726 706 771 manifestum
734 736 801 771 est
833 727 954 785 quod
980 741 1074 770 non
1102 728 1185 771 erit
1209 737 1368 771 natura
1392 726 1565 770 Christi
1589 727 1636 769 in
1659 725 1757 770 aliis
1778 725 2057 771 hominibus.

104 791 228 850 Ergo
253 806 348 836 non
374 793 457 837 erit
487 793 648 838 similis
672 793 804 838 nobis
830 793 1081 837 secundum
1108 793 1333 851 speciem3
1362 792 1483 851 quod
1516 803 1584 837 est
1606 802 1764 837 contra
1783 791 2061 851 Apostolum

104 857 334 902 dicentem
361 859 520 917 (Hebr.
552 860 607 903 II.
635 859 724 918 17.)
751 859 871 918 quod
906 859 1045 904 debuit
1065 867 1144 919 per
1170 862 1312 903 omnia
1335 860 1550 918 fratribus
1581 859 1822 904 assimilari.

191 923 454 969 Praeterea:
489 939 541 970 ex
567 925 715 970 forma
756 936 802 970 et
844 926 1032 969 materia
1066 939 1246 983 semper
1279 926 1566 970 constituitur
1592 940 1683 970 una
1718 925 1907 984 species»,
1939 937 2056 983 quae

59 1001 64 1008 “
100 1001 168 1036 est
183 992 496 1050 praedicabilis
513 993 568 1037 de
585 992 786 1052 pluribus
820 1003 938 1045 actu,
955 992 1029 1036 vel
1047 994 1263 1051 potentia,
1281 1002 1501 1050 quantum
1521 1002 1589 1036 est
1605 992 1661 1036 de
1679 992 1855 1036 ratione
1872 991 2056 1049 speciei.

102 1056 153 1102 Si
166 1058 305 1117 igitur
321 1059 548 1103 humanae
565 1070 752 1104 naturae
771 1059 921 1103 divina
939 1069 1099 1102 natura
1117 1061 1243 1117 quasi
1267 1057 1417 1102 forma
1444 1059 1669 1112 adveniat,
1686 1058 1914 1117 oportebit
1935 1058 2059 1116 quod

102 1136 159 1168 cx
191 1125 518 1170 commixtione
550 1126 779 1185 utriusque
805 1126 1031 1184 quaedam
1064 1125 1325 1169 communis
1352 1125 1527 1184 species
1569 1125 1767 1178 resultet,
1795 1138 1912 1183 quae
1944 1125 2001 1169 sit
2033 1138 2058 1167 a

103 1191 258 1236 multis
284 1192 630 1252 participabilis3
663 1193 784 1252 quod
826 1203 949 1251 patet
975 1206 1072 1236 esse
1098 1191 1289 1245 falsum3
1315 1205 1409 1235 non
1443 1191 1565 1236 enim
1593 1201 1660 1236 est
1685 1191 1772 1236 nisi
1798 1205 1913 1235 unus
1929 1190 2059 1248 Jesus

103 1256 328 1312 Christus,
349 1259 475 1303 Deus
501 1269 549 1304 et
572 1260 732 1304 homo.
774 1259 881 1303 Non
921 1259 1059 1317 igitur
1100 1258 1254 1302 divina
1294 1268 1338 1302 et
1363 1258 1565 1301 humana
1597 1267 1758 1302 natura
1791 1259 1837 1302 in
1870 1257 2058 1302 Christo

102 1324 434 1369 constituerunt
458 1340 597 1370 unam
621 1335 846 1370 naturam.

190 1391 427 1451 Amplius:
453 1392 544 1436 hoc
562 1394 699 1436 etiam
721 1391 899 1436 videtur
924 1406 949 1436 a
966 1391 1054 1436 fide
1073 1390 1273 1435 alienum
1301 1404 1399 1434 esse
1418 1390 1540 1449 quod
1562 1390 1793 1449 Eutyches
1812 1390 1935 1444 dixit,
1955 1399 2058 1434 ante

99 1458 321 1502 unionem
361 1458 408 1501 in
450 1458 636 1503 Christo
677 1458 814 1502 fuisse
847 1458 958 1503 duas
990 1467 1187 1502 naturas.
1225 1456 1384 1509 Quum
1417 1458 1541 1501 enim
1572 1457 1776 1500 humana
1807 1466 1971 1500 natura
2002 1471 2057 1501 ex

100 1523 253 1568 anima
275 1533 320 1568 et
340 1538 534 1584 corpore
561 1525 874 1578 constituatur,
892 1525 1094 1583 sequitur
1110 1524 1232 1582 quod
1249 1523 1323 1567 vel
1341 1524 1494 1567 anima
1516 1523 1589 1567 vel
1611 1537 1776 1583 corpus
1794 1532 1871 1567 aut
1892 1533 2060 1568 utrum·

10 1575 26 1643 ⁷ss
94 1603 187 1649 que
203 1601 306 1636 ante
335 1589 508 1635 Christi
531 1591 893 1635 incarnationem
925 1590 1080 1645 fuerit3
1108 1590 1230 1649 quod
1247 1605 1327 1649 per
1343 1590 1601 1649 supradicta
1618 1600 1740 1650 patet
1756 1603 1857 1635 esse
1874 1589 2055 1634 falsum.

21 1655 67 1689 7¹st
100 1655 183 1701 Est
203 1657 341 1716 igitur
369 1657 478 1702 fidei
494 1658 772 1702 contrarium
806 1659 956 1703 dicere
982 1657 1119 1717 quod,
1145 1668 1248 1703 ante
1275 1658 1510 1711 unionem,
1542 1656 1709 1702 fuerint
1730 1657 1846 1701 duae
1867 1666 2056 1701 naturae

23 1735 27 1754 ³
100 1722 288 1779 Christi,
320 1733 378 1779 et,
403 1734 508 1784 post
538 1726 774 1779 unionem,
800 1739 905 1769 una.

797 1880 1052 1939 CAPUT
1094 1878 1360 1935 XXXVI.

360 2040 361 2045 ,
572 2006 647 2044 DE
685 2007 897 2046 ERRORE
936 2007 1162 2046 MACARII
1203 2005 1571 2057 ANTIOCHENI,

295 2078 567 2119 PONENTIS
599 2080 756 2119 UNAM
795 2081 1030 2122 TANTUM
1067 2081 1452 2120 VOLUNTATEM
1492 2081 1549 2120 IN
1582 2078 1841 2119 CHRISTO.

21 2220 30 2248 ,χ
182 2186 295 2232 Fere
321 2197 477 2233 autem
501 2188 550 2232 in
575 2188 699 2233 idem
725 2189 871 2235 redire
897 2189 1076 2234 videtur
1102 2199 1148 2234 et
1169 2189 1361 2235 Macarii
1387 2188 1668 2234 Antiocheni
1704 2188 1872 2247 positio
1904 2189 2054 2247 (sexto

94 2251 204 2312 Syn.
231 2252 472 2300 Constant.
490 2264 576 2300 act.
608 2256 687 2313 8.),
714 2256 905 2301 dicentis
930 2257 977 2301 in
1005 2256 1193 2302 Christo
1227 2271 1325 2302 esse
1357 2270 1498 2301 unam
1524 2266 1702 2300 tantum
1736 2255 2053 2314 operationem

17 2318 29 2371 ³23
94 2328 142 2364 et
164 2319 464 2366 voluntatem.

14 2388 21 2451 j
111 2404 114 2410 ·
140 2423 144 2427 .
167 2385 436 2444 :cujuslibet
466 2388 590 2433 enim
615 2399 803 2434 naturae
836 2399 905 2435 est
925 2389 1075 2450 aliqua
1102 2390 1305 2450 operatio
1327 2389 1534 2449 propria;
1556 2403 1665 2433 nam
1687 2388 1835 2433 forma
1857 2399 1924 2434 est
1946 2402 2053 2448 ope-

0 2471 21 2508 ,3³5
91 2451 280 2497 rationis
314 2453 602 2514 principium,
634 2456 887 2500 secundum
919 2471 1057 2515 quam
1102 2470 1401 2516 unaquaeque
1442 2466 1604 2500 natura
1641 2455 1779 2500 habet
1820 2456 2052 2515 propriam

91 2519 317 2578 speciem3
347 2521 468 2566 unde
500 2531 679 2580 oportet
700 2522 838 2582 quod,
871 2523 988 2568 sicut
1017 2524 1298 2568 diversarum
1320 2533 1585 2568 naturarum
1612 2533 1716 2567 sunt
1741 2522 1946 2567 diversae
1966 2522 2053 2567 for-

93 2598 213 2639 mae,
244 2585 308 2631 ita
331 2586 420 2631 sint
451 2597 495 2632 et
520 2588 725 2633 diversae
758 2589 975 2634 actiones.
1000 2590 1051 2634 Si
1074 2589 1211 2648 igitur
1231 2590 1279 2633 in
1302 2589 1487 2635 Christo
1520 2590 1577 2634 sit
1598 2603 1688 2633 una
1713 2598 1891 2633 tantum
1914 2589 2050 2643 actio,

92 2651 295 2711 sequitur
318 2654 441 2712 quod
466 2654 513 2698 in
545 2668 602 2699 eo
634 2656 692 2699 sit
716 2669 806 2699 una
836 2665 1015 2700 tantum
1040 2667 1225 2710 natura3
1252 2656 1374 2715 quod
1401 2666 1469 2700 est
1499 2656 1811 2714 Eutychianae
1833 2655 2049 2700 haeresis.

17 2731 24 2750 ‘2
91 2716 376 2778 Relinquitur
400 2720 536 2779 igitur
560 2720 726 2765 falsum
753 2736 852 2766 esse
884 2722 1004 2781 quod
1037 2723 1084 2766 in
1108 2722 1293 2767 Christo
1320 2722 1376 2767 sit
1402 2736 1492 2766 una
1517 2732 1695 2766 tantum
1722 2721 1942 2780 operatio.

9 2825 25 2848 ,d
180 2784 320 2830 Item:
353 2786 399 2830 in
434 2787 618 2831 Christo
651 2798 717 2832 est
749 2788 899 2832 divina
930 2799 1092 2833 natura
1123 2788 1336 2848 perfecta,
1399 2803 1447 2832 er
1482 2802 1620 2847 quam
1653 2787 2050 2832 consubstantialis

91 2861 160 2895 est
190 2851 328 2906 Patri,
355 2863 399 2897 et
430 2853 632 2897 humana
664 2864 824 2898 natura
850 2854 1062 2913 perfecta,
1089 2796 1505 2965 secundunffiuam
1533 2865 1599 2899 est
1625 2855 1756 2899 unius
1782 2855 1951 2914 speciei
1971 2868 2050 2899 no-

89 2916 283 2963 biscum.
309 2919 400 2964 Sed
427 2920 482 2964 de
504 2920 782 2979 perfectione
804 2921 983 2966 divinae
1009 2932 1197 2966 naturae
1219 2932 1287 2966 est
1370 2921 1591 2966 luntatem
1617 2922 1800 2975 habere,
1827 2931 1876 2965 ut
1901 2931 2050 2966 osten-

28 2985 38 3008 s
90 2997 194 3030 sum
226 2996 294 3031 est
324 2986 370 3031 in
396 2987 545 3046 primo
578 2989 638 3046 (c.
667 2988 784 3046 72.);
817 2988 1023 3032 similiter
1049 2988 1187 3033 etiam
1219 2989 1275 3032 de
1300 2988 1577 3047 perfectione
1603 2988 1834 3032 humanae
1859 2998 2048 3033 naturae

15 3093 24 3098 Α,
90 3059 160 3095 est
184 3052 305 3110 quod
321 3037 801 3109 habeatss'oluntatem,
828 3069 907 3113 per
933 3069 1070 3114 quam
1090 3065 1157 3099 est
1178 3055 1322 3099 homo
1345 3054 1473 3099 liberi
1496 3054 1677 3099 arbitrii.
1698 3052 1896 3113 Oportet
1911 3054 2049 3113 igitur

19 3157 37 3179 Ι,
90 3115 140 3161 in
161 3117 348 3165 Christo
375 3133 474 3165 esse
499 3120 611 3165 duas
637 3121 910 3166 voluntates.
1848 3125 1852 3130 ’

131 3188 135 3192 ”
167 3184 373 3230 Adhuc:
410 3186 621 3231 voluntas
648 3197 715 3232 est
740 3201 830 3231 una
855 3202 957 3246 pars
989 3187 1248 3246 potentialis
1275 3187 1455 3231 animae
1481 3187 1725 3241 humanae,
1757 3186 1876 3231 sicut
1896 3197 1940 3231 et
1971 3187 2049 3231 in-

29 3268 39 3279 -
88 3248 322 3296 tellectus,
344 3251 393 3296 Si
418 3253 554 3312 igitur
578 3253 624 3297 in
645 3253 828 3299 Christo
845 3268 940 3298 non
958 3253 1040 3298 fuit
1058 3253 1143 3298 alia
1166 3254 1377 3298 voluntas
1395 3265 1571 3313 praeter
1587 3253 1870 3298 voluntatem
1892 3253 2047 3308 Verbi,

89 3315 187 3374 pari
212 3317 388 3363 ratione
414 3331 499 3363 nec
532 3317 617 3364 fuit
645 3319 693 3363 in
719 3333 776 3365 eo
800 3319 1057 3365 intellectus
1084 3330 1261 3379 praeter
1285 3319 1568 3365 intellectum
1601 3319 1766 3375 Verbi;
1803 3330 1848 3364 et
1882 3320 1946 3364 sic
1982 3333 2047 3364 re-

12 3383 29 3438 'j
91 3381 203 3427 dibit
227 3383 395 3441 positio
417 3383 712 3442 Apollinaris.

19 3486 33 3515 ,ζ
177 3448 412 3509 Amplius:
449 3450 488 3496 si
517 3451 564 3495 in
602 3450 788 3496 Christo
824 3451 908 3497 fuit
937 3463 1114 3497 tantum
1152 3466 1242 3497 una
1274 3452 1500 3506 voluntas,
1533 3462 1716 3511 oportet
1749 3452 1872 3512 quod
1908 3452 1955 3496 in
1988 3465 2046 3497 eo

88 3512 222 3559 fuerit
242 3514 394 3560 solum
421 3515 631 3562 voluntas
657 3517 833 3572 divina;
858 3532 952 3563 non
974 3520 1096 3563 enim
1118 3518 1322 3564 Verbum
1353 3519 1636 3565 voluntatem
1663 3520 1879 3574 divinam,
1905 3532 2045 3579 quam

19 3594 38 3647 j
90 3580 145 3624 ab
179 3591 363 3628 aeterno
387 3583 558 3637 habuit,
586 3584 792 3630 amittere
818 3585 976 3644 potuit.
1010 3585 1083 3630 Ad
1115 3586 1401 3632 voluntatem
1423 3597 1576 3632 autem
1602 3587 1803 3631 divinam
1828 3601 1923 3633 non
1949 3599 2046 3645 per·
