2332 3854
2 2670 31 2705 f
0 2564 23 2649 ‘'Wssfi.
4 2538 19 2557 Ἴ,

22 2899 26 2906 .
4 2713 30 2851 2‘1‘1'55523

778 233 934 274 mnan
971 233 1050 276 111.
1089 233 1212 273 CAP.
1250 231 1400 272 xxlv.
1967 231 2073 286 317

118 335 281 394 smalh
312 336 513 396 sequitur
536 348 648 394 ergo
675 335 798 395 quod
823 335 882 380 sit
906 335 1023 381 sicut
1053 335 1408 380 instrumentum
1430 331 1754 378 intellectualis
1786 331 2075 378 substantiae.

117 404 235 450 Sunt
264 405 400 464 igitur
424 403 600 449 formae
633 413 679 448 et
704 414 856 448 motus
887 403 1154 448 inferiorum
1178 415 1425 462 corporum
1451 414 1478 445 a
1506 399 1755 445 substantia
1779 398 2076 444 intellectuali

118 482 330 517 causatae
356 481 399 516 et
429 471 628 516 intentae
653 471 769 515 sicut
801 484 827 514 a
858 470 1096 528 principali
1128 478 1306 529 agente,
1338 483 1364 513 a
1396 481 1587 528 corpore
1619 481 1727 512 vero
1750 466 1939 511 coelesti
1961 467 2077 512 sicut

118 539 174 587 ab
198 538 515 583 instrumento.
552 537 751 596 Oportet
782 546 935 581 autem
961 537 1083 596 quod
1117 537 1292 595 species
1326 549 1487 581 eorum
1520 548 1636 594 quae
1670 544 1912 578 causantur
1939 543 1983 577 et
2008 533 2078 577 in·

116 605 361 650 tenduntur
393 606 447 649 ab
480 603 775 649 intellectuali
816 614 977 662 agente
1009 604 1335 663 praeexsistant
1356 604 1403 647 in
1422 601 1656 647 intellectu
1678 601 1832 661 ipsius,
1855 602 1972 644 sicut
1992 599 2080 644 for-

118 686 222 717 mae
249 671 589 716 artificiatorum
615 672 941 730 praeexsistunt
966 671 1012 714 in
1043 670 1280 715 intellectu
1323 669 1519 722 artificis,
1553 678 1596 713 et
1629 682 1683 712 ex
1725 668 1790 712 eis
1821 668 2080 712 deriventur

117 738 166 783 in
196 737 397 783 effectus.
433 738 610 783 Omnes
641 737 777 796 igitur
802 740 979 781 formae
1006 751 1123 796 quae
1155 746 1262 781 sunt
1286 737 1333 780 in
1375 736 1471 780 istis
1511 734 1798 780 inferioribus
1840 744 1886 779 et
1917 747 2079 779 omnes

118 814 271 850 motus
300 804 658 849 determinantur
685 818 710 847 a
726 803 885 848 formis
902 803 1298 857 intellectualibus,
1316 817 1430 861 quae
1449 813 1554 847 sunt
1570 804 1614 846 in
1638 801 1871 847 intellectu
1889 801 2079 859 alicujus

118 870 394 917 substantiae
432 870 508 915 vel
538 870 805 930 aliquarum.
839 870 895 915 Et
931 879 1114 929 propter
1147 871 1237 915 hoc
1272 870 1381 914 dicit
1414 869 1599 914 Boetius
1630 869 1724 927 (De
1752 867 1914 913 Trinit.
1938 882 1975 913 c.
2000 868 2079 926 2.),

119 937 242 997 quod
266 936 443 982 formae
470 952 585 996 quae
608 946 710 981 sunt
734 937 781 980 in
804 937 993 981 materia
1010 947 1233 981 venerunt
1259 952 1284 980 a
1309 936 1468 980 formis
1492 950 1607 995 quae
1624 944 1729 980 sunt
1745 935 1842 980 sine
1865 935 2079 988 materia3

120 1014 166 1050 et
185 1013 405 1064 quantum
432 1004 487 1048 ad
513 1004 619 1058 hoc,
644 1003 904 1048 verificatur
927 1004 1100 1048 dictum
1126 1004 1345 1057 Platonis,
1373 1003 1495 1062 quod
1521 1002 1698 1048 formae
1721 1013 1955 1062 separatae
1977 1011 2082 1049 sunt

39 1093 44 1100 ·
119 1071 339 1131 principia
363 1070 612 1115 formarum
642 1085 758 1130 quae
785 1080 888 1115 sunt
913 1071 958 1114 in
985 1071 1189 1125 materia,
1216 1070 1322 1115 licet
1344 1070 1548 1130 posuerit
1569 1084 1646 1115 eas
1668 1084 1746 1129 per
1772 1085 1819 1114 se
1841 1070 2082 1115 subsisten-

119 1148 189 1184 tes
214 1148 259 1183 et
278 1148 516 1183 causantes
538 1137 802 1182 immediate
834 1137 1006 1182 formas
1039 1138 1343 1192 sensibilium3
1366 1151 1451 1182 nos
1472 1151 1582 1181 vero
1615 1137 1830 1196 ponimus
1852 1151 1928 1182 eas
1949 1137 1998 1181 in
2020 1137 2082 1181 in-

119 1204 303 1252 tellectu
329 1205 595 1250 exsistentes
621 1214 665 1249 et
691 1215 932 1249 causantes
953 1204 1125 1249 formas
1147 1204 1383 1249 inferiores
1409 1219 1489 1263 per
1509 1214 1689 1248 motum
1711 1203 1844 1248 coeli.

211 1271 336 1326 Quia
366 1286 477 1316 vero
509 1285 648 1316 omne
680 1271 803 1330 quod
836 1281 1046 1316 movetur
1078 1271 1132 1315 ab
1161 1271 1314 1330 aliquo
1348 1285 1427 1330 per
1453 1285 1516 1326 se,
1543 1280 1587 1315 et
1611 1284 1706 1314 non
1738 1270 1990 1316 secundum
2012 1283 2083 1315 ac—

122 1337 293 1392 cidens,
318 1337 526 1397 dirigitur
558 1338 612 1382 ab
640 1351 696 1382 eo
723 1339 768 1381 in
801 1337 941 1382 finem
966 1338 1036 1382 sui
1066 1348 1233 1393 motus,
1266 1353 1431 1396 corpus
1458 1348 1612 1383 autem
1639 1337 1837 1382 coeleste
1870 1347 2083 1383 movetur

121 1419 148 1450 a
171 1404 422 1452 substantia
453 1403 750 1449 intellectuali
776 1414 821 1449 et
846 1414 1003 1448 causat
1033 1418 1112 1463 per
1137 1404 1207 1449 sui
1233 1415 1413 1449 motum
1440 1418 1602 1449 omnes
1629 1414 1783 1449 motus
1814 1405 1862 1449 in
1887 1404 1986 1449 istis
2017 1404 2084 1449 in·

120 1470 373 1526 ferioribus,
398 1471 707 1517 necessarium
730 1480 797 1516 est
817 1471 940 1530 quod
963 1485 1128 1529 corpus
1151 1471 1350 1515 coeleste
1373 1471 1591 1530 dirigatur
1611 1471 1658 1515 in
1679 1471 1820 1516 finem
1841 1471 1912 1516 sui
1929 1480 2082 1517 motus

122 1552 202 1599 per
231 1538 531 1584 substantiam
556 1537 929 1592 intellectualem,
956 1547 1000 1582 et
1032 1551 1112 1597 per
1137 1551 1423 1597 consequens
1448 1536 1662 1582 inferiora
1689 1551 1885 1598 corpora
1909 1538 1958 1583 in
1979 1551 2082 1596 pro-

122 1605 245 1666 prios
269 1604 397 1650 fines.

212 1672 289 1717 Sic
319 1672 457 1731 igitur
481 1685 575 1715 non
602 1681 670 1716 est
694 1670 876 1716 difficile
908 1670 1061 1715 videre
1087 1670 1281 1730 qualiter
1314 1670 1538 1715 naturalia
1581 1684 1774 1731 corpora
1814 1671 2083 1730 cognitione

124 1739 323 1784 carentia
349 1748 620 1784 moveantur
641 1748 686 1783 et
716 1748 854 1797 agant
884 1747 1067 1797 propter
1098 1738 1251 1782 finem.
1295 1736 1513 1782 Tendunt
1553 1739 1675 1782 enim
1715 1738 1762 1783 in
1793 1738 1933 1782 finem
1965 1738 2084 1784 sicut

123 1807 294 1851 directa
319 1806 366 1850 in
388 1805 530 1850 finem
563 1819 588 1849 a
615 1805 863 1850 substantia
889 1804 1187 1863 intelligente,
1220 1819 1301 1863 per
1326 1804 1518 1849 modum
1545 1819 1635 1863 quo
1663 1805 1826 1863 sagitta
1851 1805 1994 1850 tendit
2027 1805 2083 1849 ad

125 1873 322 1932 signum,
348 1872 518 1916 directa
545 1886 570 1915 a
596 1872 862 1930 sagittante;
903 1872 1019 1916 sicut
1060 1871 1182 1915 enim
1215 1871 1379 1930 sagitta
1412 1872 1705 1931 consequitur
1736 1871 2083 1917 inclinationem

124 1939 181 1984 ad
206 1939 402 1999 signum,
434 1940 527 1983 sive
561 1939 616 1982 ad
648 1939 787 1983 finem
814 1939 1164 1983 determinatum
1191 1953 1245 1982 ex
1278 1938 1555 1997 impulsione
1591 1940 1860 1998 sagittantis,
1896 1942 1958 1984 ita
1990 1949 2087 1984 cor-

125 2020 238 2066 pora
262 2005 485 2050 naturalia
509 2015 847 2064 consequuntur
872 2001 1219 2049 inclinationem
1244 2005 1291 2048 in
1316 2005 1429 2049 fines
1461 2006 1688 2050 naturales
1716 2021 1768 2051 ex
1795 2007 2085 2051 moventibus

125 2071 418 2127 naturalibus,
449 2086 505 2122 ex
530 2072 691 2131 quibus
731 2073 980 2116 sortiuntur
1013 2086 1116 2116 suas
1147 2071 1334 2126 formas,
1370 2082 1414 2117 et
1444 2073 1645 2128 virtutes,
1674 2083 1718 2118 et
1747 2083 1915 2118 motus.
1950 2074 2085 2118 Unde

127 2140 265 2184 etiam
289 2149 412 2198 patet
437 2139 559 2198 quod
586 2138 819 2198 quodlibet
846 2153 960 2198 opus
993 2148 1181 2183 naturae
1215 2148 1282 2183 est
1309 2153 1423 2199 opus
1461 2140 1738 2184 substantiae
1764 2140 2084 2199 intelligentis;

125 2220 235 2251 nam
265 2204 451 2250 effectus
478 2205 769 2264 principalius
793 2206 1046 2250 attribuitur
1067 2206 1216 2264 primo
1244 2206 1454 2249 moventi
1480 2207 1691 2265 dirigenti
1716 2207 1762 2250 in
1785 2207 1923 2251 finem
1946 2221 2086 2266 quam

124 2273 434 2318 instrumentis
461 2273 515 2317 ab
548 2286 604 2316 eo
632 2273 835 2326 directis3
863 2283 908 2316 et
939 2283 1123 2331 propter
1144 2273 1237 2317 hoc
1266 2273 1554 2331 operationes
1582 2284 1769 2318 naturae
1796 2274 2086 2319 inveniuntur

126 2339 331 2384 ordinate
357 2339 602 2398 procedere
630 2339 685 2382 ad
712 2338 865 2392 finem,
899 2339 1014 2383 sicut
1047 2341 1337 2398 operationes
1370 2340 1599 2399 sapientis.
1638 2339 1833 2384 Planum
1868 2341 2005 2400 igitur
2037 2341 2088 2386 fit

126 2406 248 2466 quod
289 2420 343 2451 ea
374 2406 513 2451 etiam
544 2420 660 2465 quae
682 2407 965 2465 ·c0gnitione
998 2415 1153 2451 carent
1184 2416 1375 2465 possunt
1407 2407 1586 2465 operari
1627 2417 1812 2465 propter
1850 2407 2006 2462 finem,
2041 2417 2085 2452 et

127 2483 337 2534 appetere
364 2473 535 2517 bonum
560 2473 755 2517 naturali
786 2475 1000 2532 appetitu,
1023 2483 1068 2518 et
1089 2482 1300 2532 appetere
1323 2474 1524 2517 divinam
1551 2473 1897 2518 similitudinem
1922 2485 1967 2518 et
1988 2488 2089 2534 pro-

127 2541 273 2599 priam
297 2539 638 2600 perfectionem.
668 2540 774 2586 Non
800 2550 869 2585 est
900 2550 1053 2585 autem
1079 2539 1346 2595 differentia,
1373 2540 1468 2584 sive
1499 2541 1606 2594 hoc,
1633 2541 1728 2585 sive
1754 2540 1865 2585 illud
1897 2541 2087 2587 dicatur.

126 2607 249 2653 Nam
274 2621 354 2666 per
373 2606 463 2651 hoc
485 2607 676 2651 tendunt
695 2606 742 2651 in
763 2620 893 2651 suam
918 2606 1245 2666 perfectionem
1277 2607 1400 2666 quod
1428 2607 1618 2651 tendunt
1646 2607 1702 2652 ad
1730 2608 1918 2663 bonum,
1945 2623 2087 2668 quum

127 2673 485 2733 unumquodque
517 2674 564 2717 in
595 2683 772 2718 tantum
803 2673 977 2718 bonum
1003 2674 1060 2718 sit
1090 2674 1138 2717 in
1170 2684 1391 2732 quantum
1423 2683 1489 2719 est
1522 2673 1788 2732 perfectum.
1822 2675 2086 2720 Secundum

128 2755 238 2786 vero
265 2740 387 2799 quod
411 2740 555 2784 tendit
586 2740 641 2783 ad
667 2740 757 2784 hoc
785 2740 906 2799 quod
933 2741 991 2784 sit
1015 2741 1204 2794 bonum,
1230 2741 1374 2785 tendit
1404 2741 1452 2784 in
1485 2741 1688 2785 divinam
1714 2742 2087 2797 similitudinem;

129 2806 233 2851 Deo
258 2805 380 2853 enim
405 2805 678 2849 assimilatur
702 2805 870 2864 aliquid
897 2805 943 2848 in
970 2816 1191 2864 quantum
1215 2806 1390 2850 bonum
1417 2816 1507 2850 est:
1531 2807 1705 2850 bonum
1729 2816 1880 2851 autem
1902 2807 1992 2851 hoc
2013 2806 2088 2851 vel

131 2872 241 2918 illud
263 2871 530 2931 particulare
556 2872 694 2916 habet
718 2871 841 2931 quod
869 2872 925 2916 sit
951 2872 1206 2931 appetibile,
1232 2874 1277 2916 in
1304 2882 1522 2931 quantum
1548 2884 1615 2918 est
1637 2873 1886 2918 similitudo
1914 2875 2087 2933 primae

130 2939 358 2985 bonitatis.
385 2939 574 2996 Propter
599 2938 689 2983 hoc
722 2938 860 2997 igitur
889 2939 1032 2983 tendit
1063 2939 1109 2982 in
1142 2940 1378 2998 proprium
1409 2941 1599 2994 bonum,
1636 2941 1742 2999 quia
1767 2941 1912 2986 tendit
1942 2941 1990 2985 in
2027 2941 2090 2985 di-

130 3006 285 3051 vinam
310 3004 668 3059 similitudinem,
694 3014 739 3049 et
768 3019 862 3049 non
889 3019 914 3050 e
947 3019 1183 3050 converso.
1213 3005 1346 3050 Unde
1374 3016 1497 3065 patet
1527 3007 1650 3067 quod
1683 3009 1839 3052 omnia
1871 3017 2090 3067 appetunt

131 3073 330 3118 divinam
355 3071 698 3117 similitudinem
725 3071 853 3131 quasi
884 3071 1096 3117 ultimum
1122 3072 1275 3117 finem.

221 3140 401 3185 Bonum
428 3148 579 3183 autern
606 3152 739 3182 suum
773 3138 1012 3198 cujuslibet
1037 3139 1102 3184 rei
1128 3148 1278 3198 potest
1310 3140 1456 3198 accipi
1492 3139 1814 3200 multipliciter.
1855 3141 1963 3186 Uno
1996 3142 2091 3201 qui-

132 3208 236 3252 dem
263 3206 419 3259 modo,
446 3206 695 3250 secundum
723 3206 844 3265 quod
876 3217 943 3251 est
975 3208 1069 3265 ejus
1097 3206 1345 3264 proprium,
1372 3207 1547 3251 ratione
1580 3208 1825 3263 individui3
1853 3218 1898 3252 et
1928 3208 1992 3252 sic
2017 3223 2091 3268 ap-

132 3273 242 3333 petit
267 3272 436 3318 animal
469 3287 603 3317 suum
643 3273 831 3326 bonum,
873 3288 1014 3332 quum
1048 3274 1216 3332 appetit
1249 3274 1401 3318 cibum
1435 3289 1525 3333 quo
1557 3275 1604 3318 in
1638 3289 1736 3319 esse
1781 3285 2088 3319 conservatur.

133 3340 241 3386 Alio
263 3340 418 3393 modo,
445 3339 695 3384 secundum
717 3339 840 3398 quod
865 3350 933 3384 est
958 3342 1066 3399 ejus,
1090 3341 1266 3385 ratione
1294 3341 1483 3399 speciei;
1508 3352 1552 3385 et
1572 3342 1635 3386 sic
1665 3342 1834 3401 appetit
1855 3343 2088 3401 proprium

132 3407 305 3453 bonum
339 3406 524 3459 animal,
545 3406 592 3450 in
619 3416 836 3465 quantum
861 3408 1028 3467 appetit
1054 3407 1398 3466 generationem
1424 3407 1564 3467 prolis
1593 3418 1636 3453 et
1658 3410 1754 3466 ejus
1776 3410 2087 3464 nutritionem,

133 3472 208 3520 vel
231 3473 270 3518 si
295 3473 463 3532 aliquid
495 3472 616 3516 aliud
643 3483 855 3531 operetur
887 3474 942 3518 ad
970 3475 1369 3519 conservationem
1399 3474 1470 3519 vel
1499 3474 1813 3519 defensionem
1838 3476 2091 3521 individuo-

134 3553 235 3589 tum
252 3553 360 3584 suae
377 3539 556 3598 speciei.
585 3537 744 3583 Tertio
767 3554 876 3584 vero
898 3541 1055 3595 modo,
1078 3541 1252 3585 ratione
1276 3541 1477 3599 generis;
1501 3552 1545 3586 et
1569 3542 1633 3586 sic
1660 3542 1830 3601 appetit
1854 3543 2089 3602 proprium

135 3605 307 3652 bonum
332 3606 380 3651 in
412 3606 642 3651 causando
669 3620 808 3665 agens
835 3607 1151 3667 aequivocum,
1184 3607 1300 3653 sicut
1322 3607 1518 3653 coelum.
1547 3607 1726 3661 Quarto
1753 3619 1905 3655 autem
1931 3610 2090 3665 modo,
