2332 3854
309 165 376 235 58
989 182 1144 221 LIBER
1184 182 1220 220 1.
1264 182 1383 220 CAP.
1416 180 1583 220 van.

306 283 483 327 duobus
515 282 733 341 perfectio
771 282 1088 329 intellectualis
1125 283 1402 342 operationis
1434 282 1681 342 dependet:
1708 297 1852 327 unum
1889 293 1971 338 est,
2004 292 2053 327 ut
2087 282 2262 343 species

304 349 600 408 intelligibilis
627 349 825 409 perfecte
853 351 917 394 rei
948 349 1208 394 intellectae
1231 348 1566 404 conformetur3
1589 349 1710 394 aliud
1738 359 1819 404 est,
1841 359 1891 394 ut
1915 349 2112 408 perfecte
2136 349 2264 394 intel-

305 416 444 460 lectui
471 417 795 475 coniungatur:
824 417 946 475 quod
980 417 1165 475 quidem
1191 426 1318 460 tanto
1345 415 1395 460 fit
1413 415 1622 475 amplius,
1648 427 1819 476 quanto
1844 416 2104 460 intellectus
2130 417 2176 460 in
2199 416 2264 460 in-

303 483 553 541 telligendo
587 485 813 542 majorem
840 477 1092 527 efficaciam'
1118 483 1267 527 habet.
1297 484 1399 542 Ipsa
1425 493 1577 528 autem
1611 483 1763 527 divina
1799 483 2007 537 essentia,
2039 497 2156 542 quae
2196 492 2265 527 est

304 551 478 608 species
500 549 810 609 intelligibilis,
829 564 917 608 qua
935 549 1190 594 intellectus
1206 549 1382 594 divinus
1395 548 1621 608 intelligit,
1645 559 1690 594 et
1710 550 1794 609 ipsi
1811 551 1914 594 Deo
1931 549 2109 608 penitus
2125 549 2263 605 idem,

305 626 460 675 estque
484 617 733 661 intellectui
759 617 898 674 ipsius
914 616 1038 659 idem
1057 616 1262 660 omnino.
1292 616 1504 676 Seipsum
1529 617 1668 676 igitur
1691 617 1818 662 Deus
1844 616 2173 676 perfectissime
2191 630 2265 660 co·

305 684 497 742 gnoscit.

393 750 581 794 Adhuc:
609 764 679 793 res
706 749 952 793 materialis
979 749 1274 809 intelligibilis
1304 749 1494 795 efficitur
1519 764 1599 810 per
1623 750 1730 805 hoc,
1758 751 1880 810 quod
1907 765 1933 795 a
1958 749 2150 796 materia
2171 760 2216 795 et
2237 765 2263 795 a
2321 790 2324 794 .

304 817 612 861 materialibus
631 817 968 861 conditionibus
986 827 1244 876 separatur:
1271 819 1394 877 quod
1413 832 1522 877 ergo
1551 828 1619 862 est
1635 833 1715 876 per
1732 821 1798 863 sui
1821 827 2032 863 naturam
2054 818 2108 863 ab
2135 818 2263 862 omni

303 885 492 928 materia
520 894 563 927 et
589 884 801 927 omnibus
828 884 1165 929 conditionibus
1192 885 1502 929 materialibus
1534 895 1806 944 separatum,
1839 885 1931 929 hoc
1957 894 2026 930 est
2056 884 2264 943 intelligi-

302 951 391 995 bile
418 951 670 995 secundum
699 964 829 994 suam
855 960 1080 996 naturam.
1109 952 1200 996 Sed
1227 966 1366 996 omne
1393 951 1679 1010 intelligibile
1710 951 1978 1010 intelligitur
2009 951 2262 996 secundum

303 1018 425 1077 quod
453 1028 520 1061 est
546 1032 687 1061 unum
725 1027 827 1062 actu
867 1033 973 1062 cum
999 1018 1306 1077 intelligente:
1345 1019 1440 1078 ipse
1469 1029 1619 1063 autem
1653 1019 1780 1063 Deus
1806 1018 2067 1078 intelligens
2098 1028 2181 1072 est,
2214 1027 2264 1063 ut

301 1085 543 1144 probatum
572 1095 641 1129 est
659 1086 718 1142 (c.
737 1085 830 1142 44.)
847 1101 857 1138 ;
883 1085 1020 1143 igitur
1044 1100 1149 1129 cum
1169 1086 1226 1130 sit
1241 1085 1554 1130 immaterialis
1574 1087 1781 1140 omnino,
1797 1096 1841 1130 et
1857 1086 1942 1131 sibi
1957 1086 2045 1146 ipsi
2061 1086 2262 1130 maxime

301 1154 358 1197 sit
384 1152 542 1206 unum,
570 1152 768 1196 maxime
797 1166 907 1211 ergo
940 1153 1138 1212 seipsum
1157 1152 1382 1211 intelligit.

388 1220 528 1264 Item:
556 1233 610 1263 ex
634 1220 725 1263 hoc
750 1219 919 1278 aliquid
947 1230 1049 1263 actu
1071 1219 1352 1278 intelligitur,
1381 1220 1502 1279 quod
1528 1219 1783 1264 intellectus
1810 1221 1856 1264 in
1882 1230 2002 1275 actu,
2024 1229 2068 1265 et
2088 1219 2264 1267 intelle·

300 1296 425 1330 ctum
450 1286 498 1330 in
525 1297 628 1330 actu
655 1300 799 1330 unum
826 1296 943 1330 sunt.
970 1287 1166 1331 Divinus
1193 1299 1345 1331 autem
1372 1286 1629 1331 intellectus
1657 1297 1724 1331 est
1741 1301 1921 1345 semper
1935 1286 2195 1346 intelligens
2217 1289 2262 1332 in

301 1363 427 1408 actu;
449 1353 563 1397 nihil
591 1356 714 1398 enirn
737 1364 804 1399 est
828 1353 876 1398 in
901 1354 1106 1413 potentia
1133 1365 1176 1399 et
1200 1354 1520 1413 imperfectum
1547 1354 1594 1398 in
1619 1355 1723 1399 Deo
1743 1371 1752 1399 :
1781 1355 1976 1399 essentia
1998 1364 2154 1409 autem
2173 1354 2264 1399 Dei

301 1420 553 1464 secundum
580 1421 778 1479 seipsam
804 1420 1004 1480 perfecte
1035 1421 1331 1481 intelligibilis
1360 1432 1440 1476 est,
1462 1432 1511 1466 ut
1537 1437 1591 1466 ex
1618 1422 1748 1467 dictis
1770 1432 1894 1481 patet
1919 1425 1982 1476 (c.
2007 1421 2117 1480 45.).
2136 1421 2264 1467 Cum

299 1488 434 1546 igitur
466 1487 725 1532 intellectus
757 1488 935 1533 divinus
969 1499 1013 1533 et
1044 1490 1239 1533 essentia
1266 1489 1418 1533 divina
1444 1489 1533 1533 sint
1564 1504 1723 1543 unum,
1749 1500 1799 1534 ut
1829 1503 1883 1534 ex
1915 1489 2048 1535 dictis
2081 1490 2143 1547 (c-
2167 1487 2262 1547 46.)

301 1554 593 1606 manifestum
619 1566 701 1610 est,
719 1555 987 1615 relinquitur
1004 1557 1126 1616 quod
1144 1557 1270 1601 Deus
1288 1557 1489 1615 seipsum
1505 1556 1705 1616 perfecte
1726 1556 1976 1616 intelligat:
1994 1557 2122 1602 Deus
2139 1557 2263 1603 enim

300 1631 368 1666 est
394 1632 438 1666 et
463 1637 570 1667 suus
596 1622 853 1667 intellectus
881 1634 924 1668 et
949 1638 1032 1668 sua
1055 1624 1263 1668 essentia.
1635 1674 1639 1678 ,

389 1690 576 1735 Adhuc:
605 1704 743 1735 omne
771 1691 894 1750 quod
923 1701 989 1736 est
1022 1693 1068 1736 in
1102 1691 1256 1750 aliquo
1289 1706 1368 1751 per
1400 1691 1593 1736 modum
1623 1690 1972 1750 intelligibilem,
1996 1689 2264 1750 intelligitur

300 1757 354 1800 ab
383 1771 453 1801 eo.
480 1757 689 1802 Essentia
715 1768 869 1802 autern
892 1758 1044 1802 divina
1067 1769 1135 1803 est
1155 1759 1202 1802 in
1227 1759 1330 1803 Deo
1358 1773 1437 1818 per
1454 1759 1647 1803 modum
1663 1757 2145 1818 intelligibilem3nam
2164 1771 2262 1803 esse

300 1823 506 1869 naturale
524 1825 628 1879 Dei,
654 1835 699 1869 et
715 1839 813 1870 esse
836 1825 1119 1884 intelligibile
1138 1841 1280 1870 unum
1300 1836 1346 1871 et
1359 1826 1484 1870 idem
1502 1836 1619 1879 sunt,
1643 1840 1749 1870 cum
1766 1839 1866 1870 esse
1891 1839 2025 1870 suum
2047 1825 2105 1870 sit
2128 1831 2263 1871 suum

298 1891 566 1950 intelligere.
594 1893 720 1937 Deus
741 1893 877 1952 igitur
898 1893 1111 1952 intelligit
1133 1894 1379 1938 essentiam
1401 1907 1548 1947 suam,
1570 1893 1707 1952 igitur
1729 1893 1946 1952 seipsum,
1970 1906 2076 1937 cum
2092 1892 2190 1952 ipse
2206 1892 2265 1937 sit

301 1973 382 2003 sua
405 1961 614 2006 essentia.
2086 1979 2088 1981 “

388 2027 623 2085 Amplius:
652 2036 778 2072 actus
799 2027 1073 2082 intellectus,
1100 2028 1218 2072 sicut
1243 2038 1287 2073 et
1321 2027 1514 2071 aliarum
1542 2027 1723 2071 animae
1754 2026 2063 2087 potentiarum
2093 2039 2262 2072 secun-

300 2094 410 2137 dum
437 2094 615 2153 obJecta
642 2095 1004 2154 distinguuntur3
1036 2105 1164 2139 tanto
1197 2095 1334 2154 igitur
1366 2095 1451 2140 erit
1482 2093 1728 2152 perfectior
1757 2093 2016 2139 intellectus
2042 2093 2265 2154 operatio,

299 2171 470 2220 quanto
504 2162 588 2206 erit
625 2162 866 2222 perfectius
897 2161 1196 2221 intelligibile.
1232 2162 1323 2206 Sed
1356 2161 1738 2221 perfectissimum
1771 2160 2056 2220 intelligibile
2088 2170 2157 2207 est
2186 2174 2266 2207 es-

299 2229 442 2272 sentia
474 2229 642 2283 divina,
675 2244 780 2273 cum
806 2229 865 2273 sit
889 2228 1246 2288 perfectissimus
1274 2240 1401 2274 actus
1428 2238 1471 2274 et
1496 2229 1644 2287 prima
1669 2230 1861 2284 veritas;
1883 2228 2090 2288 operatio
2111 2238 2264 2274 autem

298 2295 554 2339 intellectus
581 2297 722 2340 divini
748 2308 815 2340 est
837 2297 976 2340 etiam
1002 2296 1302 2351 nobilissima,
1330 2311 1435 2340 cum
1455 2296 1511 2340 sit
1532 2296 1682 2355 ipsum
1701 2310 1799 2341 esse
1818 2296 2037 2351 divinum,
2053 2306 2103 2341 ut
2118 2305 2266 2341 osten-

299 2376 400 2405 sum
428 2373 495 2406 est
521 2364 580 2421 (c.
609 2363 717 2420 45.).
745 2364 872 2407 Deus
897 2363 1034 2422 igitur
1061 2364 1259 2422 seipsum
1287 2363 1516 2422 intelligit.

387 2429 578 2473 Adhuc:
605 2445 757 2474 rerum
790 2431 999 2474 omnium
1032 2430 1332 2488 perfectiones
1359 2432 1406 2475 in
1431 2432 1534 2475 Deo
1568 2432 1766 2476 maxime
1798 2430 2111 2477 inveniuntur.
2141 2430 2264 2475 Inter

302 2496 413 2540 alias
451 2507 605 2541 autem
638 2497 939 2555 perfectiones
971 2498 1018 2541 i'n
1049 2498 1181 2542 rebus
1221 2499 1382 2543 creatis
1413 2499 1636 2554 inventas,
1674 2499 1875 2544 maxima
1906 2508 1975 2544 est
2008 2496 2263 2557 intelligere

299 2563 467 2618 Deum,
495 2578 600 2608 cum
631 2574 790 2608 natura
822 2563 1140 2608 intellectualis
1174 2564 1271 2609 aliis
1313 2566 1637 2624 praeemineat,
1670 2568 1799 2624 cujus
1831 2564 2052 2625 perfectio
2092 2574 2162 2610 est
2195 2565 2264 2608 in-

298 2629 516 2689 telligere.
564 2631 917 2676 Nobilissimum
961 2642 1111 2676 autem
1148 2631 1434 2690 intelligibile
1460 2633 1587 2678 Deus
1614 2643 1704 2687 est3
1731 2633 1857 2677 Deus
1897 2633 2036 2692 igitur
2062 2631 2264 2677 maxime

299 2698 749 2758 seipsum-intelligit.

389 2773 490 2816 Hoc
519 2784 670 2817 autem
698 2774 849 2817 divina
876 2774 1144 2818 auctoritate
1178 2774 1492 2819 confirmatur:
1528 2774 1590 2818 ait
1620 2787 1820 2833 namque
1846 2772 2099 2832 Apostolus
2125 2773 2181 2831 (1.
2206 2771 2262 2816 ad

300 2840 505 2884 Corinth.
533 2841 590 2885 II.
621 2842 709 2898 10.)
737 2841 860 2900 quod
884 2842 1064 2900 Spiritus
1089 2843 1173 2887 Dei
1197 2848 1410 2887 scrutatur
1441 2843 1568 2886 etiam
1584 2840 1805 2902 profunda
1831 2842 1928 2886 Dei.

1006 3020 1260 3078 CAPUT
1301 3021 1562 3077 XLVIII.

416 3156 575 3203 QUOD
611 3156 751 3195 DEUS
786 3157 954 3196 PRIMO
988 3157 1058 3195 ET
1093 3158 1193 3196 PER
1226 3158 1286 3195 SE
1321 3157 1510 3195 SOLUM
1537 3155 1763 3194 SEIPSUM
1792 3154 2136 3195 COGNOSCIT.

908 3260 970 3317 (I.
1000 3267 1113 3320 part.
1149 3266 1299 3320 quaest.
1334 3260 1453 3304 XIV.
1481 3266 1563 3304 art.
1593 3260 1666 3318 5.).

387 3373 453 3416 Ex
479 3372 739 3431 praemissis
767 3382 919 3417 autem
949 3381 1134 3432 apparet
1156 3372 1278 3431 quod
1305 3372 1430 3415 Deus
1454 3371 1603 3429 primo
1632 3379 1675 3415 et
1701 3384 1781 3429 per
1806 3383 1855 3415 se
1881 3369 2032 3414 solum
2059 3368 2261 3428 seipsum

299 3441 551 3499 cognoscit.
575 3440 657 3484 Illa
682 3441 804 3484 enim
823 3439 974 3484 solum
994 3454 1063 3483 res
1082 3449 1148 3484 est
1169 3439 1316 3498 prima
1343 3448 1387 3483 et
1412 3453 1493 3498 per
1515 3452 1562 3482 se
1581 3438 1635 3482 ab
1659 3436 1893 3482 intellectu
1909 3435 2115 3495 cognita,
2133 3435 2261 3494 cujus

298 3508 448 3566 specie
474 3507 710 3566 intelligit3
729 3508 934 3566 operatio
959 3507 1080 3552 enim
1104 3506 1296 3561 formae,
1323 3520 1441 3566 quae
1466 3514 1534 3551 est
1557 3504 1837 3565 operationis
1851 3502 2141 3565 principium,
2161 3514 2262 3561 pro·

298 3574 596 3634 portionatur.
631 3575 721 3619 Sed
747 3574 792 3619 id
820 3589 909 3634 quo
937 3575 1063 3619 Deus
1088 3573 1314 3633 intelligit,
1341 3571 1456 3618 nihil
1478 3581 1543 3618 est
1570 3571 1691 3617 aliud
1714 3584 1852 3631 quam
1878 3568 2198 3626 sunessentia,
2212 3578 2263 3614 ut
2328 3623 2332 3630 ‚
