2294 3854
831 221 984 260 Lmen
1025 220 1097 259 ιν.
1139 221 1258 259 CAP.
1300 203 1467 258 Lxxu'.
2017 208 2122 276 677

169 320 343 368 latione
368 322 545 382 plenior
577 321 764 367 effectus
797 324 968 380 gratiae
1001 333 1046 367 et
1070 321 1351 367 remissionis
1378 319 1608 366 confertur
1634 321 1674 364 ei
1702 322 1775 379 qui
1802 323 1922 380 prius
1942 333 2126 382 propter

68 395 79 429 .ῑ
168 388 342 448 bonum
367 389 653 449 propositum
676 397 917 448 utrumque
943 388 1161 442 obtinuit;
1188 386 1479 432 manifestum
1498 397 1565 431 est
1590 387 1712 445 quod
1738 388 1900 432 virtute
1926 389 2121 433 clavium

169 454 376 500 minister
406 454 656 508 Ecclesiae,
689 454 983 508 absolvendo,
1015 454 1184 514 aliquid
1217 454 1271 498 de
1304 468 1452 513 poena
1483 452 1728 511 temporali
1764 454 1962 507 dimittit,
1996 456 2123 512 cuius

168 520 346 566 debitor
376 521 595 565 remansit
623 521 861 579 poenitens
878 531 982 580 post
1012 521 1360 575 contritionem;
1393 521 1448 563 ad
1475 519 1705 564 residuum
1738 534 1846 564 vero
1869 533 1949 563 sua
1976 520 2120 577 injun-

170 586 324 635 ctione
349 587 524 647 obligat
554 587 889 647 poenitentem3
923 589 1052 646 cujus
1092 587 1277 646 quidem
1310 586 1602 645 obligationis
1634 585 1843 644 impletio
1875 585 2124 630 satisfactio

169 653 348 707 dicitur,
373 668 490 713 quae
521 663 590 699 est
618 654 748 698 tertia
774 654 1079 712 poenitentiae
1107 667 1224 712 pars,
1256 667 1335 712 per
1367 666 1505 711 quam
1533 652 1678 696 homo
1715 652 1915 696 totaliter
1941 666 1967 695 a
1998 662 2123 696 reatu

167 733 346 779 poenae
361 719 589 775 liberatur,
607 721 716 765 dum
742 735 938 780 poenam
967 719 1160 765 exsolvit
1189 733 1327 778 quam
1354 718 1530 773 debuit;
1554 728 1599 763 et
1620 717 1805 763 ulterius
1826 717 2033 763 debilitas
2049 731 2125 761 na-

165 786 323 831 turalis
350 786 460 831 b'oni
485 797 680 842 curatur,
712 787 821 831 dum
853 787 998 832 homo
1041 801 1066 830 a
1106 785 1240 830 malis
1273 786 1480 840 abstinet,
1513 795 1558 829 et
1589 784 1720 828 bonis
1753 784 1986 838 assuescit,
2017 784 2122 828 Deo

166 852 376 912 spiritum
407 853 690 911 subjiciendo
722 868 801 912 per
842 853 1113 906 orationem,
1147 866 1331 896 carnem
1367 865 1477 895 vero
1509 850 1743 895 domando
1776 865 1855 910 per
1885 850 2124 910 jejunium,

166 927 217 962 ut
247 918 304 963 sit
327 919 529 978 subjecta
544 919 732 979 spiritui,
760 929 804 963 et
824 919 955 963 rebus
983 919 1277 963 exterioribus
1300 932 1381 977 per
1405 917 1802 977 eleemosynarum
1828 916 2121 975 largitionem

89 999 96 1008 ·
166 985 404 1044 proximos
423 985 509 1029 sibi
535 985 839 1044 adjungendo,
862 999 887 1028 a
904 986 1065 1044 quibus
1085 984 1168 1029 fuit
1185 995 1415 1044 separatus
1438 998 1517 1042 per
1534 983 1729 1043 culpam.
1749 983 1824 1027 Sic
1843 983 1976 1042 igitur
1998 992 2122 1041 patet

166 1051 290 1111 quod
316 1051 521 1096 minister
546 1051 777 1096 Ecclesiae
795 1052 842 1095 in
861 1066 943 1096 usu
970 1051 1168 1096 clavium
1184 1052 1403 1109 judicium
1422 1050 1652 1110 quoddam
1676 1059 1868 1095 exercet.
1894 1049 2019 1094 Nulli
2047 1063 2122 1094 au-

165 1126 269 1162 tem<
285 1118 505 1176 judicium
533 1118 832 1162 committitur
856 1118 943 1162 nisi
968 1118 1014 1161 in
1042 1117 1124 1162 sibi
1156 1117 1396 1176 subjectos.
1425 1117 1559 1161 Unde
1585 1115 1876 1161 manifestum
1903 1124 1970 1160 est
1994 1115 2118 1174 quod

166 1197 261 1229 non
281 1183 469 1244 quilibet
489 1185 702 1228 sacerdos
730 1184 977 1243 quemlibet
994 1193 1142 1242 potest
1169 1183 1402 1228 absolvere
1431 1197 1455 1227 a
1481 1193 1688 1242 peccato,
1714 1192 1762 1227 ut
1784 1182 1968 1242 quidam
1995 1195 2125 1226 men-

50 1263 60 1292 .έ
114 1306 118 1310 ⁴
165 1250 349 1306 fiuntur,
373 1250 454 1296 sed
478 1265 584 1296 eum
610 1260 787 1296 tantum
812 1251 859 1294 in
885 1265 1022 1310 quem
1050 1251 1213 1310 accipit
1239 1261 1524 1310 potestatem.

862 1426 1116 1483 CAPUT
1157 1427 1417 1482 LXXIII.

514 1550 527 1563 ‘
565 1561 635 1600 DE
676 1561 1043 1601 SACRAMENTO
1084 1560 1377 1600 EXTREMAE
1409 1559 1728 1599 uNcT1ou1S.

916 1661 1016 1719 (IV.
1032 1661 1141 1706 Sent.
1159 1661 1249 1706 dist.
1265 1661 1363 1720 23).

258 1771 382 1825 Quia
407 1786 518 1817 vero
545 1786 709 1832 corpus
735 1781 804 1816 est
832 1773 1012 1816 animae
1036 1772 1403 1825 instrumentum,
1429 1771 1781 1814 instrumentum
1805 1779 1955 1814 autem
1979 1778 2046 1813 est
2063 1768 2119 1812 ad

165 1851 299 1884 usum
323 1838 585 1898 principalis
611 1839 800 1897 agentis,
827 1852 1014 1883 necesse
1045 1848 1113 1883 est
1135 1838 1258 1896 quod
1283 1837 1384 1882 talis
1411 1837 1468 1881 sit
1499 1836 1734 1894 dispositio
1761 1835 2050 1880 instrumenti
2071 1844 2120 1878 ut

164 1913 396 1963 competat
419 1905 658 1965 principali
684 1906 859 1963 agenti:
888 1905 1006 1949 unde
1034 1914 1078 1948 et
1110 1918 1275 1962 corpus
1308 1903 1560 1962 disponitur
1586 1902 1836 1946 secundum
1864 1902 1986 1960 quod
2015 1915 2121 1945 con-

165 1972 285 2030 gruit
317 1972 508 2017 animae.
546 1972 613 2016 Ex
643 1971 904 2015 infirmitate
942 1971 1078 2029 igitur
1111 1971 1304 2023 animae,
1337 1983 1454 2028 quae
1495 1979 1563 2013 est
1594 1979 1851 2027 peccatum,
1889 1968 2119 2012 interdum

163 2037 403 2083 infirmitas
419 2037 661 2083 'derivatur
694 2039 750 2082 ad
768 2051 947 2096 corpus,
973 2037 1062 2081 hoc
1081 2037 1235 2080 divino
1261 2037 1431 2095 judicio
1459 2036 1767 2094 dispensante:
1795 2049 1911 2095 quae
1936 2034 2119 2093 quidem

165 2104 416 2164 corporalis
440 2104 680 2148 infirmitas
712 2104 937 2148 interdum
970 2103 1090 2148 utilis
1117 2112 1185 2147 est
1210 2103 1266 2146 ad
1309 2103 1489 2147 animae
1523 2102 1778 2158 sanitatem,
1811 2110 1946 2160 prout
1974 2100 2119 2147 homo

158 2170 473 2217 infirmitatem
501 2170 789 2230 corporalem
821 2170 1012 2214 sustinet
1035 2169 1282 2222 humiliter,
1310 2179 1355 2213 et
1385 2169 1619 2228 patienter,
1647 2178 1690 2212 et
1717 2169 1757 2212 ei
1789 2168 1918 2226 quasi
1945 2168 1990 2211 in
2016 2180 2122 2226 poe-

161 2250 271 2285 nam
294 2237 644 2283 satisfactoriam
671 2246 973 2296 computatur.
1007 2235 1086 2280 Est
1112 2237 1248 2280 etiam
1281 2235 1555 2293 quandoque
1586 2234 1850 2292 impeditiva
1876 2231 2120 2292 spiritualis

161 2301 335 2361 salutis,
360 2314 497 2363 prout
521 2318 575 2348 ex
591 2303 851 2347 infirmitate
879 2297 1108 2360 corporali
1124 2302 1432 2360 impediuntur
1452 2303 1651 2345 virtutes.
1673 2300 1965 2346 Conveniens
1983 2299 2120 2357 igitur

161 2368 247 2415 fuit
270 2380 319 2415 ut
345 2380 504 2416 contra
530 2381 772 2429 peccatum
808 2369 959 2428 aliqua
985 2368 1227 2428 spiritualis
1269 2368 1497 2412 medicina
1531 2367 1832 2419 adhiberetur,
1867 2366 2119 2410 secundum

161 2437 284 2496 quod
310 2451 365 2481 ex
395 2446 586 2495 peccato
619 2437 845 2481 derivatur
870 2435 1108 2479 infirmitas
1140 2435 1405 2494 corporalis,
1433 2449 1517 2493 per
1540 2448 1677 2492 quam
1705 2433 1888 2491 quidem
1915 2433 2120 2490 spiritua-

161 2503 255 2549 lem
275 2504 554 2548 medicinam
579 2513 764 2548 sanatur
789 2502 1026 2547 infirmitas
1053 2501 1303 2561 corporalis
1332 2501 1591 2560 aliquando,
1618 2514 1724 2543 cum
1750 2499 1925 2543 scilicet
1941 2498 2120 2555 expedit

163 2570 220 2616 ad
250 2569 468 2615 salutem:
501 2580 546 2614 et
571 2570 627 2614 ad
653 2570 744 2614 hoc
778 2570 1035 2614 ordinatum
1070 2579 1138 2613 est
1165 2578 1503 2612 sacramentum
1537 2577 1766 2610 extremae
1792 2564 2034 2616 unctionis,
2061 2564 2116 2608 de

162 2650 253 2696 quo
278 2636 441 2680 dicitur
465 2635 723 2694 (Jacob-V,
751 2649 816 2691 ¹4·
846 2646 890 2680 et
926 2636 1041 2693 15.):
1067 2636 1318 2690 Infirmatur
1348 2635 1438 2692 quis
1470 2635 1514 2676 in
1544 2634 1692 2677 vobis?
1727 2631 1908 2677 Inducat
1940 2631 2118 2690 presby-

163 2710 269 2749 leros
283 2703 504 2752 Ecclesiae.
522 2709 560 2748 et
585 2709 700 2747 orent
723 2710 844 2761 super
859 2717 966 2755 eum,
994 2707 1181 2759 ungentes
1202 2716 1294 2745 eum
1316 2700 1401 2744 oleo
1427 2701 1471 2743 in
1497 2700 1661 2743 nomine
1686 2699 1891 2742 Domini:
1918 2704 1956 2741 et
1980 2698 2115 2741 oratio

150 2770 254 2829 fidei
278 2766 443 2814 sanassit
459 2770 688 2818 infirmum.
704 2769 803 2813 Nec
830 2768 1106 2828 praejudicat
1131 2767 1284 2810 virtuti
1310 2765 1596 2818 sacramenti,
1615 2765 1651 2808 si
1669 2763 1913 2822 aliquando
1931 2762 2115 2816 infirmi,

160 2836 322 2896 quibus
343 2835 434 2880 hoc
460 2847 798 2880 sacramentum
832 2834 1074 2888 confertur,
1098 2847 1189 2877 non
1218 2847 1271 2876 ex
1296 2842 1395 2877 toto
1423 2832 1476 2875 ab
1504 2830 1764 2874 infirmitate
1787 2829 2014 2888 corporali
2041 2843 2097 2873 cu

161 2914 340 2958 rantur.;
371 2902 476 2962 quia
509 2904 784 2961 quandoque
817 2901 965 2945 sanari
998 2899 1294 2958 corporaliter
1320 2899 1456 2942 etiam
1489 2898 1623 2956 digne
1656 2898 1744 2940 hoc
1777 2905 2115 2940 sacramentum

161 2969 443 3017 sumentibus
475 2982 567 3013 non
601 2979 668 3013 est
701 2969 809 3012 utile
843 2968 897 3011 ad
931 2966 1209 3025 spiritualem
1242 2964 1448 3008 salutem.
1480 2964 1577 3007 Nec
1607 2974 1762 3007 tamen
1796 2961 2013 3006 inutiliter
2048 2975 2118 3005 su·

160 3048 306 3092 munt,
337 3038 545 3097 quamvis
572 3037 821 3095 corporalis
855 3037 1020 3080 sanitas
1053 3049 1145 3078 non
1172 3043 1397 3091 sequatur.
1425 3032 1545 3075 Cum
1584 3032 1706 3075 enim
1739 3030 1827 3075 hoc
1854 3042 2116 3074 sacramen-

158 3114 256 3149 tum
283 3105 347 3149 sic
381 3105 613 3148 ordinetur
646 3113 804 3147 contra
830 3102 1141 3146 infirmitatem
1169 3099 1388 3158 corporis,
1414 3099 1458 3142 in
1486 3108 1706 3156 quantumv
1739 3098 2028 3155 consequitur
2058 3109 2115 3140 ex

36 3156 38 3158 v
83 3175 86 3178 ⁴
158 3179 365 3230 peccato,
381 3169 673 3214 manifestum
692 3179 759 3213 est
776 3158 896 3226 quod
922 3178 1078 3211 contra
1099 3166 1208 3209 alias
1231 3165 1437 3223 sequelas
1458 3164 1633 3222 peccati
1658 3163 1748 3207 hoc
1775 3172 2113 3207 sacramentum

158 3237 389 3282 ordinatvr
419 3249 535 3295 quae
567 3246 670 3279 sunt
701 3235 902 3293 pronitas
935 3234 990 3277 ad
1023 3233 1213 3285 malum,
1245 3241 1287 3275 et
1319 3230 1558 3275 difficultas
1591 3230 1645 3275 ad
1678 3230 1876 3282 bonum;
1909 3239 1952 3272 et
1983 3237 2111 3273 tanto

158 3303 322 3360 magis,
347 3312 517 3361 quanto
550 3300 814 3358 hujusmodi
844 3299 1127 3343 infirmitates
1172 3298 1349 3340 animae
1391 3307 1494 3340 sunt
1534 3296 1881 3355 propinquiores
1922 3303 2111 3353 peccato

159 3382 296 3428 quam
327 3366 566 3412 infirmitas
583 3366 846 3424 corporalis.
874 3365 934 3409 Et·
955 3366 1138 3423 quidem
1164 3362 1426 3420 hujusmodi
1448 3361 1730 3407 infirmitates
1757 3360 2010 3419 spirituales
2032 3373 2111 3418 per

158 3435 485 3494 poenitentiam
511 3444 613 3478 sunt
639 3433 878 3486 curandae,
905 3442 1039 3490 prout
1064 3431 1301 3489 poenitens
1327 3443 1405 3488 per
1427 3442 1563 3487 opera
1590 3427 1779 3480 virtutis,
1807 3427 1968 3485 quibus
1987 3427 2110 3471 satis-

157 3501 368 3547 faciendo
399 3500 551 3553 utitur,
584 3514 609 3544 a
635 3499 766 3543 malis
799 3498 1052 3553 retrahitur,
1079 3508 1125 3541 et
1147 3497 1201 3540 ad
1227 3496 1400 3540 bonum
1426 3494 1679 3539 inclinatur.
1708 3493 1798 3538 Sed
1821 3493 1927 3552 quia
1947 3492 2111 3548 homo,
2146 3529 2154 3536 .

160 3568 234 3613 vel
262 3578 343 3628 per
371 3566 714 3625 negligentiam,
742 3574 818 3610 aut
843 3578 923 3623 per
954 3563 1280 3622 occupationes
1306 3562 1453 3606 varias
1479 3563 1614 3616 vitae,
1646 3569 1723 3605 aut
1754 3560 1892 3604 etiam
1929 3568 2114 3618 propter

399 3760 433 3788 Ο
