2332 3854
235 205 344 244 200
936 207 1091 246 mssER
1131 209 1188 246 11.
1231 208 1351 246 cAP.
1394 202 1502 246 mx»
1546 193 1551 198 '

324 305 508 349 Adhuc:
529 320 666 350 omne
686 303 971 366 cognoscens
989 323 1068 367 per
1084 307 1297 353 virtutem
1312 310 1674 369 cognoscitivam
1694 312 1986 370 conjungitur
1998 312 2193 371 objecto,-

236 381 279 416 et
303 387 397 416 non
424 388 447 416 e
475 387 712 427 converso,
740 375 856 418 sicut
883 385 927 418 et
953 389 1146 433 operans
1181 390 1319 420 omne
1345 391 1423 435 per
1450 379 1663 422 virtutem
1696 380 1978 437 operativam
2011 381 2198 438 coniun-

235 441 354 498 gitur
376 450 578 516 operato.
599 441 755 484 Homo
774 451 927 485 autem
955 452 1022 485 est
1039 441 1299 501 intelligens
1323 456 1403 502 per
1429 443 1710 488 intellectum
1737 445 1854 489 sicut
1878 459 1958 504 per
1981 445 2195 491 virtutem

236 507 612 564 cognoscitivam.
631 507 736 550 Non
763 507 898 565 igitur
926 509 1217 567 conjungitur
1242 523 1322 568 per
1347 508 1545 554 formam
1570 511 1904 570 intelligibilem
1930 511 2191 566 intellectui,

235 574 313 617 sed
341 574 486 631 magis
513 587 591 631 per
616 573 898 617 intellectum
924 574 1233 633 intelligibilis.
2205 625 2209 630 ,

324 640 559 717 Amplius.
587 640 630 682 id
659 654 749 697 quo
778 639 948 698 aliquid
976 651 1190 700 operatur
1220 653 1402 701 oportet
1434 657 1534 689 esse
1560 624 1757 688 formam
1786 646 1907 703 ejus.
1933 639 2049 689 nihil
2072 645 2194 689 enim

237 707 330 766 agit
365 707 454 750 nisi
489 707 739 749 secundum
766 707 888 764 quod
923 717 990 752 est
1022 718 1149 762 actu3
1184 719 1286 753 actu
1320 720 1471 754 autem
1503 725 1597 755 non
1626 721 1693 755 est
1726 711 1908 771 aliquid,
1934 711 2021 760 nisi
2046 715 2127 770 pet*
2147 711 2194 755 id

236 773 359 832 quod
381 783 448 817 est
472 773 618 816 forma
645 773 754 830 ejus.
774 773 909 818 Unde
927 784 972 818 et
989 774 1256 820 Aristoteles
1279 777 1502 835 (secundo
1524 778 1595 822 De
1618 779 1785 833 anima,
1811 787 1840 822 t.
1870 793 1908 822 c
1931 786 1973 833 4
1996 788 2041 822 et
2058 776 2195 834 infra)

235 841 397 898 probat
424 840 625 882 animam
658 853 755 883 esse
786 839 999 895 formam,
1031 855 1112 899 per
1143 843 1234 887 hoc
1272 844 1393 902 quod
1429 844 1600 888 animal
1635 845 1760 899 vivit,
1788 854 1833 890 et
1858 845 2004 890 sentit
2039 837 2194 907 Hormo

237 917 389 951 autem
411 906 635 964 intelligit,
662 915 706 949 et
727 920 820 950 non
845 907 933 951 nisi
952 921 1032 966 per
1047 908 1345 954 intellectum
1367 911 1501 955 Unde
1523 921 1567 955 et
1582 909 1866 967 Aristoteles,
1886 911 2120 971 inquirens
2139 911 2198 954 de

236 973 459 1031 principio
477 987 567 1030 quo
590 972 901 1031 intelligimus,
923 974 1059 1019 tradit
1073 975 1206 1020 nobis
1223 986 1431 1021 naturam
1459 977 1714 1022 intellectus
1738 978 1978 1038 possibilis
1999 978 2196 1037 Oportet

237 1040 372 1097 igitur
397 1038 680 1083 intellectum
706 1039 969 1099 possibilem
995 1040 1248 1087 formaliter
1273 1043 1390 1088 uniri
1416 1045 1565 1099 nobis,
1592 1054 1636 1089 et
1660 1058 1753 1088 non
1781 1043 1931 1089 solum
1947 1056 2051 1141 per
2062 1051 2195 1124 suum

238 1108 483 1166 obJectum.

296 1174 556 1217 Praeterea·
592 1173 846 1218 intellectus
883 1175 928 1219 in
962 1185 1079 1230 actu,
1115 1186 1159 1220 et
1190 1177 1473 1236 intelligibile
1505 1178 1552 1222 in
1585 1187 1704 1232 actu,
1738 1187 1842 1222 sunt
1873 1187 2037 1223 unum.
2080 1176 2198 1221 sieut

237 1254 393 1285 sensus
419 1240 465 1283 in
493 1250 610 1294 actu,
638 1251 681 1284 et
707 1241 952 1286 sensibile'
942 1257 988 1286 m
1017 1252 1141 1297 actu3
1168 1258 1263 1287 non
1291 1254 1444 1288 autern
1470 1244 1728 1289 intellectus
1754 1245 1802 1288 in
1829 1244 2045 1323 potentia,
2070 1253 2115 1288 et
2136 1243 2199 1287 in-

237 1307 509 1365 telligibile
498 1322 543 1350 m
570 1308 795 1384 potentia:
823 1309 940 1352 sicut
970 1323 1055 1353 nec
1088 1323 1247 1354 sensus
1274 1311 1319 1354 in
1346 1312 1563 1370 potentia,
1597 1321 1640 1356 et
1672 1302 1919 1356 sensibile
1908 1324 1955 1355 m
1972 1309 2197 1370 potentia.

240 1374 424 1433 Species
449 1374 587 1432 igitur
611 1375 690 1428 rei,
717 1375 968 1420 secundum
1002 1377 1123 1435 quod
1155 1387 1223 1421 est
1254 1378 1300 1421 in
1327 1377 1732 1436 phantasmatibus,
1764 1392 1858 1422 non
1890 1386 1959 1422 est
1985 1373 2200 1436 intelligi-

237 1441 339 1485 bilis
358 1451 483 1485 actu.
511 1455 605 1485 non
624 1442 747 1485 enirn
770 1442 833 1486 sic
852 1453 920 1487 est
945 1457 1088 1487 unum
1106 1459 1211 1488 cum
1230 1444 1499 1489 intellectu
1488 1459 1534 1489 1n
1562 1456 1679 1500 actu,
1698 1446 1777 1490 sed
1802 1444 2054 1490 secundum
2075 1443 2199 1504 quod

240 1518 308 1552 est
333 1522 358 1551 a
384 1508 774 1566 phantasmatibus
802 1510 1048 1555 abstracta:
1076 1511 1192 1555 sicut
1223 1525 1307 1556 nec
1335 1513 1508 1571 species
1536 1481 1704 1557 coloris
1725 1521 1793 1557 est
1817 1519 1998 1557 sensata
2023 1511 2069 1555 in
2096 1518 2198 1555 actu

240 1575 492 1620 secundum
520 1576 640 1634 quod
675 1586 742 1620 est
766 1577 812 1620 in
839 1576 1002 1636 lapide,
1030 1579 1108 1622 sed
1135 1577 1286 1623 solum
1313 1579 1566 1623 secundum
1592 1579 1714 1639 quod
1738 1589 1806 1624 est
1829 1579 1877 1622 in
1902 1574 2088 1638 pupilla.
2122 1576 2198 1621 Sic

242 1652 395 1686 autern
421 1642 572 1686 solum
600 1644 891 1688 continuatur
916 1644 1156 1689 nobiscum
1183 1647 1356 1704 species
1378 1646 1691 1705 intelligibilis,
1717 1645 1986 1690 secundum
1984 1635 2117 1707 quod
2133 1652 2202 1688 est

240 1711 286 1753 in
308 1710 712 1769 phantasmatibus,
736 1711 986 1755 secundum
1013 1712 1289 1771 positionem
1311 1714 1602 1772 praedictam.
1626 1713 1733 1757 Non
1755 1713 1892 1771 igitur
1913 1710 2202 1757 continuatur

241 1777 497 1830 nobiscum,
524 1777 774 1822 secundum
803 1779 925 1837 quod
953 1789 1019 1823 est
1044 1793 1187 1822 unum
1215 1793 1319 1822 cum
1344 1779 1576 1824 intellectu
1594 1779 1814 1839 possibili,
1839 1788 1889 1823 ut
1913 1776 2064 1822 forma
2089 1768 2200 1835 ejus.
2220 1819 2226 1821 ,

241 1844 383 1903 Igitur
414 1858 507 1887 non
540 1854 689 1903 potest
721 1859 817 1889 esse
851 1845 1055 1889 medium
1088 1860 1178 1905 quo
1215 1846 1503 1891 continuetur
1535 1846 1790 1891 intellectus
1815 1844 2042 1905 possibilis
2073 1843 2203 1888 nobi-

242 1925 394 1955 scum:
423 1911 528 1969 quia
554 1911 806 1955 secundum
834 1913 956 1971 quod
991 1914 1280 1957 continuatur
1306 1927 1411 1957 cum
1437 1913 1668 1958 intellectu
1694 1911 1914 1972 possibili,
1938 1921 2033 1956 non
2065 1910 2204 1956 conti·

241 1987 405 2022 nuatur
430 1978 684 2032 nobiscum,
710 1992 795 2022 nec
824 1993 847 2022 e
875 1993 1112 2023 converso.

331 2045 463 2089 Patet
489 2055 641 2089 autem
669 2058 775 2089 eum
802 2046 879 2104 qui
905 2046 1024 2089 hanc
1057 2046 1334 2104 positionem
1357 2046 1530 2090 induxit
1557 2046 1934 2106 aequivocatione
1961 2045 2203 2106 deceptum

243 2111 395 2156 fuisse.
432 2111 629 2156 Colores
666 2113 790 2156 enim
826 2123 947 2157 extra
982 2114 1185 2157 animam
1219 2114 1482 2158 exsistentes
1508 2123 1746 2172 praesente
1772 2111 1945 2158 lumine
1970 2118 2075 2157 suti!
2100 2110 2205 2156 ’'visl-

242 2178 354 2223 biles
381 2189 498 2233 actu,
526 2189 575 2223 ut
600 2189 807 2238 potentes
826 2194 1014 2224 movere
1040 2182 1204 2234 visum,
1232 2195 1326 2224 non
1354 2190 1506 2225 autem
1535 2190 1583 2224 ut
1610 2191 1712 2224 actu
1739 2188 1935 2234 sensata,
1946 2177 2203 2224 'secundum

245 2246 367 2305 quod
394 2256 499 2290 sunt
530 2260 672 2290 unum
710 2261 816 2290 cum
849 2261 984 2291 sensu
1011 2248 1056 2291 in
1095 2258 1229 2302 actu3
1268 2257 1311 2292 et
1344 2247 1552 2292 similiter
1586 2247 1904 2306 phantasmata
1937 2259 2017 2306 per
2049 2244 2205 2289 lumen

243 2313 499 2357 intellectus
527 2314 702 2371 agentis
724 2314 838 2358 fiunt
860 2323 961 2357 actu
984 2314 1300 2373 intelligibilia,
1324 2324 1373 2358 ut
1398 2315 1574 2373 possint
1597 2327 1784 2358 movere
1807 2312 2090 2358 intellectum
2106 2318 2207 2371 pos-

245 2379 448 2424 sibilem:
475 2394 570 2424 non
597 2390 750 2424 autem
777 2390 827 2425 ut
847 2381 936 2424 sint
967 2380 1197 2426 intellecta
1226 2392 1343 2437 actu,
1366 2381 1619 2426 secundum
1646 2381 1768 2440 quod
1801 2390 1906 2426 sunt
1929 2388 2073 2424 unum
2093 2386 2205 2423 'cum

244 2446 477 2491 intellectu
504 2447 707 2506 possibili
732 2446 853 2491 facta
878 2448 925 2491 in
953 2458 1069 2491 actu.
1935 2467 1939 2470 ·

336 2515 473 2559 Item:
501 2513 578 2558 ubi
615 2515 842 2559 invenitur
880 2514 1014 2559 altior
1045 2515 1251 2573 operatio
1278 2515 1487 2572 viventis,
1520 2515 1582 2558 ibi
1607 2514 1835 2559 invenitur
1866 2509 2002 2558 altior
2031 2511 2207 2572 species

244 2581 364 2626 vitae
387 2582 748 2640 correspondens
780 2581 846 2625 illi
874 2582 1057 2626 actioni.
1087 2582 1138 2625 In
1170 2581 1335 2641 plantis
1370 2583 1493 2626 enim
1515 2583 1742 2627 invenitur
1769 2580 1868 2625 sola
1895 2580 2018 2625 actio
2043 2580 2098 2624 ad
2124 2591 2211 2623 nu·

245 2649 478 2693 tritionem
505 2650 749 2708 pertinens,
775 2649 821 2692 in
846 2648 1117 2693 animalibus
1145 2659 1297 2693 autem
1330 2649 1557 2693 invenitur
1585 2649 1717 2693 altior
1749 2649 1886 2702 actio,
1912 2646 2087 2692 scilieet
2111 2658 2208 2690 sen·

245 2717 344 2770 tire,
371 2725 415 2760 et
440 2716 617 2760 moveri
641 2717 891 2760 secundum
927 2716 1114 2770 locum;
1141 2717 1261 2761 unde
1295 2726 1339 2760 et
1365 2715 1535 2760 animal
1561 2717 1673 2760 vivit
1706 2715 1856 2760 altiori
1891 2714 2045 2775 specie
2069 2713 2206 2758 vitae.

250 2783 340 2827 Sed
374 2783 521 2827 adhuc
549 2784 594 2826 in
620 2783 809 2827 homine
837 2784 1063 2827 invenitur
1089 2783 1222 2827 altior
1255 2785 1460 2843 operatio
1489 2784 1544 2827 ad
1577 2783 1719 2827 vitam
1746 2782 1974 2842 pertinens
2000 2792 2140 2841 quam
2160 2779 2207 2824 in

249 2850 451 2904 animali,
478 2850 651 2895 scilicet
671 2850 949 2909 intelligere3
978 2865 1087 2910 ergo
1115 2851 1260 2896 homo
1286 2851 1472 2896 habebit
1498 2851 1708 2895 altiorem
1735 2850 1933 2910 speciem
1959 2849 2093 2894 vitae.
2118 2846 2208 2892 Sed

249 2918 340 2962 vita
367 2928 435 2962 est
455 2932 535 2976 per
562 2918 788 2972 animam3
815 2918 1000 2962 habebit
1026 2918 1161 2976 igitur
1186 2918 1331 2962 homo
1352 2918 1561 2963 altiorem
1585 2918 1788 2962 animam
1814 2930 1903 2976 qua
1927 2916 2053 2970 vivit,
2069 2926 2209 2975 quam

251 2985 308 3030 sit
335 2985 487 3028 anima
521 2984 758 3029 sensibilis.
785 2984 923 3029 Nulla
957 2995 1109 3029 autem
1146 2995 1212 3029 est
1249 2985 1382 3030 altior
1409 3000 1546 3044 quam
1572 2984 1858 3039 intellectus;
1884 2993 1952 3028 est
1976 2982 2115 3042 igitur
2144 2981 2211 3025 in·-

249 3051 457 3109 tellectus
488 3052 639 3096 anima
663 3052 878 3105 hominis,
907 3062 951 3096 et
976 3067 1056 3111 per
1083 3067 1370 3111 consequens
1395 3051 1545 3097 forma
1578 3052 1732 3129 ipsius.

340 3120 529 3164 Adhuc:
557 3120 678 3179 quod
707 3120 997 3178 consequitur
1025 3119 1079 3162 ad
1099 3120 1413 3178 operationem
1434 3119 1621 3178 alicujus
1646 3119 1726 3172 rei,
1744 3130 1839 3162 non
1863 3115 2052 3177 largitur
2074 3114 2210 3160 alicui

250 3187 475 3246 speciem3
503 3188 607 3246 quia
634 3187 839 3246 operatio
867 3196 934 3230 est
966 3197 1091 3230 actus
1124 3187 1363 3241 secundus,
1391 3185 1540 3231 forma
1575 3196 1742 3241 autem,
1768 3198 1849 3243 per
1873 3186 2012 3244 quarn
2039 3181 2209 3243 aliquid

252 3254 390 3298 habet
416 3255 631 3313 speciem,
659 3265 728 3298 est
754 3264 880 3298 actus
906 3254 1092 3313 primus
1118 3254 1241 3297 Unio
1270 3263 1422 3297 autem
1450 3253 1705 3297 intellectus
1731 3251 1959 3311 possibilis
1986 3250 2041 3295 ad
2064 3249 2211 3295 homi-

252 3336 374 3374 nem,
408 3322 658 3365 secundum
687 3321 963 3380 positionem
990 3321 1285 3379 praedictam,
1314 3321 1606 3380 consequitur
1638 3319 1853 3364 hominis.
1872 3317 2211 3378 operationem·

254 3389 303 3432 fit
338 3389 459 3432 enim
493 3389 722 3433 mediante
757 3389 1008 3448 phantasia,
1047 3401 1177 3446 quae,
1219 3387 1468 3431 secundum
1511 3386 1848 3446 Philosophum
1885 3384 2129 3446 (secundo
2140 3381 2213 3427 De

256 3457 423 3510 anima,
445 3466 475 3499 t.
495 3470 532 3499 c.
558 3454 651 3500 160.
671 3466 715 3500 et
741 3455 815 3500 161
826 3458 874 3513 .),
902 3465 968 3499 est
1000 3464 1153 3499 motus
1179 3453 1323 3498 factus
1352 3468 1376 3498 a
1402 3468 1536 3499 sensu
1570 3453 1839 3498 secundum
1839 3459 2016 3497 mactum
2042 3449 2109 3494 Ex
2132 3448 2214 3494 tali

255 3521 391 3580 igitur
410 3524 577 3567 unione
595 3537 689 3566 non
708 3523 1000 3582 consequitur
1022 3521 1166 3565 homo
1185 3522 1401 3580 speciem.
1428 3521 1536 3566 Non
1563 3521 1700 3580 igitur
1721 3509 2041 3565 differt‘homo
2061 3516 2214 3577 specie

258 3604 282 3633 a
310 3590 448 3634 brutis
477 3590 745 3635 animalibus
772 3604 851 3649 per
877 3590 981 3643 hoc,
1005 3589 1127 3648 quod
1155 3597 1222 3633 est
1248 3587 1529 3633 intellectum
1555 3588 1742 3633 habens.
