2332 3854
246 212 353 299 3788
909 240 1066 279 LIBER
1103 239 1180 277 111.
1222 238 1343 277 cAP.
1383 238 1512 297 Lxx

241 344 372 395 rioris
391 343 564 407 agentis
580 343 803 420 dependet
823 356 849 385 a
870 342 1032 385 virtute
1054 339 1299 398 superioris
1317 340 1506 398 agentis,
1529 340 1579 385 in
1599 351 1821 400 quantum
1835 343 2039 401 superius
2056 357 2204 404 agens

240 411 319 455 dat
341 411 554 467 virtutem
586 410 732 468 ipsam
773 407 976 451 inferiori
1003 408 1155 464 agenti
1180 420 1259 464 per
1290 420 1429 465 quam
1455 407 1560 466 agit,
1586 406 1661 453 vel
1693 418 1934 464 conservat
1967 423 2086 464 eam,
2119 421 2198 464 aut

240 478 379 521 etiam
417 477 613 535 applicat
652 490 754 519 eam
791 474 845 516 ad
884 473 1137 531 agendum3
1177 475 1295 517 sicut
1330 471 1486 517 artifex
1521 473 1718 532 applicat
1751 470 2102 525 instrumentum
2119 469 2198 534 ad

240 545 473 603 proprium
510 542 736 595 effectum,
764 540 837 583 cui
861 549 1016 583 tamen
1043 539 1270 584 interdum
1301 553 1396 583 non
1422 540 1498 583 dat
1522 539 1720 596 formam
1748 555 1827 598 per
1849 555 1986 599 quam
2013 538 2107 603 agit
2130 540 2196 594 in-

240 620 567 661 strumentum3
595 623 679 651 nec
714 617 967 659 conservat,
1000 605 1080 649 sed
1118 605 1194 649 dat
1226 605 1268 649 ei
1299 605 1450 650 solum
1487 617 1680 650 motum.
1711 601 1908 682 Oportet
1934 621 2044 673 ergo
2070 597 2197 681 quod

239 677 358 720 actio
384 675 608 718 inferioris
636 673 809 731 agentis
842 686 935 715 non
963 671 1114 716 solum
1141 673 1197 715 sit
1222 670 1276 715 ab
1304 685 1359 716 eo
1387 686 1466 731 per
1491 671 1706 716 virtutem
1734 673 1983 732 propriam,
2004 671 2082 739 sed
2114 686 2195 742 ρΕι·

238 743 450 786 virtutem
484 740 692 783 omnium
724 741 1010 814 superiorum
1038 738 1286 796 agentium.
1312 738 1423 797 Agit
1463 738 1584 782 enim
1620 739 1667 782 in
1702 740 1865 784 virtute
1898 741 2124 794 omnium,
2150 751 2197 790 et

239 809 354 852 sicut
382 821 519 865 agens
555 805 762 849 infimum
789 805 1017 849 invenitur
1041 804 1360 848 immediatum
1387 804 1601 857 activum,
1626 805 1689 848 ita
1710 805 1850 850 virtus
1868 802 2002 865 primi
2020 807 2195 866 agentis

238 875 465 918 invenitur
497 873 762 916 immediata
790 873 844 915 ad
878 871 1223 930 producendum
1250 870 1475 915 effectum.
1502 871 1623 915 Nam
1658 871 1798 916 virtus
1836 871 1982 917 infimi
2019 870 2194 937 agentis

235 956 330 984 non
356 941 492 984 habet
518 939 640 998 quod
664 939 884 997 producat
910 939 1030 982 hunc
1054 937 1268 982 effectum
1301 953 1355 982 ex
1375 952 1438 991 se,
1466 938 1544 981 sed
1577 952 1631 982 ex
1655 938 1820 990 virtute
1845 940 2043 1015 proximi
2067 955 2195 1005 supe-

235 1007 382 1060 rioris,
410 1016 453 1050 et
478 1007 617 1049 virtus
643 1005 763 1048 illius
791 1005 880 1048 hoc
907 1005 1045 1048 habet
1070 1019 1125 1048 ex
1155 999 1319 1050 virtute
1357 1005 1617 1062 superioris,
1650 1014 1694 1048 et
1729 1005 1792 1049 sic
1824 1006 1964 1053 virtus
1990 1008 2192 1083 supremi

236 1074 410 1132 agentis
446 1073 672 1116 invenitur
705 1086 758 1115 ex
785 1085 832 1115 se
870 1070 1138 1130 productiva
1184 1066 1384 1123 effectus,
1421 1071 1549 1128 quasi
1585 1084 1723 1116 causa
1758 1071 2038 1127 immediata,
2071 1073 2189 1126 sicut

234 1150 357 1197 patet
378 1140 423 1183 in
443 1138 671 1197 principiis
697 1137 1156 1190 demonstrationum,
1174 1151 1369 1212 quorum
1396 1137 1595 1196 primum
1622 1147 1690 1182 est
1713 1138 2045 1184 immediatum.
2065 1139 2194 1193 Sicut

232 1206 369 1264 igitur
400 1220 495 1249 non
528 1215 593 1248 est
625 1204 968 1257 inconveniens,
1000 1203 1122 1261 quod
1155 1218 1246 1246 una
1278 1203 1398 1246 actio
1433 1203 1708 1261 producatur
1740 1219 1795 1248 ex
1827 1205 1979 1264 aliquo
2013 1194 2215 1268 agentes

234 1282 279 1316 et
322 1274 418 1330 ejus
451 1272 629 1324 virtute,
667 1271 729 1315 ita
761 1285 855 1314 non
888 1281 955 1315 est
986 1270 1330 1334 inconveniens,
1373 1271 1494 1328 quod
1526 1272 1801 1329 producatur
1837 1273 1962 1319 idem
2003 1270 2193 1332 effectus

232 1338 285 1381 ab
313 1337 515 1382 inferiori
533 1348 710 1396 agente,
735 1347 779 1381 et
801 1352 826 1381 a
847 1328 965 1390 Deo,
994 1337 1047 1380 ab
1068 1347 1260 1395 utroque
1287 1336 1566 1390 immediate,
1593 1337 1699 1381 licet
1725 1334 1815 1382 alio
1843 1349 1888 1383 et
1913 1339 2004 1384 alio
2031 1340 2189 1403 modo.

319 1404 451 1448 Patet
477 1405 630 1457 etiam,
664 1404 786 1462 quod
819 1404 856 1447 si
888 1417 958 1447 res
984 1402 1201 1446 naturalis
1230 1404 1450 1460 producat
1475 1404 1709 1461 proprium
1736 1404 1965 1459 effectum,
1989 1420 2084 1471 non
2117 1418 2189 1465 est

232 1470 511 1547 superfluum
538 1470 660 1528 quod
678 1470 804 1514 Deus
823 1469 951 1514 illum
971 1469 1217 1528 producat;
1240 1483 1345 1527 quia
1357 1484 1428 1513 res
1446 1470 1663 1514 naturalis
1685 1484 1780 1514 non
1798 1471 2034 1529 producit
2022 1466 2191 1539 ipsum,

231 1537 320 1581 nisi
352 1538 398 1580 in
430 1538 593 1580 virtute
629 1536 794 1581 divina.
829 1535 1014 1594 Neque
1027 1546 1095 1580 est
1134 1535 1413 1594 superfluum
1455 1536 1493 1579 si
1532 1536 1658 1580 Deus
1693 1550 1772 1595 per
1808 1537 2009 1603 seipsum
2039 1549 2192 1600 potest

233 1617 395 1647 omnes
428 1602 614 1647 effectus
646 1602 873 1646 naturales
906 1602 1171 1661 producere,
1205 1602 1328 1661 quod
1355 1616 1434 1660 per
1461 1598 1681 1660 quasdam
1708 1602 1818 1648 alias
1845 1617 2004 1666 causas
2029 1606 2191 1668 produ-

232 1679 412 1723 cantur;
443 1683 536 1713 non
570 1670 694 1713 enim
719 1669 810 1713 hoc
837 1679 906 1714 est
931 1683 986 1712 ex
1011 1667 1329 1713 insufficientia
1362 1668 1542 1712 divinae
1575 1669 1768 1723 virtutis,
1799 1670 1878 1715 sed
1910 1684 1966 1735 ex
1995 1671 2188 1735 immen-

231 1735 362 1789 sitate
387 1735 602 1780 bonitatis
633 1735 789 1794 ipsius,
829 1749 909 1794 per
945 1749 1084 1793 quam
1118 1749 1249 1778 suam
1290 1734 1633 1779 similitudinem
1669 1732 1802 1780 rebus
1841 1717 2222 1800 communicare-

230 1801 390 1855 voluit,
415 1815 510 1846 non
536 1802 688 1846 solum
715 1811 936 1860 quantum
962 1801 1018 1845 ad
1044 1802 1134 1844 hoc
1161 1801 1283 1859 quod
1307 1811 1471 1854 essent,
1497 1801 1577 1845 sed
1604 1803 1741 1845 etiam
1769 1813 1990 1863 quantum
2011 1804 2067 1848 ad
2093 1804 2185 1871 1193

233 1869 357 1930 quod
383 1867 579 1912 aliorum
605 1882 769 1912 causae
792 1877 957 1913 essent.
984 1867 1066 1919 His
1100 1868 1223 1911 enim
1246 1867 1421 1911 duobus
1445 1868 1593 1911 rnodis
1621 1878 1853 1930 creaturae
1877 1865 2186 1935 communiter

233 1948 395 1978 omnes
417 1934 619 1993 divinam
645 1933 989 1977 similitudinem
1007 1943 1378 2010 Uconsequuntur,
1397 1944 1445 1978 ut
1470 1948 1605 1991 supra
1631 1935 1693 1992 (c.
1719 1935 1813 1991 21.)
1842 1945 2080 2001 ostensum
2100 1948 2186 1985 est.

228 2000 317 2044 Per
343 1999 432 2043 hoc
466 2001 605 2043 etiam
632 2000 772 2044 decor
804 2000 973 2043 ordinis
1005 1999 1051 2042 in
1082 1997 1214 2043 rebus
1243 2000 1404 2043 creatis
1431 2010 1631 2058 apparet.

315 2066 447 2110 Patet
479 2066 632 2119 etiam,
658 2066 781 2125 quod
806 2080 902 2109 non
927 2066 992 2108 sic
1026 2066 1149 2109 idem
1182 2065 1368 2109 effectus
1402 2080 1565 2110 causae
1597 2065 1792 2111 naturali
1819 2076 1864 2112 et
1888 2062 2068 2134 divinae
2099 2069 2185 2115 vir-

224 2132 309 2177 tuti
336 2132 604 2186 attribuitur,
631 2133 761 2191 quasi
785 2132 952 2190 partim
979 2147 1004 2176 a
1030 2132 1149 2187 De0,
1178 2132 1344 2192 partim
1371 2147 1396 2176 a
1427 2133 1624 2179 naturali
1650 2143 1814 2191 agente
1840 2133 1936 2192 fiat,
1959 2134 2040 2183 sed
2059 2145 2185 2199 totus

227 2200 281 2243 ab
309 2211 503 2258 utroque
535 2199 787 2244 secundum
820 2199 959 2243 alium
993 2199 1200 2252 modurn,
1233 2199 1350 2243 sicut
1384 2200 1510 2244 idem
1542 2200 1729 2245 effectus
1763 2210 1885 2246 totus
1926 2190 2183 2248 attribuitur

222 2266 543 2319 instrumentO,
566 2275 612 2310 et
635 2265 873 2325 prlnclpall
901 2267 1054 2323 agentl
1080 2266 1220 2317 etlam
1241 2275 1377 2309 totus.

910 2432 1208 2488 CAPUT
1250 2432 1499 2488 LXX1.

375 2567 539 2613 QUOD.
578 2567 771 2606 DIVINA
810 2566 1187 2606 PROVIDENTIA
1226 2567 1344 2605 NON
1382 2567 1663 2606 EXCLUDIT
1703 2567 2018 2609 TOTALITER

958 2638 1153 2679 MALUM
1190 2640 1225 2679 A
1265 2641 1451 2679 REBUS.

741 2741 796 2802 (I.
825 2748 936 2801 part.
965 2748 1118 2801 quaest.
1153 2741 1294 2787 XXII.
1326 2748 1407 2786 art.
1439 2756 1480 2787 2.
1508 2741 1562 2786 ad
1582 2743 1659 2801 3.).

306 2853 372 2898 Ex
402 2853 474 2897 his
502 2862 657 2897 autem
684 2852 869 2913 appare't
894 2853 1017 2913 quod
1050 2852 1203 2896 divina
1234 2852 1536 2915 providentia,
1563 2867 1680 2912 quae
1712 2867 1784 2898 res
1817 2852 2053 2912 gubernat,
2083 2868 2178 2915 non

214 2919 406 2999 impedit
432 2920 540 2980 quin
574 2920 821 2980 corruptio,
855 2924 899 2965 et
930 2918 1147 2974 defectus,
1175 2929 1219 2963 et
1250 2919 1428 2964 malum
1458 2919 1506 2963 in
1542 2920 1676 2964 rebus
1711 2920 1982 2984 inveniatur.
2008 2904 2178 2987 Divina

217 3002 339 3034 enim
367 2987 650 3048 gubernatio,
677 3001 766 3047 qua
783 2987 908 3032 Deus
932 2996 1144 3046 operatur
1160 2987 1208 3032 in
1230 2987 1378 3041 rebus,
1403 3001 1499 3031 non
1518 2976 1715 3032 excludit
1737 2987 2053 3048 operationem
2071 2970 2177 3046 cau·
2179 3046 2183 3050 .

216 3063 369 3112 sarum
397 3054 717 3118 secundarum,
751 3053 868 3098 sicut
907 3055 1001 3112 jam
1036 3064 1272 3099 ostensum
1310 3063 1378 3098 est
1418 3054 1479 3112 (c.
1517 3053 1707 3113 praec..)
1746 3052 1988 3120 Contingit
2019 3053 2176 3118 autern

215 3122 454 3181 provenire
481 3112 710 3166 defectum
751 3121 799 3164 in
832 3120 996 3165 effectu
1028 3130 1212 3181 propter
1254 3119 1483 3165 defectum
1517 3135 1680 3165 causae
1722 3117 1950 3181 secundae
1987 3114 2175 3181 agentis,

214 3189 382 3248 absque
416 3202 470 3233 eo
497 3187 622 3248 quod
648 3187 704 3232 sit
730 3176 974 3231 defectus
964 3202 1011 3230 ιιι
1043 3188 1192 3246 primo
1220 3197 1407 3246 agente;
1435 3187 1553 3241 sicut
1579 3202 1685 3232 cum
1710 3187 1759 3244 in
1791 3173 1958 3253 effectu
1988 3184 2171 3253 artificis

212 3254 422 3321 habentis
447 3245 647 3316 perfecte
681 3263 825 3310 artem
857 3253 1081 3312 contingit
1122 3253 1282 3314 aliquis
1317 3252 1518 3299 defectus
1559 3265 1745 3318 propter
1781 3253 2073 3301 instrumenti.
2101 3252 2182 3326 ‘deff

213 3317 421 3375 fectum3
442 3330 488 3365 et
512 3323 629 3365 sicut
652 3308 908 3374 hominem,
936 3321 1062 3378 cuius
1088 3319 1156 3363 vis
1189 3319 1362 3363 motiva
1385 3330 1452 3365 est
1476 3318 1621 3375 fortis,
1648 3317 1874 3392 contingit
1888 3302 2170 3383 claudicare,

211 3400 306 3431 non
338 3396 522 3446 propter
547 3385 776 3431 defectum
802 3384 977 3430 virtutis
1011 3386 1228 3439 motivae,
1255 3385 1333 3429 sed
1361 3396 1544 3444 propter
1569 3385 1706 3432 tibiae
1733 3380 2018 3433 curvitatem.
2042 3381 2178 3459 Εοιι-’

211 3453 345 3511 tingit
369 3454 505 3511 igitur
535 3453 581 3501 in
613 3453 684 3497 his
717 3467 833 3514 quae
861 3462 1054 3528 aguntur
1090 3462 1133 3496 et
1165 3452 1474 3513 gubernantur
1501 3467 1526 3496 a
1563 3454 1665 3511 Deo
1699 3453 1906 3523 aliquem
1937 3440 2170 3502 defectum

212 3527 258 3563 et
272 3518 462 3577 aliquod
493 3517 667 3563 malum
692 3518 887 3564 inveniri
911 3517 1097 3590 propter
1123 3516 1370 3565 defectum
1380 3514 1614 3581 agentium
1641 3503 1964 3590 secundorum
1984 3506 2134 3596 licet,
2121 3533 2175 3593 in

211 3585 310 3644 ipso
337 3585 439 3630 Deo
465 3585 617 3631 nullus
643 3586 701 3632 sit
732 3584 951 3654 defectus.
994 3593 999 3599 '
