2332 3854
755 250 910 292 LIBER
949 248 1026 292 m.
1067 253 1188 291 CAP.
1225 250 1490 291 LXXXVIII.
1994 252 2100 307 41³9

152 369 411 404 creatorum
437 356 639 402 actiones
665 355 746 400 sub
771 355 929 402 ordine
947 355 1125 401 divinae
1143 355 1453 416 providentiae
1471 354 1773 409 continentur,
1790 354 1909 399 unde
1927 364 2106 414 praeter

150 425 276 485 leges
303 425 442 484 ipsius
462 437 595 483 agere
621 436 715 467 non
742 432 944 480 possunt.
967 423 1047 467 Est
1073 423 1225 467 aut'em
1251 421 1560 482 providentiae
1583 420 1655 465 lex
1678 430 1725 465 ut
1747 422 2106 481 unumquodque

150 495 416 541 immediate
444 508 468 537 a
494 492 699 553 proxima
726 491 814 536 sibi
830 504 968 535 causa
993 491 1245 535 inducatur.
1265 490 1417 536 Causa
1443 490 1582 548 igitur
1607 489 1814 548 superior
1841 499 2006 542 creata,
2027 487 2108 532 tali

153 562 311 607 ordine
338 559 673 621 praetermisso,
698 572 783 603 nec
803 571 1005 611 movere,
1032 572 1115 601 nec
1135 557 1301 617 aliquid
1320 570 1455 616 agere
1477 566 1640 616 potest.
1663 556 1929 600 Proximum
1955 550 2109 599 autem

151 629 380 672 motivum
403 626 649 672 voluntatis
666 634 734 670 est
754 625 927 668 bonum
954 623 1251 678 intellectum,
1277 623 1399 683 quod
1426 633 1493 668 est
1518 637 1652 667 suum
1679 623 1924 682 objectum,
1948 632 1990 667 et
2014 636 2110 666 mo-

153 705 284 739 vetur
308 694 360 738 ab
387 694 487 753 ipso
510 693 627 737 sicut
649 692 773 736 visus
800 705 826 734 a
859 690 1029 734 colore.
1056 690 1195 734 Nulla
1221 691 1357 749 igitur
1382 690 1632 735 substantia
1658 699 1810 735 creata
1834 684 1984 748 potest
2015 703 2111 733 mo·

153 775 258 805 vere
289 759 575 804 voluntatem
599 759 686 802 nisi
712 758 939 802 mediante
966 757 1090 800 bono
1117 756 1374 801 intellecto:
1402 758 1494 801 hoc
1522 767 1675 801 autem
1709 766 1777 802 est
1810 757 1856 800 in
1889 766 2110 816 quantum

147 825 413 871 >manifestat
438 825 480 869 ei
504 824 671 883 aliquid
699 837 796 868 esse
832 823 1004 867 bonum
1034 823 1087 866 ad
1130 823 1373 882 agendum,
1408 823 1527 883 quod
1558 833 1625 868 est
1655 823 1939 883 persuadere.
1970 821 2111 868 Nulla

154 893 291 953 igitur
312 893 558 938 substantia
587 901 738 935 creata
763 900 913 950 potest
940 904 1074 949 agere
1097 890 1143 933 in
1170 889 1467 945 voluntatem,
1495 889 1567 935 vel
1585 904 1683 936 esse
1710 905 1849 936 causa
1870 889 2112 936 electionis

153 969 353 1014 nostrae,
375 958 463 1004 nisi
493 973 574 1018 per
594 958 785 1002 modum
818 956 1146 1015 persuadentis.

243 1027 381 1072 Item:
410 1026 463 1069 ab
489 1024 570 1069 illo
599 1034 760 1083 agente
789 1023 958 1082 aliquid
981 1033 1140 1067 natum
1164 1034 1230 1068 est
1257 1024 1433 1069 moveri
1459 1033 1504 1068 et
1524 1024 1632 1083 pati,
1658 1038 1738 1084 per
1765 1025 1892 1082 cujus
1911 1024 2112 1070 formam

160 1092 318 1139 reduci
340 1100 491 1152 potest
521 1091 566 1135 in
594 1101 768 1145 actum3
793 1104 902 1134 nam
931 1104 1069 1134 omne
1097 1104 1236 1149 agens
1264 1091 1356 1150 agit
1377 1105 1457 1150 per
1487 1090 1686 1135 formam
1713 1105 1860 1135 suam.
1887 1091 2113 1136 Voluntas

159 1168 313 1205 autern
337 1158 566 1216 reducitur
590 1158 638 1201 in
670 1167 822 1201 actum
849 1171 929 1216 per
956 1156 1211 1216 appetibile,
1238 1157 1361 1216 quod
1387 1167 1540 1202 motus
1566 1156 1775 1202 desiderii
1801 1159 1896 1217 ejus
1929 1158 2113 1217 quietat.

157 1227 210 1271 In
236 1225 338 1272 solo
371 1235 522 1270 autem
548 1225 672 1268 bono
691 1225 844 1268 divino
878 1224 1103 1283 quietatur
1129 1223 1404 1269 desiderium
1440 1224 1702 1278 voluntatis,
1729 1226 1846 1270 sicut
1876 1227 1922 1270 in
1949 1225 2112 1271 ultimo

153 1294 261 1350 fine,
277 1303 327 1338 nt
347 1307 402 1338 ex
427 1293 694 1353 supradictis
717 1302 851 1352 patet.
877 1292 1012 1337 Solus
1030 1293 1166 1352 igitur
1191 1293 1317 1338 Deus
1343 1303 1492 1353 potest
1518 1307 1705 1339 movere
1726 1294 2013 1340 voluntatem
2033 1308 2113 1355 per

158 1360 351 1406 modum
385 1360 573 1419 agentis.

196 1443 197 1448 ¹
246 1426 436 1471 Adhuc:
465 1427 581 1471 sicut
605 1426 652 1470 in
679 1441 726 1471 re
753 1426 1002 1470 inanimata
1035 1440 1082 1470 se
1107 1426 1246 1470 habet
1279 1426 1515 1471 inclinatio
1543 1426 1759 1472 naturalis
1797 1428 1851 1472 ad
1878 1428 2114 1488 proprium

158 1493 313 1548 finem,
340 1507 456 1553 quae
483 1494 621 1537 etiam
648 1493 870 1552 appetitus
888 1492 1105 1537 naturalis
1124 1492 1299 1547 dicitur,
1325 1493 1388 1536 ita
1415 1507 1463 1537 se
1489 1493 1627 1539 habet
1644 1495 1690 1539 in
1717 1495 1967 1540 substantia
1987 1494 2115 1540 intel-

158 1561 343 1607 lectuali
368 1561 594 1616 voluntas,
644 1576 758 1620 quae
791 1561 953 1605 dicitur
979 1561 1201 1620 appetitus
1236 1560 1571 1605 intellectualis.
1608 1561 1934 1607 Inclinationes
1962 1570 2116 1607 autem

157 1628 387 1674 naturales
424 1628 530 1672 dare
566 1642 659 1672 non
693 1638 760 1672 est
785 1627 872 1672 nisi
893 1627 1014 1671 illius
1041 1627 1118 1686 qui
1152 1637 1362 1671 naturam
1388 1628 1591 1672 instituit.
1618 1627 1740 1687 Ergo
1760 1638 1810 1690 et
1832 1628 2119 1673 voluntatem

156 1696 376 1742 inclinare
393 1697 440 1740 in
466 1695 636 1755 aliquid
662 1709 756 1740 non
784 1705 851 1740 est
875 1695 962 1740 nisi
982 1695 1076 1753 ejus
1103 1694 1180 1754 qui
1202 1705 1269 1739 est
1286 1705 1474 1739 naturae
1499 1693 1819 1740 intellectualis
1847 1711 1997 1741 causa.
2014 1696 2118 1740 Hoc

159 1772 311 1808 autern
333 1762 479 1807 solius
503 1761 591 1806 Dei
620 1773 701 1816 est,
728 1762 844 1806 sicut
872 1775 925 1806 ex
950 1761 1255 1820 superioribus
1284 1761 1403 1818 (Lib.
1431 1761 1488 1805 II.
1517 1776 1554 1806 c.
1578 1763 1670 1820 21.)
1698 1772 1833 1820 patet.
1854 1762 1958 1822 Ipse
1983 1762 2120 1822 igitur

157 1829 283 1876 solus
308 1829 592 1874 voluntatem
618 1838 823 1874 nostram
850 1828 905 1872 ad
933 1827 1102 1887 aliquid
1119 1827 1339 1872 inclinare
1358 1838 1520 1887 potest.

246 1895 480 1956 Amplius:
506 1894 776 1950 violentum,
803 1905 851 1940 ut
879 1894 1042 1939 dicitur
1072 1895 1118 1938 in
1151 1895 1286 1939 tertio
1318 1893 1466 1939 Ethic.
1502 1896 1562 1952 (c.
1591 1896 1673 1952 2.),
1700 1906 1768 1940 est
1804 1897 1932 1955 cujus
1958 1896 2122 1956 princi-

161 1962 289 2023 pium
315 1971 383 2008 es't
414 1971 552 2016 extra,
577 1961 693 2006 nihil
726 1961 986 2006 conferente
1012 1960 1106 2004 vim
1129 1975 1278 2021 passo.
1307 1961 1356 2005 Si
1382 1961 1518 2020 igitur
1543 1962 1756 2007 voluntas
1789 1973 2030 2007 moveatur
2061 1963 2115 2008 ab

162 2028 315 2091 aliquo
338 2029 550 2074 exteriori
574 2029 814 2088 principio,
841 2028 925 2073 erit
948 2026 1176 2072 violentus
1203 2037 1368 2073 motus.
1395 2027 1516 2072 Dico
1552 2038 1704 2073 autem
1737 2030 1916 2074 moveri
1942 2044 1968 2073 a
2003 2029 2120 2089 prin·

161 2096 286 2156 cipio
313 2096 565 2140 extrinseco
592 2094 714 2155 quod
741 2104 927 2139 moveat
952 2109 1031 2154 per
1057 2093 1248 2138 modum
1277 2095 1466 2154 agentis,
1494 2105 1538 2140 et
1562 2110 1656 2140 non
1679 2110 1760 2155 per
1785 2097 1978 2141 modum
2003 2096 2119 2141 finis.

146 2161 427 2208 '‘Violentum
461 2172 612 2207 autem
638 2162 897 2207 voluntario
923 2171 1160 2220 repugnat.
1187 2161 1475 2220 Impossibile
1504 2172 1571 2206 est
1603 2177 1728 2222 ergo,
1760 2163 1883 2222 quod
1908 2162 2120 2209 voluntas

152 2236 401 2295 ⁴moveatur
441 2244 467 2274 a
501 2230 723 2290 principio
755 2228 1009 2275 extrinseco
1047 2229 1175 2288 quasi
1202 2229 1255 2273 ab
1290 2238 1468 2287 agente,
1499 2229 1580 2274 sed
1608 2240 1788 2290 oportet
1819 2231 1942 2291 quod
1969 2230 2120 2276 omnis

154 2297 314 2343 'motuis
338 2296 587 2342 voluntatis
620 2297 674 2341 ab
701 2296 905 2341 interiori
937 2296 1166 2356 procedat.
1194 2295 1333 2341 Nulla
1361 2306 1514 2341 autem
1547 2298 1796 2342 substantia
1834 2309 1985 2343 creata
2017 2303 2122 2342 con-

154 2358 361 2426 'Ymgitur
388 2363 569 2408 animae
594 2362 891 2408 intellectuali
919 2369 1139 2422 quantum
1166 2362 1223 2406 ad
1249 2377 1329 2407 sua
1361 2363 1578 2408 interiora
1599 2364 1687 2408 nisi
1713 2364 1837 2409 solus
1868 2365 2012 2419 Deus,
2044 2364 2122 2425 qui

150 2429 287 2476 'solus
313 2440 381 2475 est
406 2444 542 2475 causa
577 2444 676 2475 esse
698 2430 852 2490 ipsius,
880 2438 923 2474 et
949 2429 1172 2474 sustinens
1196 2443 1298 2474 eam
1320 2429 1367 2474 in
1390 2444 1502 2475 esse.
1521 2431 1562 2475 A
1581 2430 1682 2489 solo
1700 2431 1837 2491 igitur
1852 2431 1956 2476 Deo
1974 2437 2122 2491 potest

154 2495 316 2542 'motus
339 2496 589 2542 voluntatis
622 2498 811 2542 causari.

251 2563 441 2609 Adhuc:
467 2563 722 2608 violentum
745 2563 990 2623 opponitur
1006 2562 1199 2608 naturali
1219 2573 1263 2608 et
1278 2562 1538 2609 voluntario
1566 2565 1727 2620 motui,
1750 2565 1856 2625 quia
1878 2571 2121 2626 utrumque

153 2639 344 2690 ‘oportet
375 2630 497 2691 quod
524 2631 581 2675 sit
608 2644 633 2674 a
664 2630 888 2690 principio
915 2630 1176 2674 intrinseco.
1200 2630 1357 2688 Agens
1385 2640 1539 2675 autem
1561 2633 1755 2677 exterius
1778 2633 1843 2677 sic
1869 2632 2023 2677 solum
2047 2647 2124 2678 na-

159 2695 368 2742 'ruraliter
399 2707 569 2751 movet,
586 2697 630 2741 in
655 2706 875 2756 quantum
894 2706 1050 2740 causat
1074 2696 1121 2740 in
1148 2695 1304 2740 mobili
1332 2697 1629 2742 intrinsecum
1656 2699 1930 2758 principium
1953 2709 2122 2753 motus,

157 2764 283 2809 sicut
314 2774 551 2823 generans,
585 2764 708 2823 quod
741 2765 817 2808 dat
848 2762 1046 2808 formam
1074 2762 1304 2822 gravitatis
1333 2764 1515 2823 corpori
1541 2765 1668 2823 gravi
1700 2776 1932 2824 generato,
1966 2770 2124 2810 movet

164 2831 316 2890 ipsum
347 2830 612 2875 naturaliter
645 2830 875 2874 deorsum.
909 2829 1037 2873 Nihil
1068 2839 1220 2873 autem
1256 2829 1376 2873 aliud
1410 2831 1713 2876 extrinsecum
1750 2846 1937 2876 movere
1973 2841 2125 2892 potest

168 2897 337 2956 absque
377 2896 596 2941 violentia
639 2910 803 2955 corpus
843 2895 1062 2949 naturale,
1095 2894 1182 2939 nisi
1213 2894 1329 2939 forte
1369 2911 1450 2956 per
1476 2897 1701 2952 accidens,
1739 2898 1855 2943 sicut
1880 2912 2123 2944 removens

164 2963 426 3024 prohibens,
452 2963 576 3024 quod
593 2964 740 3022 magis
767 2963 905 3007 utitur
926 2972 1056 3006 motu
1078 2961 1286 3016 naturali,
1312 2962 1384 3006 vel
1412 2965 1591 3008 actione
1617 2979 1756 3024 quam
1783 2975 1938 3009 causet
1958 2965 2120 3024 ipsum.

165 3029 282 3075 Illud
312 3030 451 3090 igitur
481 3029 634 3075 solum
667 3043 807 3089 agens
828 3037 978 3090 potest
1001 3042 1187 3073 causare
1220 3039 1399 3073 motum
1420 3029 1667 3076 voluntatis
1694 3032 1862 3091 absque
1888 3031 2122 3086 violentia,

159 3097 289 3158 quod
323 3106 480 3142 causat
518 3096 795 3157 principium
826 3096 1122 3141 intrinsecum
1154 3095 1287 3153 hujus
1320 3105 1487 3151 motus,
1526 3097 1647 3156 quod
1690 3108 1757 3143 est
1791 3098 1995 3157 potentia
2025 3098 2123 3158 ipsa

165 3161 427 3209 voluntatis.
451 3163 554 3208 Hoc
573 3173 726 3209 autem
745 3167 812 3208 est
835 3163 976 3218 Deus,
999 3162 1076 3222 qui
1099 3161 1301 3205 animam
1323 3162 1447 3208 solus
1467 3173 1603 3218 creat,
1630 3174 1678 3209 ut
1694 3164 1740 3209 in
1758 3164 1959 3209 secundo
1977 3174 2123 3211 osten-

167 3243 270 3276 sum
310 3240 378 3275 est
418 3231 478 3288 (c.
513 3242 583 3275 21.
617 3240 662 3275 et
694 3229 799 3289 87.).
839 3228 974 3274 Solus
1006 3229 1143 3288 igitur
1174 3229 1299 3273 Deus
1334 3239 1483 3289 potest
1509 3245 1696 3276 movere
1726 3230 2011 3276 voluntatem
2041 3246 2123 3292 per

167 3295 360 3342 modum
387 3297 562 3356 agentis
594 3296 761 3356 absque
792 3294 1023 3340 violentia.

257 3362 376 3407 Hinc
411 3372 478 3408 est
504 3363 625 3423 quod
659 3363 822 3407 dicitur
847 3362 1004 3422 (Prov.
1030 3362 1153 3406 XXI.
1182 3361 1263 3420 1.):
1294 3362 1381 3408 Cor
1401 3365 1508 3422 regis
1533 3365 1577 3408 in
1598 3378 1726 3409 manu
1748 3365 1943 3419 Domini,
1967 3370 2003 3409 et
2028 3379 2125 3424 quo-

169 3442 340 3489 cumque
355 3430 549 3485 voluerit,
568 3429 787 3475 inclinabit
807 3428 912 3474 illud
922 3444 940 3482 ;
965 3439 1009 3474 et
1026 3429 1211 3488 (Philip.
1229 3427 1284 3472 ΙΙ.
1308 3429 1395 3490 13.)
1411 3445 1420 3475 ε
1437 3432 1553 3476 Deus
1569 3438 1623 3477 est
1644 3433 1716 3493 qui
1732 3437 1927 3493 operatur
1940 3433 1985 3477 in
2005 3433 2125 3478 nobis

168 3501 206 3542 et
225 3496 327 3542 velle
350 3502 387 3542 et
396 3498 594 3558 perficere
615 3504 697 3558 pro
719 3498 829 3542 bona
848 3495 1073 3544 voluntate.
