2332 3854
215 226 322 295 480
842 238 997 276 LIBER
1037 238 1113 275 111.
1156 236 1276 275 CAP.
1318 235 1523 276 cxxvn.

214 339 289 385 vel
314 341 566 385 secundum
594 340 917 400 quantitatem3
945 338 1036 382 alio
1063 338 1222 392 modo,
1248 338 1502 389 secundum
1534 339 1658 397 quod
1674 348 1898 398 repugnat
1921 338 2180 384 conditioni

217 408 312 465 ejus
339 407 416 483 qui
438 408 574 451 utitur
602 407 727 459 cibis,
749 405 823 448 vel
849 418 1009 448 eorum
1032 418 1138 448 cum
1160 405 1322 463 quibus
1339 415 1646 459 conversatur,
1672 416 1780 464 puta
1805 419 1947 464 quum
1970 407 2072 465 quis
2105 401 2179 455 'aei-³

216 474 416 518 curatius
433 474 543 518 cibis
570 473 707 517 utitur
733 486 870 530 quam
897 485 977 515 sua
1003 470 1194 515 facultas
1212 473 1443 526 sustineat,
1461 482 1507 516 et
1524 472 1652 516 aliter
1670 487 1808 531 quam
1835 484 1995 523 eorum
2018 479 2181 517 mores

215 540 413 585 habeant
439 555 543 583 cum
570 539 730 598 quibus
757 538 984 592 convivit3
1010 538 1144 582 tertio
1171 537 1328 592 mod0,
1355 538 1606 583 secundum
1632 538 1756 598 quod
1779 538 1871 582 cibi
1895 548 2000 583 sunt
2018 539 2173 598 aliqua

216 607 317 665 lege
337 607 566 665 prohibiti,
586 615 769 664 propter
787 604 985 663 aliquam
1005 617 1189 648 causam
1207 603 1451 662 specialem
1470 606 1613 663 (puta,
1631 605 1677 648 in
1694 605 1837 655 veteri
1851 604 1968 664 lege,
1989 604 2182 664 quidam·

219 675 305 718 cibi
343 673 697 734 prohibebantur
732 682 915 730 propter
951 671 1360 730 significationem3
1395 672 1443 715 in
1475 673 1688 731 Aegypto
1721 671 2042 730 prohibebatur
2067 667 2181 716 anti·

220 743 372 800 quitus
399 741 623 783 comestio
663 739 809 783 carnis
845 738 1055 793 bovinae,
1086 752 1145 782 ne
1172 738 1447 797 agricultura
1485 737 1813 797 impediretur),
1838 737 1914 781 vei
1939 737 2172 787 etiamse-

222 808 421 851 cundum
449 805 570 864 quod
598 804 776 863 aliquae
802 803 987 863 regulae
1012 805 1257 863 prohibent
1283 804 1505 864 aliquibus
1532 805 1642 849 cibis
1668 804 1748 859 uti,
1774 805 1831 849 ad
1857 804 2181 863 concupiscen-

219 875 329 918 tiam
355 872 688 917 refrenandam.

312 942 429 985 Hinc
464 949 532 984 est
563 940 685 998 quod
724 939 953 983 Dominus
993 938 1102 988 dicit
1133 938 1314 998 (Matth.
1341 939 1442 984 XV.
1479 939 1592 996 11.):
1626 939 1725 984 Non
1748 939 1863 997 ,quod
1894 940 2034 984 intrat
2056 939 2108 983 in
2133 953 2179 984 os

220 1010 464 1066 coinquinat
498 1007 732 1063 bominem5
767 1015 811 1049 et
842 1006 1004 1049 dicitur
1043 1006 1100 1063 (Ι.
1136 1005 1344 1050 Corinth.
1375 1005 1433 1049 X.
1467 1006 1583 1062 25.):
1620 1006 1756 1050 Omne
1785 1005 1895 1064 quod
1923 1007 1971 1049 in
1998 1005 2173 1050 macello

221 1071 1211 1131 venitmanducate,nihilinterrogantespropter
1223 1073 1540 1124 eonscientiam;
1555 1082 1600 1116 et
1615 1072 1779 1116 dicitur
1793 1070 1848 1129 (Ι.
1863 1068 2176 1128 Tim.1v.4.):

224 1142 373 1186 Omnis
394 1145 588 1184 ereatura
608 1140 693 1183 Dei
715 1140 823 1183 bona
848 1145 917 1192 est,
937 1145 978 1183 et
990 1138 1098 1182 nihil
1118 1138 1390 1197 rejiciendum
1410 1138 1518 1197 quod
1535 1153 1629 1183 cum
1647 1140 1890 1197 gratiarum
1905 1138 2069 1184 actione
2082 1145 2181 1207 for·

221 1209 388 1266 cipitur.
1974 1220 1988 1228 ··

314 1276 401 1320 Per
426 1275 516 1319 hoc
540 1284 692 1318 autem
720 1272 972 1317 excluditur
997 1272 1301 1337 quorumdam
1330 1286 1456 1317 error
1475 1272 1554 1339 qui
1574 1285 1708 1316 usum
1730 1271 2036 1331 quorumdam
2062 1268 2184 1316 cibo-

222 1357 323 1387 rum
351 1342 604 1387 secundum
636 1354 684 1385 se
717 1340 874 1384 dicunt
903 1353 1002 1386 esse
1036 1339 1272 1393 illicitum;
1304 1339 1360 1383 de
1392 1333 1553 1398 quibus
1585 1338 1838 1398 Apostolus
1869 1338 1978 1383 dicit
2006 1338 2182 1383 ibidem

228 1411 283 1467 (Ι.
304 1409 427 1453 Tim.
447 1409 526 1452 IV.
559 1421 597 1452 1·
603 1407 684 1467 3.:)
712 1408 765 1452 In
789 1409 1026 1451 novissimis
1059 1407 1322 1466 temporibus,
1356 1405 1558 1450 discedent
1583 1405 1755 1464 quidam
1774 1418 1802 1449 a
1817 1405 1911 1463 fide,
1937 1403 2182 1451 attendmtes

221 1478 435 1537 spiritibus
459 1477 615 1520 erroris
646 1481 682 1519 et
703 1475 901 1519 doctrinis
926 1474 1241 1518 daemoniorum
1268 1473 1576 1531 prohibentium
1605 1472 1792 1526 nubere,
1801 1473 2007 1517 abstinent
2025 1485 2052 1516 a
2077 1470 2183 1522 «ibis

223 1558 322 1603 quos
354 1544 468 1587 Deus
494 1544 653 1587 creavit
677 1541 732 1586 ad
751 1541 1066 1600 percipiendum
1092 1555 1186 1587 cum
1215 1541 1458 1598 gratiarum
1489 1540 1663 1584 actione.
1915 1571 1929 1575 --

314 1609 437 1662 Quia
462 1623 571 1653 vero
606 1623 711 1652 usus
739 1608 946 1652 ciborum
981 1617 1024 1651 et
1054 1621 1357 1651 venereorum
1388 1620 1484 1650 non
1516 1616 1583 1651 est
1618 1604 1870 1653 secundum
1902 1582 1970 1650 so·
1980 1572 2181 1661 illinitus,

223 1676 302 1720 sed
327 1676 479 1721 solum
506 1676 757 1720 secundum
786 1674 908 1733 quod
927 1675 1018 1718 exit
1044 1674 1097 1717 ab
1122 1674 1281 1717 ordine
1298 1673 1485 1717 rationis
1501 1672 1685 1716 illicitus
1708 1686 1806 1716 esse
1823 1682 1987 1731 potest,
2005 1687 2058 1717 ea
2074 1687 2184 1718 vero
2211 1727 2216 1729 .

222 1758 338 1802 quae
366 1744 560 1787 exterius
588 1742 875 1800 possidentur
906 1740 1165 1786 necessaria
1190 1750 1296 1784 sunt
1316 1740 1372 1783 ad
1398 1739 1710 1798 sumptionem
1742 1739 1964 1793 ciborum,
1991 1739 2047 1783 ad
2073 1740 2178 1785 edu-

225 1811 452 1854 cationem
480 1808 617 1867 prolis
646 1818 690 1852 et
715 1809 1091 1851 sustentationem
1116 1806 1332 1859 familiae,
1360 1816 1404 1850 et
1430 1806 1485 1849 ad
1513 1805 1623 1849 alias
1651 1805 1855 1864 corporis
1872 1806 2180 1862 necessitates,

228 1890 512 1952 conse-quens
540 1886 607 1920 est
632 1875 753 1934 quod
771 1889 855 1918 nec
882 1873 1134 1918 secundum
1152 1887 1199 1917 se
1220 1874 1359 1917 etiam
1387 1873 1645 1917 divitiarum
1666 1872 1894 1931 possessio
1909 1882 1993 1919 ¹¹est:
2009 1872 2181 1928 illicita,

227 1943 264 1987 si
287 1943 400 1986 ordo
433 1943 620 1986 rationis
647 1952 863 1994 servetur,
889 1941 953 1984 ita
977 1940 1151 1984 scilicet
1175 1940 1298 1998 quod
1325 1941 1439 1997 juste
1465 1939 1610 1983 homo
1634 1939 1865 1997 possideat
1890 1953 2006 1997 quae
2030 1939 2182 1995 habet,

225 2020 269 2054 et
292 2010 440 2068 quod
430 2024 476 2053 in
495 2010 559 2053 eis
585 2008 723 2052 finem
744 2007 991 2051 voluntatis
1017 2020 1125 2053 suae
1147 2020 1241 2050 non
1268 2006 1528 2060 constituat,
1556 2016 1600 2050 et
1625 2006 1747 2064 quod
1774 2005 1840 2049 eis
1861 2005 2032 2051 debito
2039 2007 2182 2052 modo

229 2087 379 2121 utatur
406 2076 460 2119 ad
493 2090 623 2120 suam
650 2086 694 2119 et
726 2063 921 2118 aliorum
953 2073 1207 2117 utilitatem.

319 2144 438 2187 Hinc
476 2153 544 2187 est
579 2142 701 2201 quod
734 2139 985 2199 Apostolus
1018 2141 1073 2198 (I.
1108 2138 1315 2184 Timoth.
1347 2139 1425 2184 VI.
1468 2152 1533 2196 17.
1568 2148 1614 2182 et
1644 2137 1732 2198 18.)
1758 2138 1924 2183 divites
1955 2153 2052 2184 non
2081 2108 2188 2193 con-

225 2211 425 2264 demnat,
447 2209 526 2254 sed
554 2210 629 2253 eis
644 2218 815 2252 certam
841 2207 1050 2266 regulam
1077 2207 1240 2250 divitiis
1268 2206 1423 2249 utendi
1448 2205 1598 2258 tradit,
1620 2205 1799 2249 dicens:
1821 2206 2044 2251 Divitibus
2063 2206 2186 2265 hujus

226 2278 381 2322 saeculi
401 2279 596 2337 praecipe
622 2290 705 2320 non
729 2277 901 2320 sublime
916 2283 1071 2334 sapere,
1089 2289 1215 2332 neque
1230 2281 1393 2332 sperare
1414 2275 1460 2317 in
1479 2275 1635 2317 incerto
1657 2272 1922 2326 divitiarum,
1943 2272 2074 2318 sedin
2091 2274 2186 2322 Deo

225 2347 326 2388 vivo
353 2344 444 2402 (qui
462 2349 647 2403 praestat
668 2344 787 2387 nobis
818 2344 961 2386 omnia
986 2341 1144 2385 abunde
1176 2341 1229 2384 ad
1257 2340 1522 2397 fruendum),
1556 2341 1652 2383 bene
1683 2353 1820 2397 agere,
1853 2339 2121 2399 divitesfieri
2140 2342 2188 2386 in

229 2413 344 2456 bonis
375 2412 578 2469 operibus,
596 2410 727 2468 facile
754 2411 946 2462 tribuere,
972 2409 1305 2459 communicare;
1334 2416 1382 2450 et
1405 2405 1567 2464 (Eccli.
1588 2406 1757 2450 XXXI.
1784 2405 1872 2463 8.):
1896 2407 2050 2452 Beatus
2071 2406 2186 2452 dives

226 2480 298 2537 qui
322 2480 517 2523 inventus
542 2483 597 2523 est
615 2478 701 2522 sine
721 2476 916 2529 macula;
939 2482 976 2521 et
1008 2477 1080 2534 qui
1093 2481 1188 2533 post
1212 2489 1366 2518 aurum
1391 2487 1475 2517 non
1499 2474 1617 2526 abiit,
1645 2487 1718 2517 nee
1737 2474 1990 2533 speravitin
2002 2475 2190 2533 [κωπίω

228 2552 265 2590 et
291 2546 505 2590 thesauris.
986 2575 988 2578 ψ

312 2612 400 2656 Per
425 2612 516 2656 hoc
548 2611 686 2655 etiam
719 2609 971 2654 excluditur
997 2607 1302 2667 quorumdam
1330 2621 1469 2660 error,
1493 2606 1582 2665 qui,
1610 2615 1660 2650 ut
1690 2605 1993 2665 Augustinus
2000 2578 2152 2655 dicit
2139 2618 2192 2652 m

231 2678 347 2724 libro
379 2680 451 2723 De
482 2678 705 2722 haeresib.
730 2678 789 2734 (c.
817 2676 935 2733 4o.):
967 2691 990 2717 t<
1008 2674 1303 2751 Apostoli-cos
1329 2689 1378 2719 se
1406 2673 1778 2731 arrogantissime
1803 2677 2099 2728 vocaverunt,
2126 2687 2190 2718 eo

231 2747 354 2805 quod
386 2747 429 2790 in
457 2759 588 2790 suam
611 2744 989 2790 communionem
1015 2756 1109 2786 non
1133 2742 1391 2800 acciperent
1416 2751 1594 2785 utentes
1629 2740 1899 2799 conjugibus
1918 2749 1970 2784 >et
1992 2754 2067 2784 res
2086 2753 2190 2799 pti-o-⁴

231 2814 350 2872 prias
383 2813 679 2872 possidentes,
706 2810 861 2870 quales
887 2811 1025 2854 habet
1057 2808 1284 2852 catholica
1321 2807 1527 2852 Ecclesia
1554 2817 1598 2852 et
1631 2807 1891 2852 monachos
1921 2817 1966 2852 et
1997 2806 2194 2865 clericos

233 2880 484 2939 plurimos;
517 2879 596 2923 sed
628 2879 732 2923 ideo
764 2877 838 2921 isti
868 2876 1086 2920 haeretici
1117 2885 1234 2928 sunt,
1258 2877 1491 2934 quoniam,
1519 2887 1566 2918 se
1594 2874 1649 2917 ab
1681 2873 1886 2918 Ecclesia
1913 2881 2188 2932 separantes,

227 2946 402 2991 nullam
425 2960 550 3006 spem
576 2954 735 3005 putant
758 2959 837 2989 eos
862 2944 1032 2987 habere
1060 2943 1137 3002 qui
1163 2952 1349 2986 utuntur
1374 2942 1445 2985 his
1468 2941 1599 2985 rebus
1618 2941 1778 3000 quibus
1799 2941 1885 3000 ipsi
1910 2950 2067 2985 carent
2082 2954 2127 2984 u.

911 3098 1164 3158 CAPUT
1209 3096 1526 3154 CXXVIII.
2159 3172 2162 3179 Ι

234 3239 519 3285 QUOMODO
554 3237 855 3277 SECUNDUM
887 3235 1071 3274 LEGEM
1103 3235 1197 3272 DEI
1226 3233 1391 3272 HOMO
1424 3233 1498 3270 AD
1522 3231 1813 3271 PROXIMUM
1843 3228 2185 3271 onon-mm.

319 3347 385 3391 Ex
413 3348 483 3391 his
516 3360 626 3405 ergo
655 3360 770 3405 quae
797 3345 916 3389 dicta
943 3354 1049 3389 sunt
1079 3342 1372 3388 manifestum
1405 3351 1472 3387 est
1504 3342 1627 3401 quod
1659 3340 1911 3389 secundum
1941 3339 2097 3398 legem
2121 3337 2188 3383 dfi—

229 3415 385 3457 vinam
412 3414 556 3458 homo
584 3414 811 3457 inducitur
836 3422 885 3455 ut
917 3412 1126 3456 ordinem
1152 3410 1340 3455 rationis
1365 3419 1513 3453 servet
1546 3411 1591 3452 in
1624 3407 1839 3452 omnibus
1870 3418 1989 3466 quae
2009 3405 2060 3451 i'n
2090 3404 2189 3463 ejus

233 3494 366 3525 usum
391 3481 545 3525 venire
568 3490 772 3539 possunt.
786 3480 908 3524 Inter
925 3479 1080 3523 omnia
1100 3487 1252 3522 autem
1271 3490 1387 3535 quae
1402 3476 1450 3519 in
1467 3490 1599 3520 usum
1617 3474 1819 3519 hominis
1839 3473 2048 3526 veniunt,
2066 3484 2197 3531 prae-

233 3547 365 3605 cipua
397 3557 500 3592 sunt
526 3548 664 3591 etiam
692 3546 767 3590 alii
793 3546 1019 3590 homines.
1053 3545 1209 3589 Homo
1236 3553 1391 3589 autem
1415 3541 1681 3587 naturaliter
1705 3538 1894 3587 animai
1899 3537 2073 3584 sociale
2094 3546 2190 3592 est;

231 3614 403 3673 indiget
425 3615 548 3659 enim
576 3614 730 3659 multis
756 3627 873 3673 quae
896 3626 975 3672 per
992 3626 1135 3658 unum
1152 3611 1304 3657 solum
1320 3611 1468 3670 parari
1483 3623 1578 3654 non
1595 3618 1818 3668 possunt.
1815 3606 2027 3667 Oportet
2048 3603 2190 3665 igitur
