2332 3854
805 224 960 262 LIBER
999 223 1075 262 1111.
1118 224 1237 262 CAP.
1280 222 1388 262 XLI·
1826 191 1831 196 ·
1969 225 2074 280 339

121 326 316 372 Ratione
349 337 502 372 autem
534 326 840 371 similitudinis
865 341 919 371 ex
946 325 1108 372 effectu
1143 340 1238 371 non
1264 326 1431 386 poterit
1462 326 1564 370 sciri
1597 325 1652 369 de
1686 339 1822 371 causa
1855 326 1961 385 quid
1993 338 2081 382 est,

119 393 207 439 nisi
226 395 284 438 sit
308 408 449 453 agens
474 393 606 438 unius
627 393 820 453 speciei;
846 393 911 438 sic
945 403 1098 438 autem
1123 407 1216 437 non
1249 407 1297 437 se
1339 393 1508 437 habent
1539 392 1815 437 substantiae
1841 404 2075 451 separatae

26 458 44 483 ³
118 459 175 505 ad
200 460 442 505 sensibilia.
468 459 663 504 Ratione
689 468 842 504 autem
868 460 1042 504 virtutis
1067 460 1158 503 hoc
1186 460 1325 504 etiam
1350 473 1444 504 non
1470 469 1619 518 potest
1644 472 1759 512 esse,
1781 459 1867 503 nisi
1890 460 2074 518 quando

118 524 304 571 effectus
337 527 560 586 adaequat
573 526 787 570 virtutem
813 540 997 572 causae:
1018 536 1126 570 tunc
1153 527 1277 581 enim
1299 541 1378 584 per
1396 524 1608 571 effectum
1629 535 1725 570 tota
1749 525 1891 570 virtus
1910 540 2075 571 causae

119 594 426 652 cognoscitur,
447 594 588 638 virtus
613 603 765 637 autem
796 593 862 637 rei
893 593 1175 637 demonstrat
1206 593 1505 638 substantiam
1537 592 1699 651 ipsius;
1723 592 1814 637 hoc
1850 603 2002 637 autem
2029 595 2074 638 in
2107 643 2110 647 A

117 660 353 720 proposito
380 660 468 704 dici
488 673 583 704 non
609 669 778 718 potest:
805 673 911 703 nam
931 661 1115 703 virtutes
1138 652 1488 704 substantiarum
1515 669 1826 718 separatarum
1852 659 2077 704 excedunt

118 724 304 771 effectus
329 726 564 770 sensibiles
597 740 759 770 omnes
791 740 906 784 quos
938 725 1167 769 intellectu
1196 725 1643 784 comprehendimus,
1675 725 1800 771 sicut>
1815 725 1957 770 virtus
1982 726 2076 769 uni-

116 791 303 836 versalis
328 791 541 836 effectum
566 792 902 851 particularem.
926 792 1034 836 Non
1052 802 1117 835 est
1142 792 1278 850 igitur
1304 792 1518 851 possibile
1540 792 1675 851 quod,
1688 806 1769 851 per
1793 792 2074 836 sensibilium

114 856 414 912 intellectum,
440 858 651 902 devenire
678 858 905 917 possimus
932 858 987 901 ad
1008 857 1355 916 intelligendum
1383 859 1654 902 substantias
1686 868 1931 917 separatas.

202 924 399 969 Adhuc:
427 925 584 968 omnia
615 924 916 983 intelligibilia
952 924 998 967 in
1041 938 1236 982 quorum
1265 924 1575 982 cognitionem
1613 924 1880 969 devenimus
1907 939 1988 983 per
2012 925 2073 970 in·

114 990 409 1050 quisitionem
435 1001 479 1035 et
505 991 703 1035 studium
730 991 785 1034 ad
813 990 1014 1049 aliquam
1041 990 1334 1034 scientiarum
1361 990 1743 1048 speculativarum
1761 991 2001 1049 pertinent.
2025 991 2076 1036 Si

57 1063 62 1070 '
114 1056 265 1116 igitur,
290 1070 371 1116 per
394 1057 485 1101 hoc
511 1058 634 1115 quod
659 1056 955 1115 intelligimus
980 1066 1162 1101 naturas
1195 1067 1239 1100 et
1264 1057 1534 1115 quidditates
1560 1057 1752 1100 istorum
1775 1057 2074 1111 sensibilium,

113 1123 406 1182 pervenimus
432 1123 489 1166 ad
514 1122 831 1181 intelligendas
866 1123 1136 1168 substantias
1169 1133 1412 1181 separatas,
1446 1132 1627 1181 oportet
1659 1122 1780 1181 quod
1818 1123 2074 1180 intelligere

114 1182 386 1234 substantias
411 1199 638 1248 separatas
657 1191 893 1248 contingat
918 1203 997 1248 per
1023 1190 1223 1248 aliquam
1250 1189 1541 1234 scientiarum
1559 1188 1954 1247 speculativarum.
1970 1189 2073 1235 Hoc
2099 1226 2102 1231 ,

114 1265 268 1300 autem
293 1269 388 1300 non
407 1256 638 1310 videmus3
669 1270 761 1300 non
791 1266 858 1300 est
884 1257 1006 1300 enim
1039 1256 1190 1315 aliqua
1227 1255 1508 1315 speculativa
1545 1255 1734 1300 scientia
1767 1270 1884 1314 quae
1910 1257 2076 1300 doceat

30 1352 33 1354 -
113 1321 170 1367 de
197 1321 346 1381 aliqua
371 1322 723 1367 substantiarum
759 1333 1068 1382 separatarum
1097 1323 1203 1382 quid
1227 1334 1308 1376 est,
1340 1323 1419 1367 sed
1447 1321 1599 1367 solum
1627 1323 1732 1381 quia
1765 1332 1846 1367 est.
1870 1323 1979 1367 Non
2005 1333 2075 1367 est

19 1402 36 1420 ³⁴
111 1388 250 1447 igitur
274 1387 490 1447 possibile
516 1389 653 1447 quod,
680 1403 759 1448 per
784 1390 874 1433 hoc
908 1389 1029 1448 quod
1055 1388 1353 1447 intelligimus
1381 1399 1565 1433 naturas
1597 1388 1895 1443 sensibilium,
1921 1403 2074 1448 perve-

21 1454 37 1501 Ῐ
110 1454 290 1499 niamus
323 1454 379 1499 ad
411 1455 728 1514 intelligendas
755 1456 1027 1500 substantias
1068 1466 1312 1515 separatas.
1356 1455 1406 1501 Si
1443 1467 1597 1501 autern
1640 1456 1815 1500 dicatur
1845 1456 1969 1514 quod
2005 1466 2074 1501 est

95 1520 326 1582 ,possibile
359 1536 458 1567 esse
491 1522 690 1581 aliquam
723 1522 863 1566 talem
895 1522 1134 1566 scientiam
1177 1522 1522 1580 speculativam,
1554 1522 1764 1581 quamvis
1796 1522 1945 1567 adhuc
1978 1537 2073 1567 non

111 1587 169 1632 sit
192 1588 391 1642 inventa,
416 1589 507 1632 hoc
534 1588 650 1634 nihil
675 1599 761 1643 est;
799 1589 904 1647 quia
929 1602 1023 1632 non
1050 1598 1118 1633 est
1142 1588 1372 1647 possibile,
1398 1603 1478 1646 per
1510 1588 1661 1647 aliqua
1693 1587 1915 1647 principia
1939 1589 2072 1634 nobis

110 1664 235 1708 nota,
262 1654 318 1698 ad
343 1654 662 1713 intelligendas
687 1655 958 1699 substantias
985 1655 1240 1713 praedictas
1266 1655 1494 1699 devenire.
1530 1655 1705 1700 Omnia
1736 1655 1859 1698 enim
1886 1656 2071 1714 propria

67 1765 70 1768 ,
109 1721 331 1781 principia
372 1723 701 1781 cujuscumque
742 1723 958 1766 scientiae
1002 1722 1259 1780 dependent
1289 1736 1343 1766 ex
1375 1722 1605 1781 principiis
1645 1722 1804 1780 primis
1829 1721 2068 1766 indemon-

110 1787 365 1832 strabilibus
409 1802 499 1847 per·
524 1802 573 1832 se
604 1789 739 1842 notis,
771 1802 967 1845 quorum
995 1789 1311 1845 cognitionem
1345 1803 1369 1832 a
1402 1787 1688 1832 sensibilibus
1723 1788 1988 1846 accipimus,
2021 1799 2070 1832 ut

108 1863 232 1914 patet
255 1854 302 1898 in
327 1853 416 1899 fine
441 1854 616 1899 Poster.
644 1856 696 1913 (t.
720 1869 759 1899 c.
787 1856 895 1913 27.).
928 1855 1171 1900 Sensibilia
1203 1865 1358 1900 autem
1389 1868 1483 1899 non
1516 1854 1792 1900 sufficienter
1823 1855 1995 1899 ducunt
2018 1856 2067 1899 in

6 1955 12 1963 .
86 1937 91 1942 ·
111 1920 424 1978 cognitionem
440 1934 592 1965 rerum
617 1921 1014 1976 immaterialium,
1032 1931 1082 1966 ut
1112 1935 1192 1979 per
1217 1922 1472 1981 superiores
1494 1922 1692 1966 rationes
1720 1932 1788 1966 est
1811 1922 2068 1981 probatum.

109 1987 216 2032 Non
242 1997 311 2032 est
336 2002 447 2047 ergo
479 1988 693 2048 possibile
733 1989 932 2048 aliquam
959 1989 1196 2034 scientiam
1229 2003 1328 2034 esse
1372 2003 1452 2047 per
1482 2003 1621 2048 quam
1654 1989 1710 2033 ad
1743 1988 2066 2048 intelligendas

109 2054 380 2099 substantias
401 2064 630 2113 separatas
662 2055 887 2114 perveniri
917 2055 1073 2114 possit.

849 2230 1103 2287 CAPUT
1143 2230 1318 2318 XL11.

557 2365 715 2412 QUOD
757 2366 874 2405 NON
913 2366 1195 2404 Possumus
1236 2366 1292 2405 m
1325 2365 1438 2406 HAc
1470 2367 1602 2405 vrrA
1822 2412 1828 2421 .

387 2446 818 2487 COGNOSCERE
875 2447 1327 2487 suBs‘rANTms
1384 2448 1779 2500 SEPARATAS,

735 2530 810 2567 UT
851 2512 1043 2568 PosmT
1084 2530 1428 2569 ALEXANDER.

20 2685 37 2692 ,
195 2642 319 2697 Quia
349 2657 459 2688 vero
484 2643 744 2690 Alexander
767 2645 919 2703 posuit
943 2645 1158 2704 (Paraph.
1185 2646 1255 2690 De
1282 2646 1450 2700 anima,
1482 2646 1703 2705 primo,·c.
1730 2646 1802 2691 De
1828 2645 2060 2691 intellectu

32 2739 35 2741 »
105 2710 303 2768 agente),
343 2710 466 2769 quod
499 2710 754 2756 intellectus
786 2711 1012 2771 possibilis
1048 2721 1116 2755 est
1154 2712 1423 2770 generabilis
1466 2722 1511 2756 et
1550 2712 1866 2770 corruptibilis,
1903 2722 2059 2770 utpote

103 2775 327 2834 quaedam
353 2777 636 2835 praeparatio
667 2778 898 2822 humanae
928 2787 1116 2822 naturae
1150 2792 1434 2837 consequens
1458 2779 1838 2823 commixtionem
1865 2778 2060 2824 elemen-

103 2852 269 2896 torum,
295 2852 344 2886 ut
368 2842 414 2885 in
446 2843 647 2886 secundo
673 2845 735 2901 (c.
762 2842 855 2899 62.)
881 2844 1087 2888 habitum
1119 2854 1186 2888 est
1217 2846 1332 2903 (non
1359 2854 1427 2889 est
1459 2855 1610 2889 autem
1644 2845 1857 2904 possibile
1883 2856 1931 2890 ut
1957 2845 2058 2891 talis

32 2918 36 2920 ·
103 2907 244 2952 virtus
259 2921 394 2966 supra
416 2908 667 2953 materialia
684 2909 919 2966 elevetur),
942 2911 1092 2969 posuit
1111 2911 1233 2970 quod
1252 2911 1506 2956 intellectus
1525 2911 1751 2971 possibilis
1772 2922 1926 2957 noster
1949 2927 2059 2956 nun-

30 2969 47 2990 ²⁵
102 2987 241 3033 quam
266 2974 409 3033 possit
440 2975 672 3033 pervenire
707 2977 762 3020 ad
793 2975 1112 3035 intelligendas
1144 2978 1413 3022 substantias
1444 2989 1695 3038 separata53
1728 2979 1879 3038 posuit
1903 2989 2057 3025 tamen

15 3050 39 3097 55.
101 3039 223 3098 quod
249 3053 349 3094 nos,
381 3041 633 3085 secundum
650 3051 815 3086 statum
844 3044 1091 3100 praesentis
1117 3044 1250 3098 vitae,
1273 3058 1515 3102 possumus
1531 3046 1803 3090 substantias
1828 3057 2057 3106 separatas

29 3106 35 3114 ”
101 3105 374 3166 intelligere3
400 3109 522 3167 quod
541 3108 733 3167 'quidem
759 3110 998 3154 ostendere
1023 3111 1250 3155 nitebatur
1275 3112 1365 3156 hoc
1393 3112 1558 3156 modo:

190 3173 561 3233 Unumquodque
587 3176 769 3234 quando
795 3177 999 3235 pervenit
1024 3177 1079 3221 ad
1107 3177 1498 3237 complementum
1524 3180 1571 3223 in
1588 3194 1670 3224 sua
1695 3180 1988 3239 generatione
2011 3191 2057 3226 et

35 3238 39 3270 ἶ·
101 3238 158 3284 ad
182 3239 391 3284 ultimam
414 3240 739 3299 perfectionem
763 3256 871 3286 suae
892 3243 1181 3298 substantiae,
1205 3244 1506 3302 complebitur
1528 3247 1733 3305 operatio
1755 3247 1937 3306 propria
1959 3261 2055 3302 sua,

100 3305 195 3350 sive
221 3307 356 3360 actio,
382 3307 476 3351 sive
509 3308 684 3366 passio;
715 3308 830 3352 sicut
856 3309 978 3354 enim
1005 3311 1208 3369 operatio
1241 3312 1538 3356 substantiam
1565 3313 1780 3372 sequitur,
1805 3314 1868 3357 ita
1894 3328 2054 3374 opera-

22 3370 37 3385 ”
99 3371 234 3416 tionis
261 3371 475 3431 perfectio
507 3373 829 3432 perfectionem
865 3377 1163 3430 substantiae3
1197 3378 1315 3422 unde
1342 3379 1526 3433 animal,
1550 3394 1691 3438 quum
1715 3379 1849 3425 fuerit
1874 3394 1928 3424 ex
1953 3391 2053 3426 toto

26 3441 35 3449 ’
99 3438 362 3498 perfectum,
390 3441 554 3498 poterit
577 3455 658 3499 per
688 3455 736 3486 se
769 3442 1016 3488 ambulare.
1055 3443 1315 3489 Intellectus
1348 3455 1500 3489 autem
1532 3445 1788 3500 habitualis,
1831 3449 1907 3506 qui
1938 3448 2055 3492 nihil

101 3514 169 3551 est
198 3504 319 3550 aliud
350 3520 488 3565 quam
521 3507 695 3566 species
726 3507 1030 3568 intelligibiles
1061 3509 1207 3555 factae
1240 3525 1318 3570 per
1356 3511 1638 3557 intellectum
1677 3523 1888 3571 agentem
1926 3515 2050 3560 exsi-

102 3580 270 3619 stentes
296 3573 341 3618 in
372 3572 603 3618 intellectu
636 3574 852 3634 possibili,
885 3576 1089 3637 operatio
1123 3587 1189 3622 est
1221 3577 1407 3638 duplex:
1442 3593 1544 3634 una,
1578 3589 1626 3624 ut
1658 3579 1792 3627 faciat
1822 3580 2052 3629 intellecta
