2332 3854
776 236 930 274 unna
969 235 1040 274 1v.
1083 235 1204 274 CAP.
1245 235 1335 272 Lu.
1927 220 2027 289 641

850 426 1105 483 CAPUT
1149 426 1267 481 LII.

530 560 772 599 SOLUTIO
817 559 1205 614 OBJECTIONUM
1244 558 1576 598 POSITARUM.

166 670 237 714 Ad
264 670 428 714 horum
457 670 589 728 igitur
615 668 891 712 solutionem
919 669 1300 727 praemittendum
1329 678 1396 712 est
1422 668 1543 726 quod
1586 668 1762 725 peccati
1801 667 2036 727 originalis

76 738 124 781 in
155 737 361 780 humano
394 744 560 795 genere
587 734 878 794 probabiliter
909 736 1131 793 quaedam
1160 736 1289 793 signa
1317 743 1547 793 apparent.
1578 734 1735 786 Quum
1764 734 1887 778 enirn
1909 735 2035 779 Deus

74 803 384 847 humanorum
408 812 591 846 actuum
618 802 681 846 sic
710 815 866 845 curam
891 812 1019 859 gerat
1055 813 1102 845 ut
1138 803 1269 846 bonis
1307 802 1518 860 operibus
1555 802 1809 859 praemium
1833 809 1877 845 et
1899 802 2031 846 malis

77 860 273 929 poenam
306 869 533 922 retribuat,
562 878 609 911 ut
635 869 681 911 in
715 868 1021 925 superioribus
1055 878 1120 911 est
1148 877 1396 922 ostensum,
1424 881 1475 910 ex
1503 868 1599 926 ipsa
1623 881 1770 926 poena
1792 882 2035 927 possumus

77 934 314 979 certificari
343 935 401 978 de
433 934 580 993 culpa.
607 934 780 978 Patitur
820 945 974 978 autem
1007 936 1314 978 communiter
1355 935 1608 976 humanum
1653 947 1796 991 genus
1837 934 2037 978 diversas

49 1014 263 1060 poenas,
290 1011 334 1044 et
366 1000 626 1060 corporales
659 1010 704 1044 et
735 1000 1002 1058 spirituales.
1031 1001 1152 1043 Inter
1178 999 1440 1058 corporales
1468 1000 1703 1058 potissima
1727 1010 1795 1044 est
1816 1014 1956 1054 mors,
1979 1000 2036 1044 ad

75 1080 214 1131 qnam
240 1079 401 1111 omnes
429 1067 544 1110 aliae
576 1066 768 1110 tendunt
794 1077 838 1110 et
864 1067 1142 1119 ordinantur,
1176 1067 1350 1110 scilicet
1381 1065 1539 1119 fames,
1573 1066 1682 1119 sitis,
1706 1077 1750 1110 et
1772 1066 1859 1110 alia
1886 1067 2037 1124 hujus·

74 1133 217 1178 modi.
248 1133 370 1177 Inter
386 1132 646 1190 spirituales
674 1143 825 1176 autem
854 1142 921 1176 est
937 1133 1174 1191 potissima
1193 1132 1399 1177 debilitas
1416 1133 1618 1186 rationiS,
1637 1147 1691 1176 ex
1708 1147 1795 1191 qua
1813 1133 2039 1192 contingit

76 1199 198 1259 qnod
222 1199 369 1244 homo
395 1199 635 1243 difficulter
661 1201 863 1257 pervenit
897 1200 951 1243 ad
978 1200 1072 1243 veri
1100 1201 1427 1258 cognitionem,
1460 1209 1504 1243 et
1545 1200 1599 1243 de
1632 1199 1755 1243 facili
1798 1200 1963 1244 labitur
1989 1202 2034 1244 in

75 1272 293 1319 errorem,
323 1275 370 1310 et
395 1267 616 1324 appetitus
642 1266 851 1310 bestiales
879 1266 1070 1310 omnino
1109 1279 1318 1325 superare
1354 1281 1448 1310 non
1481 1275 1644 1324 potest,
1685 1265 1774 1310 sed
1804 1266 2037 1347 multoties

75 1333 364 1378 obnubilatur
397 1334 449 1377 ab
478 1334 556 1377 eis.

131 1401 323 1446 'Posset
352 1411 506 1445 tamen
540 1400 700 1460 aliquis
734 1400 898 1454 dicere,
924 1402 1188 1459 hujusmodi
1234 1400 1449 1454 defectus,
1476 1410 1571 1444 tam
1605 1399 1869 1458 corporales
1897 1413 2035 1459 quarn

6 1499 11 1503 -
73 1466 341 1528 spirituales,
361 1481 456 1511 non
484 1482 582 1512 esse
608 1464 839 1527 poenales,
862 1469 939 1511 sed
967 1467 1194 1511 naturales
1217 1467 1418 1511 defectus
1442 1481 1496 1511 ex
1523 1467 1792 1511 necessitate
1818 1467 2037 1511 materiae

75 1544 419 1593 consequentes.
445 1535 645 1578 Necesse
673 1544 741 1578 est
773 1535 895 1577 enim
932 1548 1096 1592 corpus
1127 1534 1396 1586 humanum,
1438 1547 1580 1592 quum
1608 1535 1663 1576 sit
1704 1547 1757 1576 ex
1798 1533 2036 1578 contrariis

74 1603 398 1658 compositum,
433 1600 723 1659 corruptibile
752 1614 875 1655 esse,
893 1610 937 1644 et
963 1601 1223 1644 sensibilem
1252 1601 1501 1658 appetitum
1535 1601 1580 1643 in
1614 1614 1668 1643 ea
1701 1614 1817 1658 quae
1844 1610 1949 1645 sunt
1974 1614 2038 1644 se·

74 1667 274 1711 cundum
300 1681 484 1711 sensum
511 1666 795 1710 delectabilia
828 1669 1018 1720 moveri,
1045 1681 1161 1725 quae
1194 1666 1423 1711 interdum
1456 1676 1561 1709 sunt
1593 1667 1822 1710 contraria
1854 1667 2037 1721 rationi,

17 1773 30 1786 ,
74 1741 117 1778 et
142 1733 424 1778 intellectum
451 1733 731 1792 possibilem,
758 1747 899 1794 quum
922 1734 978 1777 sit
995 1735 1040 1776 in
1058 1735 1260 1792 potentia
1279 1733 1333 1776 ad
1352 1733 1508 1776 omnia
1525 1732 1842 1790 intelligibilia,
1859 1733 2039 1777 nullum

75 1806 235 1845 eorum
260 1800 432 1843 habens
459 1800 504 1843 in
532 1810 649 1853 actu,
683 1800 761 1843 sed
794 1814 847 1844 ex
874 1800 1079 1844 sensibus
1120 1810 1279 1843 natum
1321 1813 1375 1843 ea
1413 1799 1660 1858 acquirere,
1702 1799 1942 1844 difficulter
1982 1800 2037 1844 ad

74 1866 312 1911 scientiam
332 1867 532 1911 veritatis
549 1867 817 1925 pertingere,
840 1876 884 1910 et
905 1866 960 1910 de
982 1865 1105 1909 facili
1126 1877 1311 1925 propter
1333 1866 1651 1925 phantasmata
1670 1880 1695 1909 a
1711 1881 1821 1910 vero
1840 1866 2036 1910 deviare.

166 1932 256 1977 Sed
282 1942 453 1986 tamen,
485 1933 524 1977 si
555 1933 653 1992 quis
687 1942 810 1977 recte
844 1931 1114 1985 consideret,
1142 1934 1248 1976 satis
1271 1931 1565 1991 probabiliter
1590 1935 1755 1990 poterit
1782 1933 2037 1987 aestimare,

75 1998 227 2042 divina
252 1999 536 2058 providentia
569 1999 816 2057 supposita,
842 2013 960 2057 quae
987 1999 1176 2057 singulis
1209 1999 1561 2057 perfectionibus
1589 2014 1792 2057 congrua
1828 1999 2037 2057 perfecti-

74 2065 181 2109 bilia
214 2066 456 2125 coaptavit,
482 2066 604 2124 quod
630 2066 757 2110 Deus
790 2066 1069 2124 superiorem
1102 2075 1311 2109 naturam
1354 2064 1559 2109 inferiori
1587 2066 1641 2109 ad
1674 2067 1764 2110 hoc
1806 2067 2040 2124 coniunxit

67 2142 123 2179 „ut
149 2132 191 2176 ei
216 2131 544 2186 dominaretur,
575 2141 634 2185 et,
660 2131 698 2176 si
723 2131 845 2190 quod
873 2132 1007 2188 hujus
1033 2131 1227 2175 dominii
1265 2131 1647 2190 impedimentum
1674 2146 1728 2175 ex
1755 2131 1932 2176 defectu
1958 2147 2038 2177 na·

10 2232 13 2233 ν
72 2207 200 2242 turae
232 2198 534 2257 contingeret,
561 2199 657 2258 ejus
683 2196 872 2257 speciali
898 2208 942 2242 et
966 2197 1298 2257 supernaturali
1322 2198 1546 2242 beneficio
1579 2197 1838 2253 tolleretur3
1875 2209 1923 2242 ut
1958 2199 2042 2243 sci-

0 2319 1 2322 *
73 2263 194 2319 lice't,
218 2276 361 2324 quum
384 2265 534 2309 anima
561 2263 796 2308 rationalis
823 2264 880 2308 sit
903 2264 1075 2309 altioris
1100 2272 1289 2308 naturae
1311 2278 1450 2323 quam
1474 2278 1652 2322 corpus,
1675 2264 1753 2308 tali
1778 2266 2039 2310 conditione

74 2330 284 2375 credatur
304 2331 486 2390 corpori
507 2345 608 2375 esse
631 2331 875 2388 conjuncta
903 2331 1024 2389 quod
1041 2331 1087 2373 in
1107 2344 1300 2389 corpore
1327 2330 1496 2389 aliquid
1524 2344 1622 2375 esse
1647 2344 1742 2374 non
1764 2332 1909 2389 possit
1934 2346 2041 2376 con·

10 2390 11 2393 ¹
72 2399 261 2442 trax-ium
293 2398 488 2451 animae,
515 2411 596 2456 per
622 2412 757 2456 quam
788 2411 952 2456 corpus
984 2397 1119 2451 vivit3
1147 2406 1189 2441 et
1215 2397 1439 2451 similiter,
1467 2397 1505 2441 si
1531 2397 1646 2441 ratio
1674 2398 1718 2440 in
1746 2398 1936 2443 homine
1965 2414 2038 2457 ap·

3 2507 13 2514 „
73 2463 232 2523 petitui
257 2463 452 2508 sensuali
470 2464 762 2523 conjungitur
779 2472 824 2507 et
842 2463 941 2508 aliis
958 2464 1184 2508 sensitivis
1211 2464 1440 2522 potentiis,
1468 2464 1590 2522 quod
1617 2465 1734 2508 ratio
1762 2479 1787 2508 a
1813 2466 2037 2510 sensitivis

4 2537 13 2546 '
74 2530 286 2590 potentiis
317 2544 411 2575 non
453 2531 739 2589 impediatur,
779 2530 858 2574 sed
900 2530 1047 2588 magis
1088 2531 1152 2573 eis
1185 2530 1459 2574 dominetur.
1495 2531 1570 2574 Sic
1601 2531 1752 2589 igitur,
1785 2532 2039 2576 secundum

10 2601 11 2605 ’
76 2589 333 2640 doctrinam
359 2596 478 2650 fidei,
505 2597 719 2656 ponimus
744 2596 985 2640 hominem
1014 2611 1039 2639 a
1070 2597 1293 2655 principio
1321 2597 1469 2640 taliter
1495 2611 1593 2641 esse
1619 2598 1874 2641 institutum
1901 2599 2038 2657 quod,

10 2695 12 2697 -
75 2663 292 2723 quamdiu
318 2663 433 2707 ratio
459 2663 661 2707 hominis
693 2663 796 2707 Deo
824 2673 942 2707 esset
967 2663 1182 2720 subjecta,
1210 2674 1253 2707 et
1279 2647 1514 2707 inferiores
1540 2664 1659 2708 vires
1687 2665 1727 2707 ei
1761 2664 1857 2708 sine
1898 2666 2040 2724 impe·

10 2731 13 2753 :
74 2729 294 2784 dimento>
311 2729 605 2783 deservirent,
631 2739 676 2773 et
706 2743 871 2788 corpus
900 2729 954 2773 ab
988 2731 1084 2787 ejus
1110 2730 1392 2787 subjectione
1418 2730 1627 2789 impediri
1653 2744 1747 2774 non
1773 2742 1928 2789 posset
1959 2747 2039 2791 per

19 2830 21 2832 .
75 2792 259 2854 aliquod
284 2795 665 2854 impedimentum
691 2795 944 2854 corporale,
971 2796 1090 2849 Deo,
1118 2806 1161 2839 et
1186 2810 1268 2839 sua
1295 2796 1439 2854 gratia
1461 2796 1698 2855 supplente
1721 2797 1844 2855 quod
1868 2798 1923 2841 ad
1946 2799 2037 2843 hoc

74 2855 399 2921 perficiendum
425 2873 586 2907 natura
619 2862 768 2906 minus
802 2862 1021 2916 habebat;
1048 2862 1223 2906 ratione
1257 2872 1410 2907 autem
1448 2877 1606 2908 aversa
1639 2878 1663 2907 a
1695 2864 1815 2917 Deo,
1857 2874 1901 2908 et
1932 2865 2039 2909 infe-

74 2928 217 2973 riores
240 2929 359 2974 vires
387 2943 412 2973 a
438 2930 614 2974 ratione
640 2938 943 2987 repugnarent
969 2938 1013 2973 et
1039 2943 1203 2988 corpus
1225 2930 1359 2983 vitae,
1377 2944 1493 2988 quae
1511 2940 1579 2974 est
1595 2945 1675 2988 per
1694 2933 1911 2986 animam,
1934 2945 2040 2976 con·

16 2994 20 3041 ’,
72 2991 231 3040 tradas
254 2996 491 3054 passiones
515 2995 780 3054 susciperet.
803 2995 879 3039 Sic
897 2996 1047 3054 igitur,
1065 2995 1328 3054 hujusmodi
1347 2996 1563 3051 defectus,
1583 2998 1792 3056 quamvis
1805 2998 2038 3043 naturales

19 3067 25 3121 ’ᾗ
73 3061 251 3105 homini
275 3062 513 3107 videantur
539 3061 761 3116 absolute,
789 3062 1120 3106 considerando
1157 3062 1407 3106 humanam
1442 3074 1651 3107 naturam
1689 3078 1745 3107 ex
1776 3074 1902 3122 parte
1934 3066 2032 3123 ejus

20 3131 29 3148 ’·
72 3128 291 3189 quod'est
313 3129 360 3172 in
387 3144 441 3173 ea
467 3128 667 3182 inferius,
693 3139 863 3182 tamen,
891 3129 1224 3173 considerando
1247 3129 1448 3173 divinam
1471 3130 1805 3188 providentiam
1829 3141 1873 3175 et
1896 3131 2036 3189 digni-

70 3202 213 3238 tatem
238 3195 483 3254 superioris
509 3196 646 3254 partis
672 3195 902 3239 humanae
933 3203 1135 3249 naturae,
1178 3196 1285 3239 satis
1327 3196 1619 3253 probabiliter
1662 3196 1844 3255 probari
1884 3207 2035 3254 potest

68 3255 331 3319 hujusmodi
359 3261 562 3306 defectus
590 3276 687 3306 esse
714 3261 954 3321 poenales;
977 3272 1021 3307 et
1043 3263 1108 3306 sic
1132 3262 1289 3321 colligi
1312 3273 1460 3321 potest
1485 3263 1740 3306 humanum
1768 3276 1910 3321 genus
1932 3277 2033 3321 pec-

0 3359 2 3362 *
70 3336 174 3372 cato
208 3327 360 3387 aliquo
393 3327 677 3386 originaliter
702 3342 801 3372 esse
833 3328 1065 3373 infectum.

0 3400 1 3407 ¹
84 3410 87 3411 ⁷
158 3394 239 3438 His
267 3395 402 3451 igitur
426 3395 548 3448 visis,
575 3395 943 3453 respondendum
973 3406 1039 3440 est
1067 3396 1121 3439 ad
1145 3409 1198 3439 ea
1220 3410 1336 3455 quae
1354 3396 1400 3438 in
1419 3395 1697 3439 contrarium
1717 3404 1820 3438 sunt
1837 3395 2030 3452 objecta.

36 3512 39 3517 ,-
158 3461 267 3506 Non
293 3462 418 3505 enim
444 3471 513 3506 est
537 3462 864 3507 inconveniens
896 3465 1034 3522 quod,
1062 3477 1154 3507 uno
1187 3472 1422 3522 peccante,
1449 3471 1689 3521 peccatum
1722 3464 1766 3505 in
1793 3476 1955 3506 omnes
1977 3464 2039 3506 di·

31 3538 43 3563 s
70 3528 215 3573 cimus
241 3542 320 3586 per
342 3528 574 3587 originem
601 3542 699 3573 esse
732 3539 1049 3589 propagatum,
1076 3531 1286 3589 quamvis
1308 3530 1616 3588 unusquisque
1643 3542 1696 3573 ex
1723 3529 1908 3588 proprio
1932 3539 2036 3573 actu

33 3605 35 3607 ·
68 3593 276 3640 laudetur
301 3594 374 3639 vel
398 3595 693 3655 vituperetur,
728 3605 777 3640 ut
801 3596 951 3655 prima
974 3596 1092 3643 ratio
1125 3595 1415 3657 procedebat.
1444 3595 1590 3642 Aliter
1622 3595 1743 3641 enim
1781 3605 1849 3640 est
1883 3595 1929 3639 in
1964 3590 2035 3641 his

205 3696 244 3735 S.
268 3695 422 3732 Tnouuz
450 3695 584 3733 Sumnia
609 3703 718 3732 contra
745 3697 902 3734 Gentiles.
1860 3708 1899 3742 4¹
