2332 3854
226 222 338 278 244
679 233 689 257 ,s
876 222 1031 261 LIBER
1070 221 1127 260 11.
1169 221 1290 259 CAP.
1331 221 1516 260 Lxxxt.

229 337 493 378 commune,
520 323 695 368 scilicet
719 323 975 368 intellectus
1002 337 1141 382 agens
1175 323 1426 368 secundum
1459 323 1697 382 quosdam,
1722 324 1798 369 vel
1829 339 1936 369 cum
1968 339 2024 370 eo
2055 325 2185 372 intel·-

225 391 369 436 lectus
394 391 623 450 possibilis
649 391 902 435 secundum
930 390 1057 434 alios.
1086 389 1181 433 Alii
1208 399 1360 434 autem
1383 400 1632 448 posuerunt
1653 391 1829 436 animas
1854 391 1902 435 in
1928 405 2010 436 sua
2035 392 2186 439 multi*-

223 458 379 502 tudine
405 468 508 516 post
535 472 726 516 corpora
759 470 1017 510 remanere3
1055 457 1148 510 sed,
1184 471 1243 501 ne
1287 467 1557 515 cogerentur
1589 457 1843 501 animarum
1876 472 2048 517 ponere
2086 458 2186 504 infi-

223 525 429 578 nitatem,
457 524 663 567 dixerunt
682 523 857 566 animas
878 523 1062 567 easdem
1081 523 1269 567 diversis
1287 523 1553 582 corporibus
1572 524 1689 567 uniri
1703 534 1806 583 post
1826 524 2180 570 determinatum

223 601 428 649 tempus;
455 601 499 634 et
524 591 638 633 haec
666 590 749 633 fuit
775 589 1120 634 Platonicorum
1148 590 1319 649 opinio,
1346 590 1402 634 de
1428 604 1517 649 qua
1537 590 1653 635 infra
1675 593 1735 649 (c.
1756 590 1849 650 83.)
1876 602 2046 650 agetur.
2072 592 2185 645 Qui-

223 659 328 702 dam
354 672 479 710 vero,
508 657 664 700 omnia
690 657 922 714 praedicta
949 657 1158 710 vitantes,
1181 657 1388 702 dixerunt
1412 672 1506 701 non
1529 672 1628 702 esse
1650 658 1980 703 inconveniens
2003 659 2180 706 animas

225 735 453 783 separatas
478 734 579 766 actu
607 723 820 766 exsistere
848 723 1071 777 infinitas;
1093 738 1191 768 esse
1215 724 1338 768 enim
1364 724 1591 769 infinitum
1625 736 1742 778 actu,
1768 725 1815 768 in
1841 725 1913 770 his
1939 739 2054 784 quae
2086 738 2182 772 non

221 792 390 835 habent
422 791 476 833 ad
508 790 707 832 invicem
740 790 964 843 ordinem,
1003 800 1071 834 est
1108 804 1206 835 esse
1232 790 1458 834 infinitum
1485 804 1565 850 per
1590 791 1828 846 accidens;
1855 792 1977 851 quod
2010 805 2182 852 ponere

220 873 314 901 non
338 867 546 915 reputant
567 857 919 911 inconveniens3
939 868 982 901 et
1006 868 1073 902 est
1089 857 1257 915 positio
1275 858 1539 902 Avicennae
1557 867 1599 902 et
1622 857 1869 915 Algazelis.
1885 857 2010 911 Quid
2029 869 2183 904 autem

220 925 387 968 horum
403 922 672 966 Aristoteles
690 924 895 976 senserit,
916 924 968 966 ab
983 937 1039 968 eo
1057 938 1264 983 expresse
1281 938 1375 968 non
1388 925 1628 978 invenitur,
1646 939 1787 984 quum
1801 935 1957 969 tamen
1973 938 2182 985 expresse

222 991 381 1034 mundi
408 992 721 1033 aeternitatem
748 1000 903 1049 ponat.
935 990 1109 1034 Ultima
1132 1001 1285 1035 tamen
1303 991 1636 1049 praedictarum
1656 992 1927 1050 opinionum
1949 993 2182 1052 principiis

221 1059 275 1101 ab
304 1073 358 1102 eo
387 1058 544 1116 positis
570 1071 663 1100 non
691 1067 939 1115 repugnat;
966 1072 1074 1101 nam
1103 1059 1264 1116 probat
1289 1059 1335 1101 in
1357 1058 1491 1102 tertio
1508 1058 1690 1117 Physic.
1715 1059 1767 1117 (t.
1796 1073 1834 1102 c.
1859 1070 1932 1113 40.
1960 1069 2006 1103 et
2029 1059 2182 1116 infra),

221 1135 263 1168 et
290 1125 335 1167 in
362 1124 509 1182 primo
537 1124 607 1167 De
636 1124 770 1167 coelo
803 1135 847 1168 et
886 1126 1059 1168 mundo
1087 1126 1139 1181 (t.
1169 1139 1204 1169 c.
1232 1125 1303 1179 48.
1332 1134 1376 1168 et
1401 1124 1553 1181 infra),
1578 1124 1807 1168 infinitum
1827 1139 1924 1169 non
1952 1137 2050 1169 esse
2077 1135 2182 1170 actu

218 1192 264 1234 in
293 1191 558 1250 corporibus
585 1188 880 1244 naturalibus,
907 1205 1003 1234 non
1031 1202 1184 1235 autem
1211 1191 1258 1234 in
1284 1191 1545 1234 substantiis
1577 1191 1971 1236 immaterialibus.
1991 1191 2184 1236 Certum

217 1268 373 1301 tamen
401 1267 468 1301 est
495 1258 615 1300 circa
649 1257 740 1300 hoc
773 1257 949 1300 nullam
983 1257 1297 1302 difficultatem
1330 1257 1422 1316 pati
1455 1257 1711 1301 catholicae
1745 1257 1851 1302 fidei
1883 1257 2183 1317 professores,

220 1325 298 1383 qui
325 1324 639 1367 aeternitatem
673 1323 833 1366 mundi
858 1338 954 1368 non
981 1335 1170 1383 ponunt.

307 1391 415 1435 Non
442 1401 510 1434 est
536 1391 674 1434 etiam
700 1391 1013 1434 necessarium
1055 1391 1192 1450 quod,
1219 1391 1257 1434 si
1299 1390 1452 1434 anima
1490 1400 1659 1444 manet,
1702 1403 1894 1450 corpore
1933 1391 2183 1447 destructo,

217 1458 352 1501 fuerit
384 1458 425 1501 ei
459 1457 800 1501 accidentaliter
831 1458 971 1514 unita,
1006 1467 1055 1502 ut
1090 1468 1251 1516 quarta
1286 1458 1402 1501 ratio
1441 1457 1759 1502 concludebat.
1796 1458 2025 1503 Accidens
2057 1461 2183 1504 enim

220 1526 488 1570 describitur
514 1525 636 1583 quod
660 1534 810 1583 potest
834 1525 989 1569 adesse
1006 1525 1080 1569 vel
1099 1526 1254 1569 abesse
1281 1534 1459 1582 praeter
1485 1525 1827 1583 corruptionem
1843 1525 2035 1584 subjecti
2057 1540 2184 1571 com-

218 1594 354 1651 positi
381 1606 434 1635 ex
452 1593 640 1635 materia
661 1602 705 1636 et
724 1591 899 1646 forma3
927 1593 965 1636 si
985 1603 1136 1636 autem
1153 1592 1370 1636 referatur
1387 1592 1442 1635 ad
1465 1592 1683 1650 principia
1703 1593 1950 1651 compositi
1971 1593 2178 1652 subjecti,

218 1674 379 1703 verum
404 1673 497 1702 non
523 1659 762 1703 invenitur.
795 1659 991 1703 Constat
1023 1660 1144 1702 enim
1179 1659 1418 1703 materiam
1444 1653 1644 1717 primam
1673 1659 1926 1718 ingenitam
1959 1669 2004 1704 et
2032 1651 2183 1706 incor-

220 1726 480 1784 ruptibilem
507 1740 620 1779 esse,
648 1735 697 1769 ut
722 1726 884 1784 probat
917 1726 1186 1770 Aristoteles
1211 1726 1256 1769 in
1283 1726 1432 1784 primo
1460 1726 1642 1784 Physic.
1671 1727 1722 1782 (t.
1751 1739 1789 1769 c.
1818 1726 1935 1783 82.);
1962 1726 2097 1782 unde,
2118 1738 2185 1772 re-

221 1794 410 1836 cedente
436 1792 599 1846 forma,
627 1802 790 1836 manet
816 1793 861 1835 in
900 1807 981 1836 sua
1019 1793 1235 1846 essentia3
1267 1806 1362 1835 non
1395 1804 1550 1835 tamen
1584 1791 1732 1835 forma
1766 1792 2105 1837 accidentaliter
2137 1795 2180 1839 ei
2232 1815 2237 1817 ·

222 1860 471 1912 uniebatur,
499 1861 576 1903 sed
601 1859 924 1913 essentialiter3
952 1861 1189 1903 uniebatur
1216 1860 1338 1902 enim
1374 1860 1415 1903 ei
1442 1859 1694 1902 secundum
1728 1873 1826 1903 esse
1853 1874 2011 1903 unum.
2046 1860 2182 1904 Simi-

219 1926 322 1969 liter
349 1937 501 1969 autem
530 1926 682 1968 anima
710 1927 862 1969 unitur
896 1929 1073 1984 corpori
1109 1927 1361 1970 secundum
1401 1939 1500 1968 esse
1537 1940 1695 1979 unum,
1732 1936 1781 1969 ut
1817 1940 1952 1984 supra
1989 1927 2049 1983 (c.
2088 1926 2183 1985 68.)

225 2004 459 2036 ostensum
509 2004 589 2035 est.
632 1993 778 2044 Unde,
818 1994 924 2036 licet
967 2004 1149 2036 maneat
1188 2003 1290 2051 post
1327 2006 1507 2049 corpuS,
1550 1993 1901 2036 substantialiter
1940 2003 2095 2037 tamen
2139 1994 2183 2038 ei

223 2063 387 2113 unitur,
412 2073 506 2102 non
535 2060 886 2103 accidentaliter.
919 2060 1059 2112 Quod
1095 2072 1248 2102 autern
1276 2061 1467 2102 materia
1500 2060 1644 2117 prima
1678 2070 1914 2104 remaneat
1945 2070 2049 2104 actu
2081 2071 2186 2120 post

223 2127 437 2180 formam,
460 2141 553 2170 non
571 2136 638 2170 est
654 2127 740 2169 nisi
764 2128 1015 2170 secundum
1035 2137 1189 2170 actum
1208 2127 1391 2170 alterius
1413 2125 1612 2178 formae;
1641 2127 1792 2170 anima
1811 2137 1963 2171 autem
1981 2127 2184 2173 humana

223 2205 378 2237 manet
403 2194 449 2236 in
477 2204 579 2237 actu
614 2193 800 2247 eodem3
826 2204 870 2237 et
896 2208 950 2236 ex
977 2194 1066 2237 hoc
1102 2194 1326 2251 contingit
1358 2193 1482 2252 quod
1515 2193 1669 2236 anima
1699 2193 1902 2238 humana
1935 2204 2004 2239 est
2027 2193 2178 2239 forma

223 2271 266 2305 et
293 2271 433 2314 actus,
461 2260 652 2303 materia
680 2271 832 2304 autem
860 2261 1007 2318 prima
1033 2261 1238 2319 potentia
1261 2274 1354 2304 ens.

310 2328 451 2379 Quod
479 2337 631 2371 autem
659 2327 815 2385 quinta
842 2328 957 2371 ratio
985 2328 1284 2386 proponebat,
1310 2325 1487 2370 nullam
1521 2326 1837 2385 operationem
1868 2341 2005 2386 posse
2028 2341 2179 2373 rema-

217 2408 325 2438 nere
351 2395 398 2436 in
426 2393 593 2447 anima,
619 2393 657 2436 si
694 2407 720 2436 a
757 2406 948 2452 corpore
982 2403 1229 2452 separetur,
1263 2394 1456 2437 dicimus
1490 2407 1588 2437 esse
1621 2392 1802 2437 falsum.
1834 2393 2025 2438 Manent
2053 2395 2180 2439 enim

218 2462 506 2519 operationes
532 2460 638 2504 illae
666 2474 782 2518 quae
809 2474 887 2518 per
920 2474 1094 2518 organa
1126 2474 1221 2504 non
1255 2470 1520 2504 exercentur
1531 2476 1542 2514 ;
1581 2459 1847 2517 hujusmodi
1888 2471 2043 2505 autem
2074 2471 2180 2506 sunt

218 2527 472 2586 intelligere
501 2537 546 2571 et
569 2526 702 2571 velle.
733 2527 866 2579 Quae
895 2537 1046 2571 autern
1074 2541 1155 2585 per
1182 2541 1356 2586 organa
1383 2541 1607 2586 corporea
1634 2537 1914 2582 exercentur,
1941 2529 2058 2573 sicut
2077 2539 2183 2575 sunt

219 2596 508 2653 operationes
536 2594 718 2637 animae
743 2594 988 2638 nutritivae
1011 2604 1055 2637 et
1076 2595 1334 2648 sensitivae,
1362 2595 1450 2638 hae
1475 2608 1569 2637 non
1597 2603 1797 2638 manent.

310 2661 559 2706 Sciendum
585 2671 739 2705 tamen
768 2671 835 2705 est
860 2662 982 2720 quod
1007 2661 1097 2704 alio
1122 2661 1262 2705 modo
1281 2661 1493 2720 intelligit
1519 2661 1687 2714 anima,
1713 2669 1919 2719 separata
1936 2675 1962 2704 a
1988 2674 2182 2722 corpore

220 2739 264 2774 et
291 2729 475 2788 corpori
501 2729 640 2782 unita,
667 2729 784 2772 sicut
811 2739 855 2772 et
882 2728 972 2772 alio
1000 2729 1142 2772 modo
1166 2738 1255 2782 est3
1282 2728 1643 2787 unumquodque
1670 2727 1791 2771 enim
1815 2727 2068 2772 secundum
2088 2729 2182 2774 hoc

220 2797 313 2855 agit
337 2796 590 2841 secundum
617 2796 739 2855 quod
767 2806 847 2840 est.
878 2796 988 2839 Esse
1017 2795 1202 2855 quidem
1240 2795 1420 2839 animae
1461 2796 1707 2849 humanae,
1744 2795 1855 2838 dum
1891 2804 1961 2840 est
2000 2796 2184 2856 corpori

220 2864 454 2917 unita,etsi
466 2864 523 2907 sit
535 2863 810 2917 absolutum,
825 2877 1064 2922 acorpore
1086 2878 1179 2907 non
1199 2863 1475 2922 dependens,
1492 2873 1647 2907 tamen
1669 2863 2023 2907 instrumentum
2045 2863 2186 2922 quod·

220 2932 326 2975 dam
351 2932 490 2990 ipsius
519 2940 562 2975 et
587 2931 844 2988 subjectum
870 2931 1022 2988 ipsum
1048 2930 1270 2985 recipiens
1298 2937 1366 2970 est
1392 2941 1581 2986 corpus;
1615 2927 1735 2971 unde
1767 2937 1812 2971 et
1847 2933 2183 2988 consequenter

220 2999 426 3058 operatio
455 2998 635 3051 propria
662 2998 772 3050 ejus,
799 3006 915 3050 quae
943 3002 1010 3036 est
1031 2993 1299 3051 intelligere,
1318 2993 1402 3037 etsi
1423 3007 1515 3037 non
1535 2995 1787 3052 dependeat
1803 3008 1829 3038 a
1847 3007 2039 3055 corpore
2054 2997 2184 3055 quasi

217 3073 307 3120 per¹
325 3073 548 3118 organum
577 3058 815 3118 corporale
845 3061 1054 3113 exercita,
1081 3059 1219 3104 habet
1243 3070 1398 3104 tamen
1432 3061 1660 3118 objectum
1690 3061 1736 3104 in
1771 3075 1978 3120 corpore,
2003 3062 2179 3108 scilicet

217 3126 514 3186 phantasma3
542 3126 677 3180 unde,
703 3125 920 3184 quamdiu
948 3136 1016 3169 est
1043 3126 1195 3170 anima
1217 3128 1262 3170 in
1290 3141 1497 3186 corpore,
1519 3141 1613 3171 non
1640 3137 1788 3186 potest
1809 3127 2062 3188 intelligere
2084 3130 2181 3175 sine

217 3194 547 3252 phantasmate,
574 3206 658 3236 nec
687 3193 825 3236 etiam
859 3193 1091 3237 reminisci
1127 3193 1214 3237 nisi
1248 3207 1327 3252 per
1358 3195 1571 3238 virtutem
1609 3194 1904 3253 cogitativam
1930 3205 1976 3240 et
2000 3208 2176 3242 memo·

218 3260 425 3313 rativam,
452 3274 530 3318 per
557 3273 696 3317 quam
723 3258 1043 3318 phantasmata
1069 3270 1410 3318 praeparantur,
1444 3270 1493 3305 ut
1518 3275 1571 3304 ex
1597 3261 1728 3305 dictis
1746 3262 1808 3320 (c.
1835 3262 1929 3321 73.)
1954 3270 2101 3322 patet=3
2133 3272 2180 3309 et

218 3337 401 3386 propter
427 3326 533 3379 hoc,
567 3325 821 3384 intelligere
856 3326 1098 3384 (quantum
1138 3326 1192 3370 ad
1229 3326 1351 3370 hunc
1386 3328 1598 3385 modum)
1627 3337 1671 3372 et
1706 3327 1916 3373 similiter
1948 3329 2181 3375 reminisci

216 3393 471 3446 destruitur,
499 3406 692 3452 corpore
720 3392 964 3437 destructo.
992 3392 1100 3438 Esse
1118 3407 1227 3437 vero
1252 3394 1434 3439 animae
1453 3405 1686 3453 separatae
1705 3405 1772 3440 est
1787 3394 1874 3455 ipsi
1899 3395 1989 3440 soli
2010 3396 2182 3456 absque

217 3473 432 3520 corpore3
461 3459 580 3503 unde
607 3473 691 3503 nec
720 3459 815 3517 ejus
848 3460 1070 3519 operatio,
1097 3474 1214 3519 quae
1246 3469 1314 3504 est
1344 3460 1614 3520 intelligere,
1647 3460 1899 3521 explebitur
1926 3465 2010 3522 per
2032 3475 2182 3523 respe-

216 3536 341 3570 ctum
369 3526 423 3569 ad
452 3526 602 3584 aliqua
629 3526 809 3584 objecta
835 3527 880 3570 in
915 3527 1147 3585 corporeis
1181 3527 1367 3587 organis
1399 3528 1674 3583 exsistentia,
1706 3542 1823 3588 quae
1853 3539 1963 3575 sunt
1991 3529 2180 3590 phanta-

216 3603 387 3647 smata;
416 3593 496 3637 sed
524 3592 747 3651 intelliget
771 3607 852 3654 per
877 3594 1090 3653 seipsam,
1117 3609 1197 3654 per
1222 3594 1414 3639 modum
1446 3595 1800 3641 substantiarum
1831 3609 1950 3655 quae
1974 3606 2090 3643 -sunt
2113 3605 2180 3642 to-

2300 2783 2332 3426 J“mrim-*⁴⁶5*&imiza-rmffimffimswm„,1
2326 2679 2332 2738 „a
2330 2597 2332 2599 .
2329 2565 2332 2577 Δ.
