2332 3854
1047 104 1062 123 V

213 186 320 258 488
874 202 1028 241 LIBER
1068 202 1143 240 111.
1186 202 1305 240 CAP.
1349 196 1514 240 cxxx'.

209 313 330 348 tute:
360 303 414 347 ad
448 317 586 363 quam
620 303 802 380 quidem
830 302 1156 362 perfectionem
1191 303 1255 349 sic
1280 303 1548 347 tradendam
1587 303 1765 349 homini
1791 309 2053 363 praecepta
2051 302 2168 350 data

210 383 306 414 non
337 369 531 429 fuerunt,
558 372 637 415 sed
665 371 810 428 magis
838 369 1028 414 consilia
1057 369 1111 414 ad
1137 370 1497 428 provocandum.
2089 392 2092 395 ’
2138 387 2142 394 =·

915 544 1170 601 CAPUT
1212 543 1473 602 CXXXI.
1734 523 1739 529 ’
1958 597 1962 599 ,

513 680 586 717 DE
628 678 898 717 CONSILIIS
940 679 1091 724 QUAE
1132 681 1359 719 DANTUR
1389 681 1447 719 IN
1479 680 1620 723 LEGE
1660 679 1874 735 DIVINA·

794 780 852 838 (I.
880 787 996 840 part.
1023 788 1177 840 quaest.
1206 781 1370 827 CVIII.
1405 789 1484 827 art.
1512 782 1618 849 4.).-

304 898 426 950 Quia
443 911 553 941 vero
572 898 799 956 optimum
815 898 1018 943 hominis
1045 911 1112 944 est
1129 909 1177 944 ut
1195 910 1348 944 mente
1365 901 1467 944 Deo
1497 899 1740 944 adhaereat
1766 909 1810 944 et
1831 898 1963 944 rebus
1993 897 2173 952 divinis,

218 964 499 1024 impossibile
534 975 687 1009 autem
720 975 788 1009 est
813 966 935 1024 quod
961 966 1107 1011 homo
1133 967 1310 1011 intense
1343 966 1464 1011 circa
1491 967 1668 1010 diversa
1699 976 1963 1025 occupetur,
1996 965 2052 1009 ad
2082 965 2172 1010 hoc

217 1032 339 1091 quod
367 1032 548 1075 liberius
574 1031 743 1075 feratur
767 1032 813 1075 in
833 1033 986 1076 Deum
1014 1047 1145 1077 mens
1169 1034 1372 1078 hominis
1405 1033 1568 1077 dantur
1593 1033 1640 1076 in
1667 1032 1819 1077 divina
1843 1032 1946 1091 lege
1964 1031 2174 1085 tconsilia,

217 1099 377 1157 quibus
409 1098 622 1142 homines
647 1099 700 1142 ab
734 1099 1111 1158 occupationibus
1145 1100 1393 1159 praesentis
1429 1100 1562 1154 vitae,
1594 1091 1815 1158 quantum
1847 1098 2063 1158 possibile
2092 1108 2175 1152 est,

217 1166 516 1222 retrahantur,
553 1176 782 1209 terrenam
819 1167 959 1210 vitam
996 1177 1196 1225 agentes.
1231 1167 1333 1211 Hoc
1372 1177 1525 1211 autem
1550 1180 1645 1210 non
1678 1176 1746 1210 est
1770 1166 1832 1210 ita
1868 1165 2176 1210 necessarium

217 1233 397 1276 homini
424 1233 478 1275 ad
505 1232 737 1289 justitiam,
765 1243 814 1276 ut
839 1233 936 1277 sine
964 1247 1018 1276 eo
1045 1233 1215 1291 justitia
1243 1247 1341 1277 esse
1366 1247 1461 1277 non
1487 1235 1642 1291 possit.
1675 1232 1783 1276 Non
1812 1232 1938 1277 enim
1960 1232 2101 1276 virtus
2132 1241 2179 1276 et

217 1299 387 1358 justitia
412 1299 587 1342 tollitur
612 1299 649 1342 si
674 1299 820 1343 homo
847 1300 1100 1353 secundum
1135 1299 1341 1343 ordinem
1368 1299 1555 1343 rationis
1581 1298 1894 1356 corporalibus
1919 1308 1966 1343 et
1988 1297 2178 1347 terrenis

216 1366 348 1409 rebus
375 1375 538 1419 utatur,
566 1375 611 1409 et
636 1366 739 1409 ideo
766 1366 1029 1423 hujusmodi
1057 1366 1207 1410 divina
1234 1366 1349 1424 legis
1377 1365 1715 1410 admonitiones
1746 1364 2178 1418 dicunturconsilia,

221 1443 263 1476 et
289 1447 383 1476 non
405 1441 660 1491 praecepta,
678 1434 723 1476 in
746 1443 967 1491 quantum
994 1433 1186 1477 suadent
1199 1432 1381 1476 homini
1397 1442 1445 1477 ut
1466 1442 1650 1492 propter
1674 1432 1867 1476 meliora
1882 1431 2039 1485 minus
2054 1431 2179 1476 bona

221 1499 560 1558 praetermittat.
2001 1518 2004 1524 ⁴

310 1566 576 1624 Occupatur
600 1574 752 1610 autem
769 1566 972 1610 humana
998 1565 1260 1610 sollicitudo
1284 1565 1536 1611 secundum
1565 1560 1864 1610 communem
1884 1531 2081 1613 modum
2098 1563 2180 1610 hu·-

221 1647 386 1677 manae
407 1633 526 1677 vitae
560 1633 680 1676 circa
704 1633 802 1677 tria.
835 1633 992 1678 Primo
1020 1633 1204 1710 quidem
1237 1634 1358 1679 circa
1383 1633 1614 1692 propriam
1637 1645 1897 1692 personam,
1916 1632 2027 1692 quid
2047 1640 2179 1690 agat,

222 1710 299 1744 aut
321 1700 397 1743 ubi
415 1710 729 1754 conversetur3
757 1699 959 1744 secundo
981 1710 1134 1744 autem
1155 1700 1275 1744 circa
1297 1714 1516 1759 personas
1534 1700 1620 1744 sibi
1637 1702 1918 1758 conjunctas,
1939 1699 2181 1758 praecipue
2203 1702 2208 1704 ’

221 1781 413 1811 uxorem
429 1775 473 1810 et
489 1765 630 1820 filios;
647 1766 782 1810 tertio
810 1768 931 1810 circa
955 1780 1026 1811 res
1050 1767 1297 1811 exteriores
1318 1767 1642 1826 procurandas,
1660 1767 1822 1826 quibus
1837 1766 1983 1845 homo
1997 1765 2182 1825 indiget

224 1833 280 1877 ad
311 1833 691 1877 sustentationem
722 1833 856 1877 vitae.
1894 1853 1896 1856 v

310 1900 382 1943 Ad
410 1899 737 1958 amputandam
763 1899 900 1957 igitur
926 1899 1279 1943 sollicitudinem
1310 1901 1429 1944 circa
1454 1913 1526 1944 res
1552 1899 1799 1944 exteriores
1832 1899 1962 1944 datur
1983 1899 2044 1944 in
2074 1898 2178 1958 lege

223 1966 376 2010 divina
402 1966 645 2010 consilium
662 1966 954 2024 paupertatis,
987 1976 1036 2010 ut
1057 1965 1231 2010 scilicet
1255 1980 1325 2010 res
1353 1966 1488 2024 hujus
1507 1967 1665 2010 mundi
1690 1967 1887 2025 abjiciet,
1901 1966 2065 2025 quibus
2089 1965 2180 2010 ani-

215 2047 317 2076 mus
340 2033 434 2090 ejus
457 2032 763 2076 sollicitudine
802 2032 953 2091 aliqua
977 2032 1205 2091 implicari
1230 2043 1405 2091 posset:
1433 2033 1539 2077 hinc
1574 2042 1640 2078 est
1666 2033 1789 2092 quod
1815 2033 2047 2079 Dominus
2065 2029 2179 2076 dicit

220 2099 403 2156 (Matth.
429 2099 552 2142 XIX.
581 2111 631 2143 21
642 2099 697 2156 .:)
726 2100 772 2144 Si
795 2101 863 2143 vis
881 2100 1088 2159 perfectus
1108 2115 1200 2155 esse,
1223 2099 1343 2155 vade,
1367 2100 1495 2144 vende
1521 2102 1664 2144 omnia
1689 2114 1793 2159 quae
1808 2100 1943 2154 habes,
1959 2099 2185 2178 etdapau-

218 2168 405 2226 peribus,
433 2173 468 2211 et
489 2168 602 2221 veni,
623 2181 785 2225 sequere
811 2181 887 2210 me.

314 2234 387 2278 Ad
422 2234 746 2291 amputandam
788 2243 941 2277 autem
982 2233 1338 2278 sollicitudinem
1372 2235 1524 2279 uxoris
1551 2242 1594 2278 et
1620 2232 1826 2278 filiorum
1849 2232 1983 2278 datur
2004 2232 2185 2280 homini

225 2300 470 2345 consilium
488 2300 543 2343 de
559 2300 831 2358 virginitate,
849 2299 923 2343 vel
936 2300 1240 2345 continentia:
1257 2300 1364 2344 hinc
1378 2311 1446 2345 est
1457 2300 1579 2359 quod
1592 2300 1755 2344 dicitur
1769 2300 1822 2358 (Ι.
1837 2299 1950 2346 Cor.
1961 2298 2062 2343 VH.
2070 2300 2183 2357 1252.):

221 2369 290 2412 De
317 2368 554 2424 virginibus
579 2373 718 2410 autem
734 2373 1006 2426 praeceptum
1030 2366 1191 2410 homini
1207 2382 1290 2410 non
1307 2362 1459 2417 habeo,-
1493 2368 1711 2411 consilium
1731 2366 1960 2420 autemdo;
1989 2366 2186 2424 ethujus

222 2433 401 2479 consilii
424 2433 650 2478 rationem
678 2434 926 2491 assignans,
953 2433 1103 2477 subdit
1128 2433 1281 2492 (ib.32.
1305 2444 1349 2477 et
1379 2434 1492 2492 33.):
1523 2435 1611 2490 Qui
1626 2435 1714 2478 sine
1739 2448 1868 2478 uxore
1891 2439 1962 2487 est,
1987 2431 2186 2478 sollicitus

227 2507 282 2546 est
313 2515 416 2559 quae
447 2506 542 2545 sunt
567 2501 762 2553 Domini,
787 2500 989 2558 quomodo
1015 2500 1179 2558 placeat
1201 2502 1319 2545 Deo:
1352 2502 1424 2559 qui
1445 2507 1581 2545 autem
1608 2516 1702 2545 cum
1734 2515 1864 2546 uxore
1887 2506 1957 2555 est,
1988 2499 2187 2545 sollicitus

226 2575 282 2613 est
303 2582 407 2627 quae
431 2574 524 2612 sunt
543 2567 703 2621 mundi,
733 2567 934 2625 quomodo
954 2568 1121 2626 placeat
1151 2569 1292 2623 uxori,
1319 2574 1358 2612 et
1382 2567 1538 2612 divisus
1559 2574 1627 2612 est.

313 2634 385 2678 Ad
435 2634 762 2692 amputandam
810 2644 960 2678 autem
1001 2633 1357 2678 sollicitudinem
1399 2634 1602 2678 hominis
1636 2634 1775 2678 etiam
1811 2634 1934 2678 circa
1969 2634 2186 2693 seipsum,

226 2702 355 2746 datur
378 2701 622 2746 consilium
650 2701 951 2755 obedientiae,
979 2715 1058 2760 per
1085 2715 1222 2760 quam
1248 2702 1394 2745 homo
1419 2701 1763 2759 dispositionem
1789 2714 1976 2745 suorum
2001 2710 2186 2745 actuum

227 2769 448 2827 superiori
474 2768 742 2812 committit:
782 2778 915 2845 propt
903 2782 967 2812 er
994 2768 1115 2827 quod
1143 2768 1304 2812 dicitur
1331 2768 1491 2824 (Hebr.
1517 2767 1680 2812 ultimo
1702 2769 1812 2826 17.):
1838 2767 2189 2827 Obeditepraepo-

225 2838 312 2880 sitis
331 2837 490 2889 vestris,
525 2841 560 2880 et
584 2836 789 2893 subjacete
826 2837 904 2880 eis:
938 2837 1017 2894 ipsi
1048 2837 1159 2879 enim
1189 2835 1463 2894 pervigilant,
1498 2837 1616 2894 quasi
1642 2837 1852 2880 rationem
1871 2828 2076 2880 reddituri
2103 2842 2187 2894 pro

224 2905 444 2948 animabus
461 2904 620 2947 vestris.

319 2968 441 3020 Quia
459 2983 640 3012 summa
657 2968 876 3027 perfectio
900 2968 1131 3012 humanae
1148 2968 1267 3012 vitae
1285 2968 1331 3011 in
1349 2968 1439 3012 hoc
1461 2969 1669 3012 consistit
1683 2966 1806 3026 quod
1833 2981 1965 3012 mens
1983 2965 2187 3011 hominis

229 3036 331 3080 Deo
349 3046 504 3090 vacet3
532 3036 587 3079 ad
605 3035 722 3080 hanc
742 3045 895 3079 autem
923 3035 1087 3079 mentis
1105 3035 1394 3079 vacationem
1412 3035 1643 3093 praedicta
1658 3036 1744 3079 tria
1761 3034 1962 3079 maxime
1981 3033 2189 3078 videntur

229 3103 493 3161 disponere:
523 3104 847 3147 convenienter
867 3103 920 3146 ad
941 3101 1231 3161 perfectionis
1256 3112 1422 3147 statum
1450 3103 1675 3161 pertinere
1700 3102 1925 3155 videntur,
1941 3114 2039 3146 non
2058 3099 2188 3160 quasi

230 3171 355 3228 ipsae
373 3171 461 3214 sint
502 3169 819 3246 perfectiones,
838 3169 916 3213 sed
936 3169 1041 3228 quia
1059 3179 1162 3213 sunt
1180 3169 1501 3229 dispositiones
1520 3169 1746 3228 quaedam
1763 3168 1819 3213 ad
1844 3164 2189 3229 perfectionem,

232 3251 347 3295 quae
371 3237 576 3280 consistit
608 3236 654 3281 in
680 3237 770 3280 hoc
804 3236 926 3294 quod
958 3237 1061 3280 Deo
1094 3246 1292 3280 vacetur
1326 3236 1382 3279 Et
1418 3235 1507 3280 hoc
1536 3250 1744 3295 expresse
1776 3235 2022 3280 ostendunt
2046 3233 2190 3280 vedu

232 3303 425 3348 Domini
451 3313 765 3362 paupertatem
792 3303 1036 3356 suadentis,
1058 3315 1164 3347 cum
1204 3302 1312 3347 dicit
1335 3302 1516 3360 (Matth.
1541 3303 1662 3347 XIX.
1691 3303 1806 3360 αις)
1832 3302 1879 3348 Si
1907 3301 2191 3362 «superjectus

232 3385 322 3423 esse,
355 3370 475 3423 zade,
499 3376 535 3414 et
555 3370 683 3415 vende
716 3372 858 3414 omnia
891 3383 994 3428 quae
1021 3370 1156 3424 habes,
1183 3376 1223 3414 et
1247 3369 1300 3414 da
1319 3371 1595 3429 pauperibus,
1629 3376 1668 3415 et
1691 3383 1852 3429 sequere
1871 3383 1978 3425 mae,·
1986 3366 2121 3429 quasi
2138 3366 2189 3412 in

166 3474 168 3477 ,
234 3452 314 3482 sua
348 3438 532 3496 sequela
559 3437 887 3514 perfectionem
919 3438 1037 3481 vitae
1065 3437 1359 3481 constituens.
1855 3457 1857 3461 ⁴

324 3504 522 3548 Possunt
554 3505 689 3549 etiam
726 3506 813 3548 dici
845 3503 1136 3563 perfectionis
1164 3502 1345 3548 effectus
1369 3513 1416 3547 et
1436 3503 1578 3562 signa.
1604 3502 1727 3547 Cum
1752 3502 1877 3548 enim
1898 3514 2043 3552 menn
2054 3499 2191 3545 vehe-

234 3579 409 3616 menter
435 3585 592 3617 amore
626 3582 670 3616 et
705 3570 930 3616 desiderio
959 3569 1148 3629 alicujus
1180 3570 1245 3614 rei
1277 3568 1512 3625 afficiatur,
1540 3582 1826 3630 consequens
1851 3578 1920 3614 est
1942 3566 2067 3628 quod
2097 3566 2190 3612 alia
