2332 3854
301 209 400 280 178
977 224 1131 262 LIBER
1171 223 1226 261 11.
1269 223 1390 262 cAP.
1430 223 1576 262 xtw.

384 325 517 370 Tunc
545 326 668 371 enim
705 325 892 371 effectus
919 325 1118 369 maxime
1144 324 1371 383 perfectus
1396 335 1466 371 est
1491 326 1673 386 quando
1699 327 1748 371 in
1781 341 1916 372 suum
1951 328 2067 372 redit
2095 328 2256 387 princi·

291 394 441 452 pium;
475 393 594 438 unde
622 403 667 437 et
692 392 886 438 circulus
907 393 1026 436 inter
1053 405 1214 436 omnes
1237 391 1418 451 figuras,
1442 402 1486 438 et
1514 403 1667 438 motus
1695 393 1925 439 circularis
1946 394 2063 439 inter
2091 401 2253 440 omnes

291 471 459 515 motus,
487 470 553 505 est
579 460 776 503 maxime
803 459 1042 518 perfectus,
1061 459 1166 517 quia
1191 459 1238 503 in
1261 459 1325 504 eis
1343 460 1400 503 ad
1417 460 1691 519 principium
1706 461 1890 505 reditur.
1915 461 1991 505 Ad
2007 461 2099 506 hoc
2113 461 2252 520 igitur

291 528 413 587 quod
455 528 716 572 universum
759 536 1068 570 creaturarum
1103 525 1314 570 ultimam
1349 526 1677 586 perfectionem
1720 536 2039 587 consequatur,
2075 538 2256 587 oportet

291 604 517 639 creaturas
545 594 600 637 ad
622 607 755 637 suum
777 592 923 636 redire
939 591 1227 650 principium.
1245 592 1455 638 Redeunt
1473 603 1626 638 autem
1650 594 1704 637 ad
1728 608 1860 638 suum
1878 594 2151 653 principium
2166 594 2254 639 sin-

289 661 422 720 gulae
451 671 494 705 et
521 674 681 704 omnes
709 669 955 713 creaturae,
983 659 1030 702 in
1057 669 1278 717 quantum
1304 660 1373 704 sui
1399 660 1608 719 principii
1634 659 1980 705 similitudinem
2006 670 2168 719 gerunt
2188 675 2257 706 se·

289 729 488 773 cundum
506 741 638 771 suum
658 740 755 770 esse
774 735 818 769 et
835 739 966 769 suam
983 735 1209 780 naturam,
1225 726 1272 770 in
1291 727 1450 785 quibus
1469 727 1699 786 quandam
1715 726 2046 786 perfectionem
2065 727 2255 782 habena

287 795 403 839 sicut
428 804 471 837 et
498 806 659 836 omnes
687 791 872 835 effectus
891 801 997 835 tunc
1017 792 1215 837 maxime
1233 793 1419 852 perfecti
1449 804 1551 838 sunt
1571 794 1753 852 quando
1784 793 1984 838 maxime
2000 793 2256 839 similantur

289 875 452 906 causae
485 859 651 918 agenti,
689 869 738 902 ut
775 858 939 903 domus
977 859 1160 917 quando
1198 859 1398 904 maxime
1433 860 1655 904 similatur
1689 860 1788 914 arti,
1821 870 1867 904 et
1904 860 2023 919 ignis
2069 860 2253 920 quando

288 929 485 972 maxime
512 926 734 970 similatur
762 927 1011 984 generanti.
1047 926 1208 979 Quum
1233 927 1369 985 igitur
1404 926 1662 971 intellectus
1698 927 1787 971 Dei
1813 936 2124 972 creaturarum
2155 941 2256 986 pro-

288 994 514 1039 ductionis
540 993 813 1052 principium
842 993 910 1046 sit,
937 1002 986 1037 ut
1012 1007 1147 1052 supra
1178 994 1239 1051 (c.
1269 1007 1338 1051 23.
1366 1003 1410 1038 et
1442 994 1534 1051 24.)
1569 1003 1804 1038 ostensum
1831 1003 1912 1050 est,
1937 1007 2124 1039 necesse
2154 993 2254 1048 fuit,

288 1063 342 1106 ad
371 1071 677 1105 creaturarum
697 1059 1041 1118 perfectionem,
1065 1060 1187 1119 quod
1214 1060 1392 1119 aliquae
1416 1071 1648 1105 creaturae
1676 1070 1825 1105 essent
1844 1060 2163 1119 intelligentes.

374 1127 608 1187 Amplius:
643 1126 862 1185 perfectio
896 1128 1095 1172 secunda
1128 1128 1175 1171 in
1207 1128 1339 1172 rebus
1375 1128 1498 1172 addit
1529 1142 1663 1187 supra
1685 1128 1883 1187 primam
1906 1118 2251 1187 perfectionem.

286 1197 414 1240 Sicut
439 1205 590 1239 autem
619 1209 717 1239 esse
745 1204 789 1239 et
810 1204 971 1239 natura
997 1195 1062 1238 rei
1084 1194 1397 1239 consideratur
1421 1195 1675 1239 secundum
1698 1196 1893 1253 primam
1910 1194 2253 1254 perfectionem,

283 1264 345 1307 ita
372 1262 576 1321 operatio
603 1261 856 1306 secundum
882 1261 1213 1320 perfectionem
1239 1261 1503 1306 secundam.
1533 1261 1751 1320 Oportuit
1774 1261 1926 1319 igitur,
1948 1261 2005 1306 ad
2038 1275 2252 1306 consum-

284 1340 454 1374 matam
479 1330 674 1373 universi
705 1328 1049 1388 perfectionem,
1075 1342 1173 1373 esse
1201 1328 1374 1387 aliquas
1403 1338 1630 1373 creaturas
1657 1343 1774 1387 quae
1797 1328 1846 1373 in
1871 1328 2025 1373 Deum
2040 1327 2252 1383 redirent,

282 1412 377 1441 non
417 1396 569 1441 solum
605 1396 856 1441 secundum
893 1405 1082 1440 naturae
1119 1395 1480 1450 similitudinem,
1513 1395 1592 1440 sed
1626 1395 1764 1451 etiam
1796 1409 1875 1453 per
1907 1395 2252 1455 operationem3

284 1479 399 1523 quae
426 1464 611 1523 quidem
636 1477 731 1507 non
756 1472 907 1522 potest
932 1477 1031 1507 esse
1068 1463 1156 1507 nisi
1188 1477 1268 1522 per
1301 1473 1455 1507 actum
1486 1461 1743 1507 intellectus
1777 1472 1822 1507 et
1850 1461 2115 1517 voluntatis,
2146 1462 2254 1522 quia

283 1545 367 1575 nec
390 1531 487 1590 ipse
514 1532 639 1575 Deus
663 1530 792 1574 aliter
809 1544 916 1589 erga
938 1530 1138 1589 seipsum
1161 1530 1477 1589 operationem
1493 1529 1642 1574 habet.
1670 1529 1889 1589 Oportuit
1911 1529 2062 1589 igitur,
2084 1529 2140 1575 ad
2157 1544 2254 1590 per-

282 1598 530 1642 fectionem
557 1598 782 1656 optimam
804 1597 1017 1651 universi,
1045 1611 1144 1641 esse
1172 1597 1346 1656 aliquas
1374 1607 1602 1642 creaturas
1627 1595 1974 1641 intellectuales.

372 1665 564 1710 Adhuc:
598 1665 654 1709 ad
684 1665 776 1708 hoc
809 1664 932 1723 quod
964 1663 1163 1723 perfecte
1190 1664 1370 1708 divinae
1406 1664 1621 1708 bonitatis
1636 1663 2000 1723 'repraesentatio
2025 1677 2107 1723 per
2132 1678 2254 1710 crea·

283 1742 405 1776 turas
436 1731 576 1787 fieret,
612 1732 826 1791 oportuit,
861 1740 909 1775 ut
944 1745 1078 1790 supra
1115 1733 1176 1790 (c.
1200 1730 1294 1788 45.)
1328 1740 1564 1774 ostensum
1602 1741 1683 1785 est,
1715 1745 1809 1775 non
1840 1729 1993 1776 solum
2024 1731 2148 1790 quod
2178 1746 2250 1777 res

282 1800 431 1844 bonae
467 1799 642 1853 fierent,
681 1799 759 1843 sed
799 1799 937 1843 etiam
973 1799 1096 1857 quod
1129 1799 1185 1842 ad
1218 1797 1414 1850 aliorum
1439 1798 1692 1843 bonitatem
1730 1808 1931 1857 agerent.
1958 1797 2251 1844 Assimilatur

284 1877 437 1911 autem
464 1865 662 1925 perfecte
686 1865 854 1924 aliquid
882 1865 1010 1910 alteri
1036 1868 1082 1909 in
1105 1866 1299 1924 agendo,
1317 1866 1498 1924 quando
1525 1880 1620 1910 non
1639 1865 1791 1910 solum
1811 1875 1879 1911 est
1897 1865 2060 1911 eadem
2072 1867 2251 1925 species

284 1934 491 1986 actionis,
525 1933 604 1977 sed
636 1933 776 1977 etiam
795 1933 919 1976 idem
945 1932 1109 1976 modus
1140 1932 1319 1990 agendi.
1344 1932 1562 1991 Oportuit
1586 1933 1738 1991 igitur,
1767 1932 1822 1976 ad
1849 1946 2081 1977 summam
2097 1947 2252 1978 rerum

283 2000 628 2060 perfectionem,
642 2001 763 2058 quod
784 2009 935 2044 essent
953 1999 1129 2058 aliquae
1149 2009 1380 2043 creaturae
1404 2014 1520 2058 quae
1539 2008 1727 2058 agerent
1742 1999 1834 2043 hoc
1852 1999 1995 2045 modo
2013 2013 2104 2059 quo
2122 2000 2250 2046 Deus

282 2069 388 2126 agit.
419 2068 670 2112 Ostensum
697 2077 765 2111 est
802 2076 955 2110 autem
981 2081 1115 2125 supra
1143 2067 1204 2124 (c.
1233 2066 1326 2123 23.)
1354 2067 1476 2124 quod
1509 2067 1635 2110 Deus
1663 2067 1756 2124 agit
1780 2080 1860 2125 per
1890 2065 2174 2112 intellectum
2205 2077 2252 2113 et

280 2134 579 2179 voluntatem.
609 2133 825 2192 Oportuit
851 2133 987 2192 igitur
1014 2133 1187 2192 aliquas
1214 2142 1442 2177 creaturas
1469 2147 1567 2178 esse
1594 2132 1899 2198 intelligentes
1916 2143 1961 2178 et
1985 2133 2204 2179 volentes.

370 2201 603 2260 Amplius.
637 2201 888 2245 similitudo
927 2199 1115 2244 effectus
1157 2200 1213 2243 ad
1251 2214 1436 2244 causam
1475 2209 1688 2259 agentem
1725 2191 1967 2245 attenditur
1997 2201 2248 2246 secundum

281 2269 481 2313 formam
514 2268 700 2313 effectus
738 2269 814 2326 qui
847 2267 1129 2326 praeexsistit
1163 2267 1210 2311 in
1248 2277 1438 2326 agente3
1472 2281 1611 2326 agens
1644 2267 1766 2311 enim
1794 2267 1888 2325 agit
1912 2267 1996 2311 sibi
2022 2267 2170 2313 simile
2202 2268 2250 2313 in

279 2336 430 2380 forma
457 2335 708 2380 secundum
726 2349 863 2394 quam
883 2334 989 2392 agit.
1007 2334 1175 2378 Forma
1202 2344 1355 2378 autem
1374 2335 1549 2392 agentis
1568 2333 1783 2392 recipitur
1804 2333 1990 2392 quidem
2007 2335 2053 2379 in
2069 2333 2249 2390 effectu,

281 2404 556 2462 quandoque
581 2403 835 2447 secundum
862 2402 1077 2445 eumdem
1100 2401 1292 2445 modum
1310 2401 1489 2445 essendi
1516 2415 1606 2460 quo
1626 2411 1693 2445 est
1709 2401 1755 2444 in
1773 2410 1950 2460 agente,
1968 2402 2086 2446 sicut
2098 2400 2249 2446 forma

279 2471 397 2530 ignis
424 2470 628 2529 generati
654 2468 868 2513 eumdem
908 2468 1087 2512 essendi
1112 2468 1249 2512 habet
1281 2468 1472 2512 modum
1507 2482 1613 2512 cum
1645 2467 1795 2512 forma
1827 2469 1943 2527 ignis
1977 2469 2248 2527 generantis,

281 2538 553 2597 quandoque
579 2551 688 2580 vero
716 2535 969 2580 secundum
996 2535 1137 2578 alium
1161 2535 1353 2579 modum
1387 2535 1580 2589 essendi,
1607 2537 1723 2580 sicut
1747 2534 1897 2579 forma
1923 2534 2104 2590 domus,
2131 2550 2248 2595 quae

282 2615 349 2649 est
373 2603 714 2662 intelligibiliter
739 2603 785 2646 in
812 2612 965 2646 mente
991 2602 1189 2656 artificis,
1215 2602 1429 2660 recipitur
1455 2602 1749 2646 materialiter
1780 2602 1827 2645 in
1853 2602 2011 2657 domo,
2038 2615 2154 2661 quae
2179 2613 2249 2649 est

281 2681 404 2716 extra
432 2671 649 2715 animam.
685 2671 816 2713 Patet
852 2670 989 2727 igitur
1020 2668 1339 2728 perfectiorem
1373 2683 1469 2713 esse
1502 2670 1698 2727 primam
1732 2669 2076 2714 similitudinem
2109 2683 2246 2728 quam
2316 2668 2321 2673 “

279 2738 544 2783 secundam.
573 2736 799 2781 Perfectio
835 2746 987 2780 autem
1019 2735 1286 2780 universalis
1322 2747 1631 2780 creaturarum
1650 2736 1855 2780 consistit
1880 2735 1928 2780 in
1949 2735 2245 2782 similitudine

281 2806 336 2849 ad
362 2806 531 2859 Deum,
554 2804 669 2848 sicut
696 2804 834 2848 etiam
861 2803 1081 2862 perfectio
1109 2803 1348 2861 cujuslibet
1371 2802 1557 2847 effectus
1584 2803 1630 2846 in
1657 2802 1951 2847 similitudine
1978 2802 2034 2847 ad
2057 2817 2245 2848 causam

280 2883 507 2931 agentem.
534 2871 739 2931 Requirit
764 2872 899 2930 igitur
925 2884 1107 2914 summa
1133 2870 1332 2914 universi
1357 2869 1577 2929 perfectio
1604 2884 1699 2914 non
1732 2869 1883 2914 solum
1909 2867 2159 2915 secundam
2181 2884 2247 2915 as·

278 2939 604 2985 similationem
631 2947 863 2982 creaturae
871 2937 946 2981 ad
973 2938 1140 2991 Deum,
1164 2937 1242 2981 sed
1269 2937 1405 2981 etiam
1433 2937 1644 2996 primam,
1670 2946 1892 2997 quantum
1917 2936 2133 2995 possibile
2161 2947 2243 2983 est.

277 3007 446 3052 Forma
467 3016 620 3050 autem
646 3019 724 3064 per
747 3019 885 3064 quam
902 3005 1028 3049 Deus
1057 3005 1149 3063 agit
1176 3013 1431 3066 creaturam
1453 3015 1520 3048 est
1545 3003 1694 3049 forma
1720 3003 2054 3063 intelligibilis
2043 3018 2089 3048 1n
2115 3005 2243 3064 ipso;

280 3084 347 3119 est
379 3070 501 3118 enim
519 3088 657 3132 agens
676 3087 755 3132 per
772 3071 1073 3125 intellectum,
1101 3081 1302 3130 utsupra
1323 3072 1383 3128 (c.
1408 3084 1458 3129 23
1467 3073 1499 3128 .)
1520 3080 1755 3115 ostensum
1773 3081 1854 3116 est.
1874 3070 2105 3131 Oportet
2092 3073 2243 3131 igitur,

280 3142 334 3186 ad
354 3155 584 3185 summam
603 3139 933 3198 perfectionem
955 3139 1168 3193 universi,
1187 3153 1285 3183 esse
1305 3138 1479 3197 aliquas
1499 3149 1726 3183 creaturas
1743 3139 1789 3182 in
1807 3138 1967 3199 quibus
1991 3139 2243 3184 secundum

280 3223 376 3253 esse
400 3206 681 3266 intelligibile
698 3207 846 3250 forma
870 3206 1011 3250 divini
1035 3205 1289 3250 intellectus
1310 3205 1610 3264 exprimatur3
1638 3216 1681 3250 et
1698 3206 1788 3251 hoc
1808 3215 1876 3251 est
1898 3219 1996 3279 esse
2014 3216 2242 3252 creaturas

279 3276 527 3320 secundum
553 3289 683 3318 suam
705 3284 915 3318 naturam
937 3272 1281 3318 intellectuales.

369 3344 508 3386 Item:
552 3343 605 3385 ad
639 3341 988 3399 productionem
1023 3350 1333 3384 creaturarum
1364 3338 1479 3383 nihil
1511 3339 1630 3383 aliud
1665 3348 1820 3384 movet
1852 3340 2005 3384 Deum
2035 3339 2123 3385 nisi
2154 3351 2241 3385 sua

277 3410 470 3462 bonitas,
497 3423 633 3467 quarn
658 3409 790 3453 rebus
819 3407 917 3453 aliis
946 3406 1288 3451 communicare
1321 3405 1480 3460 voluit,
1507 3406 1761 3451 secundum
1793 3406 1985 3451 modum
2020 3404 2245 3452 assimila

279 3477 414 3520 tionis
441 3477 495 3519 ad
522 3477 686 3534 ipsum,
714 3486 762 3519 ut
788 3490 843 3519 ex
869 3474 998 3520 dictis
1027 3473 1145 3530 (Lib.
1170 3473 1203 3517 Ι.
1223 3487 1260 3517 c.
1285 3473 1373 3530 87.)
1402 3483 1537 3532 patet.
1567 3472 1831 3519 Similitudo
1853 3483 2007 3519 autem
2023 3473 2158 3518 unius
2178 3473 2243 3518 in—

280 3542 456 3588 venitur
482 3542 527 3585 in
555 3542 697 3586 altero
724 3541 984 3600 dupliciter:
1015 3555 1107 3585 uno
1136 3539 1275 3584 modo
1303 3549 1524 3599 quantum
1542 3541 1597 3584 ad
1624 3555 1723 3585 esse
1749 3549 1954 3595 naturae,
1976 3541 2093 3586 sicut
2114 3539 2240 3588 simi-

282 3609 426 3655 litudo
455 3608 618 3653 caloris
654 3609 772 3668 ignis
807 3619 874 3653 est
899 3609 945 3653 in
986 3622 1034 3652 re
1073 3606 1292 3652 calefacta
1335 3621 1413 3666 per
1453 3607 1608 3666 ignem
1622 3623 1634 3663 ;
1676 3607 1767 3652 alio
1809 3607 1952 3653 modo
1986 3605 2237 3652 secundum

2326 3645 2332 3694 ,ξ
