2332 3854
299 185 408 236 226
959 198 1115 236 LrssER
1156 197 1210 234 11.
1253 196 1375 235 cAP.
1415 196 1598 234 Lxxrv.

389 299 478 343 Sed
505 301 542 344 si
569 299 808 358 diligenter
830 300 1153 352 consideretur,
1174 299 1290 344 haec
1309 300 1489 358 positio,
1513 311 1733 360 quantum
1751 302 1807 345 ad
1826 301 2069 360 originem,
2091 317 2253 361 parum

298 374 374 409 aut
399 366 514 410 nihil
540 366 687 410 differt
714 381 738 410 a
770 367 997 425 positione
1019 365 1236 410 Platonis.
1260 367 1419 411 Posuit
1445 369 1567 411 enirn
1590 367 1722 412 Plato
1749 367 1921 412 formas
1942 367 2251 428 intelligibiles

296 446 394 477 esse
421 434 642 492 quasdam
669 433 938 476 substantias
966 442 1210 491 separatas,
1238 447 1263 476 a
1289 434 1450 492 quibus
1482 434 1671 478 scientia
1702 434 1870 478 fluebat
1899 436 1946 478 in
1975 435 2152 480 animas
2173 450 2257 480 no-

297 509 432 554 stras;
459 501 534 543 hic
563 510 714 543 autem
743 501 870 558 ponit
897 499 950 542 ab
974 513 1063 542 una
1090 499 1339 550 substantia
1364 502 1586 559 separata,
1613 516 1729 560 quae
1753 511 1820 545 est
1841 500 2099 546 intellectus
2116 517 2255 562 agens

297 567 549 610 secundum
567 567 730 624 ipsum,
748 566 987 609 scientiam
1000 565 1046 608 in
1070 568 1245 610 animas
1267 577 1445 611 nostras
1467 567 1622 612 fluere.
1640 568 1748 611 Non
1772 577 1925 612 autem
1941 567 2104 622 differt,
2122 571 2259 628 quan-

297 642 394 676 tum
423 634 477 676 ad
506 633 696 676 modum
725 631 988 690 acquirendi
1013 633 1268 687 scientiam,
1294 644 1445 678 utrum
1474 635 1527 678 ab
1555 648 1645 678 una
1670 634 1744 678 vel
1770 634 1970 692 pluribus
1995 635 2255 681 substantiis

298 700 515 758 separatis
542 709 697 743 nostra
725 707 933 742 causetur
971 699 1184 754 scientia3
1221 700 1460 760 utrobique
1500 701 1623 745 enim
1660 710 1872 760 sequetur
1909 701 2032 760 quod
2068 701 2256 748 scientia

296 777 453 810 nostra
479 781 573 810 non
601 775 808 809 causetur
835 780 860 808 a
887 765 1198 821 sensibilibus;
1226 768 1352 826 cujus
1381 768 1661 812 contrarium
1694 778 1880 827 apparet
1909 782 1990 827 per
2014 768 2106 813 hoc
2134 770 2257 830 quod

297 833 375 891 qui
402 843 524 876 caret
555 832 708 891 aliquo
749 846 900 886 sensu,
936 842 1059 876 caret
1098 833 1288 878 scientia
1324 834 1607 879 sensibilium
1643 849 1760 893 quae
1798 845 2143 894 cognoscuntur
2174 850 2256 896 per

297 914 482 944 sensum
509 899 653 943 illum.
2006 944 2008 946 ,

386 966 550 1010 Dicere
579 976 731 1010 autem
759 966 895 1025 quod,
921 980 1001 1024 per
1025 966 1116 1010 hoc
1136 967 1257 1025 quod
1280 967 1534 1012 intellectus
1552 967 1778 1026 possibilis
1799 967 1983 1027 inspicit
2002 967 2251 1029 singularia

298 1047 412 1092 quae
426 1042 529 1076 sunt
540 1033 586 1076 in
597 1033 941 1091 imaginatione,
955 1032 1201 1077 illustratur
1218 1033 1320 1078 luce
1337 1034 1594 1079 intellectus
1608 1035 1782 1093 agentis
1799 1035 1855 1079 ad
1873 1036 2251 1094 cognoscendum

297 1099 568 1154 universale,
596 1110 640 1144 et
666 1100 788 1159 quod
816 1101 1019 1144 actiones
1041 1101 1207 1144 virium
1228 1100 1512 1155 inferiorum,
1535 1101 1711 1145 scilicet
1731 1101 2074 1160 imaginationis
2100 1111 2145 1146 et
2167 1116 2258 1146 me·

295 1167 547 1210 morativae
575 1177 618 1211 et
645 1167 933 1225 cogitativae,
960 1176 1063 1210 sunt
1097 1177 1301 1224 aptantes
1335 1168 1538 1211 animam
1571 1168 1627 1211 ad
1658 1168 1973 1226 recipiendum
2007 1168 2258 1213 emanatio·

295 1247 403 1277 nem
429 1233 756 1292 intelligentiae
784 1234 974 1292 agentis,
1007 1243 1075 1278 est
1105 1247 1293 1277 novum.
1326 1233 1547 1278 Videmus
1588 1234 1711 1278 enim
1745 1235 1868 1293 quod
1909 1235 2062 1280 anima
2097 1245 2254 1280 nostra

296 1310 423 1344 tanto
452 1300 599 1358 magis
627 1301 881 1358 disponitur
904 1300 959 1344 ad
986 1300 1297 1359 recipiendum
1326 1315 1351 1344 a
1373 1301 1633 1345 substantiis
1656 1301 1889 1360 separatis,
1911 1311 2083 1361 quanto
2109 1302 2259 1360 magis

298 1382 323 1411 a
356 1367 669 1425 corporalibus
707 1379 750 1411 et
782 1366 1070 1412 sensibilibus
1111 1379 1400 1422 removetur;
1437 1382 1517 1426 per
1553 1382 1784 1412 recessum
1811 1368 1935 1413 enim
1971 1369 2026 1413 ab
2055 1382 2112 1413 eo
2137 1369 2261 1428 quod

295 1434 412 1478 infra
439 1445 520 1489 est,
549 1435 779 1479 acceditur
807 1435 862 1478 ad
880 1435 924 1478 id
944 1434 1067 1493 quod
1090 1449 1225 1493 supra
1252 1444 1331 1479 est.
1359 1435 1468 1479 Non
1494 1435 1629 1493 igitur
1657 1445 1725 1479 est
1750 1435 1999 1480 verisimile
2022 1434 2161 1494 quod,
2182 1449 2262 1494 per

295 1502 387 1545 hoc
414 1502 537 1560 quod
565 1502 717 1545 anima
740 1502 923 1559 respicit
949 1502 1005 1545 ad
1029 1501 1349 1560 phantasmata
1373 1502 1644 1560 corporalia,
1669 1503 1935 1561 disponatur
1958 1502 2016 1548 ad
2041 1503 2261 1561 recipien-

297 1569 404 1613 dam
425 1569 710 1613 influentiam
731 1569 1059 1627 intelligentiae
1076 1579 1325 1628 separatae.
1344 1569 1476 1612 Plato
1495 1579 1646 1613 autem
1666 1569 1870 1613 radicem
1887 1583 1996 1614 suae
2020 1569 2259 1629 positionis

299 1636 464 1679 melius
487 1646 554 1680 est
579 1646 869 1695 prosecutus;
898 1636 1049 1693 posuit
1075 1636 1199 1679 enirn
1226 1636 1348 1694 quod
1366 1635 1596 1680 sensibilia
1621 1642 1716 1679 non
1738 1645 1843 1680 sunt
1859 1636 2151 1695 disponentia
2164 1636 2259 1683 ani-

304 1717 432 1746 mam
459 1703 515 1746 ad
542 1703 853 1761 recipiendum
878 1702 1162 1747 influentiam
1189 1702 1443 1747 formarum
1470 1712 1796 1760 separatarum,
1822 1703 1902 1747 sed
1929 1702 2082 1747 solum
2108 1716 2261 1762 exper-

306 1770 539 1829 gescentia
563 1769 847 1814 intellectum
880 1770 937 1813 ad
964 1769 1344 1813 considerandum
1379 1783 1432 1813 ea
1468 1783 1665 1828 quorum
1702 1769 1941 1814 scientiam
1976 1769 2174 1814 habebat
2204 1769 2259 1813 ab

304 1837 514 1880 exteriori
542 1847 788 1880 causatam.
816 1837 1023 1880 Ponebat
1049 1838 1171 1880 enim
1199 1837 1321 1895 quod
1355 1850 1380 1879 a
1406 1836 1627 1895 principio
1656 1850 1681 1879 a
1721 1835 1882 1880 formis
1909 1836 2127 1895 separatis
2160 1849 2264 1880 cau-

305 1905 486 1948 sabatur
511 1903 701 1947 scientia
726 1903 773 1946 in
792 1903 1029 1947 animabus
1046 1903 1212 1947 nostris
1236 1903 1444 1947 omnium
1468 1902 1721 1956 scibilium;
1747 1902 1867 1946 unde
1894 1902 2126 1948 addiscere
2153 1902 2264 1948 dixit

302 1985 400 2015 esse
428 1970 660 2029 quoddam
687 1970 931 2014 reminisci.
959 1970 1015 2014 Et
1039 1970 1130 2013 hoc
1154 1970 1463 2013 necessarium
1487 1979 1554 2013 est
1570 1969 1819 2013 secundum
1840 1971 1935 2028 ejus
1958 1969 2262 2028 positionem3

299 2053 422 2093 nam,
450 2052 590 2096 quum
614 2037 890 2081 substantiae
913 2047 1146 2095 separatae
1169 2039 1258 2080 sint
1291 2035 1552 2080 immobiles
1580 2046 1624 2080 et
1649 2050 1829 2095 semper
1855 2035 2021 2080 eodem
2047 2035 2189 2082 modo
2210 2049 2260 2080 se

297 2106 530 2159 habentes,
558 2118 739 2163 semper
765 2104 818 2147 ab
847 2104 910 2148 eis
938 2103 1195 2163 resplendet
1220 2104 1409 2148 scientia
1435 2117 1588 2147 rerum
1605 2103 1651 2147 in
1673 2103 1827 2147 anima
1846 2113 2019 2158 nostra,
2044 2103 2162 2163 quae
2189 2112 2260 2149 est

300 2187 396 2232 eius
425 2187 580 2231 capax.

391 2240 628 2299 Amplius:
657 2239 779 2299 quod
806 2239 1020 2297 recipitur
1044 2239 1092 2282 in
1117 2238 1272 2297 aliquo
1300 2248 1367 2283 est
1392 2238 1438 2281 in
1462 2252 1518 2283 eo
1542 2237 1834 2296 per-modum
1859 2237 2133 2295 recipientis,
2150 2236 2262 2282 Esse
2329 2271 2330 2274 η

299 2317 453 2351 autem
479 2307 735 2351 intellectus
762 2305 988 2364 possibilis
1011 2315 1079 2350 est
1104 2306 1251 2364 magis
1278 2305 1463 2349 firmum
1481 2319 1619 2363 quam
1637 2318 1736 2349 esse
1758 2304 1975 2348 materiae
1994 2303 2262 2363 corporalis.

302 2375 461 2427 Quum
484 2374 621 2432 igitur
638 2373 829 2427 formae,
847 2373 1038 2417 fluentes
1055 2374 1101 2416 in
1117 2373 1358 2416 materiam
1384 2371 1672 2430 corporalem
1692 2371 1744 2415 ab
1764 2370 2065 2430 intelligentia
2083 2381 2262 2430 agente,

301 2442 553 2486 secundum
579 2441 745 2500 ipsum,
773 2450 1099 2484 conserventur
1120 2440 1167 2482 in
1195 2453 1262 2493 ea,
1281 2438 1426 2483 multo
1444 2440 1592 2497 magis
1611 2447 1936 2483 conservantur
1961 2438 2009 2482 in
2029 2437 2264 2483 intellectu

300 2508 520 2568 possibili.

390 2575 579 2619 Adhuc:
609 2574 813 2633 cognitio
842 2573 1121 2617 intellectiva
1149 2583 1215 2617 est
1241 2571 1484 2632 perfectior
1511 2572 1740 2618 sensitiva.
1758 2572 1808 2616 Si
1824 2571 1962 2631 igitur
1982 2572 2030 2616 in
2047 2571 2265 2617 sensitiva

302 2642 566 2701 cognitione
591 2651 658 2686 est
685 2640 854 2699 aliquid
889 2653 1164 2684 conservans
1204 2639 1501 2699 apprehensa,
1530 2638 1676 2683 multo
1702 2638 1862 2683 fortius
1886 2638 1978 2684 hoc
2006 2638 2090 2683 erit
2112 2638 2160 2683 in
2187 2651 2264 2683 co-

301 2710 504 2769 gnitione
531 2707 821 2753 intellectiva.

388 2777 528 2820 Item:
555 2775 763 2819 videmus
791 2774 913 2833 quod
941 2775 1132 2828 diversa,
1159 2788 1274 2832 quae
1306 2774 1353 2817 in
1378 2773 1582 2817 inferiori
1608 2773 1767 2817 ordine
1794 2773 2103 2831 potentiarum
2128 2772 2266 2833 perti·

302 2854 411 2889 nent
438 2844 494 2887 ad
527 2843 728 2887 diversas
745 2842 985 2901 potentias,
1003 2842 1049 2884 in
1062 2841 1286 2899 superiori
1303 2841 1461 2885 ordine
1473 2841 1698 2900 pertinent
1714 2841 1769 2884 ad
1787 2855 1953 2896 unum;
1975 2840 2092 2886 sicut
2107 2854 2265 2887 sensus
2324 2859 2332 2863 “

304 2911 566 2955 communis
589 2909 888 2968 apprehendit
908 2919 1088 2953 sensata
1114 2909 1323 2952 omnium
1350 2922 1564 2952 sensuum
1589 2907 1893 2967 propriorum,
1910 2907 2266 2967 A'pprehendere
2328 2964 2330 2966 p

302 2979 440 3037 igitur
466 2988 510 3023 et
542 2989 815 3022 conservare
842 2991 972 3035 quae,
999 2979 1045 3020 in
1071 2986 1196 3035 parte
1231 2976 1411 3019 animae
1444 2975 1698 3030 sensitivae,
1732 2976 1956 3033 pertinent
1982 2974 2038 3019 ad
2064 2973 2264 3019 diversas

304 3046 531 3105 potentias
559 3053 740 3104 oportet
766 3044 903 3102 quod,
936 3044 982 3087 in
1015 3057 1226 3102 suprema
1254 3043 1473 3101 potentia,
1500 3042 1673 3087 scilicet
1704 3041 1952 3097 intellectu,
1978 3042 2205 3087 uniantur.

393 3114 658 3157 Praeterea:
693 3110 992 3168 intelligentia
1019 3124 1175 3168 agens,
1202 3110 1454 3154 secundum
1481 3110 1646 3168 ipsum,
1671 3108 1820 3153 influit
1850 3108 2262 3155 omnesscientias.
2329 3116 2331 3134 ³

308 3181 356 3224 Si
382 3180 519 3239 igitur
546 3178 778 3222 addiscere
807 3176 920 3220 nihil
947 3187 1014 3221 est
1031 3176 1151 3220 aliud
1171 3191 1309 3235 quam
1328 3176 1471 3235 aptari
1490 3186 1538 3220 ut
1554 3176 1734 3220 uniatur
1750 3175 2078 3236 intelligentiae
2099 3175 2265 3236 agenti,

306 3250 378 3307 qui
409 3247 601 3291 addiscit
626 3260 765 3289 unam
802 3245 1041 3288 scientiam
1074 3258 1167 3288 non
1194 3244 1342 3302 magis
1375 3243 1567 3287 addiscit
1603 3243 1732 3287 illam
1769 3257 1908 3303 quam
1943 3242 2111 3299 aliam;
2142 3243 2266 3303 quod
2327 3294 2329 3297 .

307 3324 429 3373 patet
457 3328 555 3358 esse
582 3313 763 3357 falsum.

397 3383 529 3425 Patet
555 3381 693 3425 etiam
721 3380 843 3438 quod
870 3380 984 3423 haec
1013 3378 1169 3437 opinio
1198 3388 1265 3422 est
1288 3388 1447 3422 contra
1472 3380 1744 3422 sententiam
1763 3377 2035 3432 Aristotelis,
2061 3376 2138 3436 qui
2159 3375 2269 3421 dicit

308 3450 354 3492 in
376 3448 510 3491 tertio
539 3448 610 3492 De
641 3447 794 3491 anima
821 3449 872 3506 (t.
901 3462 939 3491 c.
968 3445 1030 3503 6.)
1059 3446 1181 3505 quod
1207 3444 1464 3489 intellectus
1489 3445 1716 3504 possibilis
1742 3454 1808 3490 est
1833 3443 1967 3491 locus
1986 3443 2267 3503 Specierum;

309 3515 432 3574 quod
458 3514 572 3558 nihil
599 3514 719 3559 aliud
748 3524 814 3559 est
841 3514 991 3558 dicere
1024 3527 1161 3572 quam
1188 3513 1339 3572 ipsum
1366 3526 1464 3557 esse
1496 3513 1763 3565 thesaurum
1794 3508 2147 3580 intelligibilium
2171 3523 2253 3581 spe

313 3583 497 3638 derum,
525 3592 573 3628 ut
598 3582 746 3630 verbis
774 3582 1039 3629 Avicennae
1067 3590 1260 3634 utamurQ

2323 3745 2332 3854 mnan-...sm
2330 3734 2332 3737 .
