2332 3854
800 242 951 283 Lmen
992 242 1068 283 ιιι.
1111 243 1230 284 CAP.
1274 241 1396 283 va.
1973 240 2074 298 379

111 360 227 395 {esse
258 359 419 393 eorum
439 346 644 406 procedit
667 347 886 406 quamdiu
923 358 1039 393 sunt.
1067 347 1161 392 Sua
1193 347 1330 407 igitur
1367 345 1633 406 operatione
1673 357 1743 389 res
1769 344 1816 389 in
1849 358 1948 390 esse
1976 359 2080 390 con·

119 423 292 460 &Servat-

152 495 172 518 :1
218 481 338 525 Hinc
364 490 434 526 est
457 480 580 540 quod
605 480 769 525 dicitur
800 481 959 539 (Hebr.
986 482 1019 527 I.
1046 482 1129 539 3.):
1154 483 1332 527 Portans
1353 481 1496 525 omnia
1525 480 1653 525 verbo
1684 480 1854 524 virtutis
1878 492 2001 531 suam
2035 488 2080 523 et

129 547 414 606 Augustinus
453 547 563 592 dicit
597 557 758 607 quarto
792 547 939 606 Super
972 547 1088 592 Gen.
1122 548 1176 592 ad
1212 548 1295 592 litt.
1329 549 1390 606 (c.
1420 546 1531 604 12.):
1562 562 1586 588 α
1613 545 1848 591 Creatoris
1878 558 2076 604 namque

116 614 348 675 potentia,
381 624 426 658 et
456 613 784 674 omnipotentis
816 624 950 672 atque
989 615 1313 659 omnitenentis
1355 615 1496 659 virtus
1537 627 1675 658 causa
1717 623 1786 658 est
1820 612 2079 656 subsistenti

31 697 38 733 ,¹
113 681 257 726 -ornni
279 691 528 736 creaturae,
554 680 671 741 quae
691 682 832 725 virtus
858 680 912 724 ab
956 683 1019 725 eis
1046 694 1161 740 quae
1201 691 1351 726 creata
1385 690 1489 725 sunt
1520 679 1731 739 regendis
1762 679 1800 724 si
1833 678 2078 738 aliquando

130 747 341 802 cessaret,
359 746 566 791 similiter
579 761 739 792 eorum
758 756 955 792 cessaret
968 748 1155 806 species,
1174 748 1414 807 omnisque
1433 757 1593 791 natura
1610 744 1888 792 concideret.
1905 746 2082 804 Neque,

111 813 245 859 ,sieut
269 823 543 858 structuram
582 814 765 858 aedium
784 826 890 858 cum
920 814 1205 859 fabricaverit
1230 815 1345 891 quis,
1371 814 1584 868 abscedit,
1611 822 1746 873 atque
1768 813 1848 858 illo
1872 821 2077 857 cessante

111 889 175 925 -et
214 880 487 926 abscedente
518 890 606 925 stat
630 893 745 939 opus
786 882 899 939 ejus,
925 881 986 924 ita
1010 882 1206 925 mundus
1236 881 1345 925 vel
1335 895 1382 925 m
1414 881 1506 925 ictu
1539 880 1663 925 oculi
1694 890 1813 925 stare
1845 879 2012 940 poterit
2041 880 2080 923 si

128 947 173 992 ei
203 949 409 1006 regimen
441 947 567 991 Deus
599 947 868 992 subtraxerit
891 964 934 993 ιι.

56 1065 62 1072 ι
120 1027 123 1036 ’
167 1035 170 1037 ·
217 1012 307 1058 Per
335 1014 426 1058 hoc
459 1024 613 1059 autem
654 1014 905 1060 excluditur
936 1014 1240 1073 quorumdam
1282 1013 1569 1074 loquentium
1601 1013 1648 1058 in
1688 1012 1791 1073 lege
1815 1013 2083 1058 Maurorum

113 1081 309 1150 s-positio,
320 1094 403 1141 qut
418 1081 474 1125 ad
499 1082 590 1126 hoc
606 1082 728 1141 quod
755 1082 973 1126 sustinere
999 1092 1187 1141 possent
1218 1082 1441 1126 mundum
1467 1082 1556 1125 Dei
1581 1076 1931 1125 conservatione
1962 1078 2075 1124 indi—

111 1159 253 1208 ·gere,
277 1158 533 1207 posuerunt
552 1162 715 1192 omnes
731 1147 903 1192 formas
921 1161 1019 1193 esse
1037 1149 1305 1204 accidentia,
1323 1159 1367 1193 et
1384 1148 1506 1207 quod
1531 1147 1709 1192 nullum
1726 1147 1937 1191 accidens
1954 1147 2087 1191 durat

130 1228 212 1276 per
242 1214 336 1259 duo·
359 1215 587 1269 instantia,
604 1225 654 1259 ut
673 1215 738 1259 sic
761 1229 941 1292 semper
962 1228 1113 1259 rerum
1139 1215 1353 1259 formatio
1381 1224 1500 1259 esset
1525 1216 1570 1259 in
1597 1214 1707 1269 fieri,
1739 1214 1868 1273 quasi
1886 1226 1960 1258 res
1989 1222 2085 1257 non

109 1281 353 1340 “indigeret
376 1294 514 1326 causa
539 1292 717 1340 agente,
743 1282 832 1326 nisi
853 1282 962 1325 dum
995 1292 1063 1326 est
1089 1284 1134 1326 in
1167 1282 1277 1326 fieri.
1306 1282 1439 1327 Unde
1465 1280 1605 1340 aliqui
1636 1294 1797 1332 eorum
1824 1292 1994 1339 ponere
2015 1279 2087 1323 -di-

130 1357 308 1402 cuntur,
343 1348 466 1407 quod
500 1362 693 1406 corpora
730 1348 987 1402 invisibilia,
1026 1362 1080 1393 ex
1115 1349 1277 1407 quibus
1303 1362 1465 1392 omnes
1503 1348 1774 1392 substantias
1800 1345 1956 1391 dicunt
1987 1359 2086 1390 esse

115 1414 427 1475 compositas,
453 1429 570 1474 quae
594 1415 694 1459 sola
719 1415 972 1460 secundum
999 1429 1075 1460 eas
1113 1415 1377 1460 firmitatem
1403 1414 1586 1468 habent,
1612 1423 1803 1474 possunt
1835 1414 1891 1458 ad
1921 1413 2087 1457 horam

117 1480 335 1541 „aliquam
360 1495 608 1536 remanere,
635 1483 672 1526 si
693 1482 819 1526 Deus
845 1495 976 1526 suam
1003 1482 1381 1540 gubernationem
1406 1481 1539 1526 rebus
1566 1482 1846 1526 subtraxerit.
1872 1478 2087 1532 Quorum

134 1549 273 1594 etiam
299 1549 484 1608 quidam
510 1549 667 1593 dicunt
698 1549 820 1608 quod
837 1563 908 1593 res
935 1562 1033 1593 esse
1058 1563 1152 1593 non
1178 1548 1418 1603 desineret,
1435 1548 1522 1592 nisi
1547 1549 1672 1593 Deus
1690 1549 1736 1592 in
1761 1548 1860 1607 ipsa
1877 1547 2088 1592 accidens

135 1616 379 1661 decisionis
411 1625 629 1661 causaret.
660 1615 793 1668 Quae
827 1615 983 1660 omnia
1008 1625 1130 1675 patet
1153 1629 1250 1660 esse
1278 1615 1482 1660 absurda.

862 1769 1117 1826 CAPUT
1157 1770 1356 1827 LXVI.

137 1905 298 1953 Quor>
327 1875 485 1946 mnu.
515 1905 630 1945 nAT
662 1905 790 1944 Bssss
819 1906 928 1947 NISI
960 1906 1017 1946 m
1048 1883 1326 1952 QUANTUM
1356 1905 1490 1944 Aen·
1524 1905 1580 1945 IN
1608 1904 1850 1944 VIRTUTE
1875 1903 2085 1943 mva.

222 2017 290 2061 Ex
318 2017 410 2062 hoc
437 2026 590 2062 autem
616 2016 907 2062 manifestum
948 2012 1030 2070 est,
1055 2015 1178 2075 quod
1207 2015 1368 2060 omnia
1393 2014 1608 2060 inferiora
1640 2014 1822 2073 agentia
1852 2027 1947 2058 non
1980 2013 2088 2057 dant

119 2097 236 2129 resse
259 2083 348 2128 nisi
362 2083 409 2127 in
435 2093 655 2143 quantum
673 2093 812 2142 agunt
837 2084 884 2127 in
908 2083 1072 2127 virtute
1089 2083 1254 2127 divina.
1275 2082 1405 2126 Nihil
1421 2082 1545 2127 enim
1570 2082 1647 2126 dat
1668 2095 1766 2126 esse
1778 2083 1869 2125 'nisi
1890 2081 1938 2124 in
1954 2094 2090 2138 quan-

133 2161 233 2196 tum
249 2148 419 2195 esteris
445 2160 563 2195 actu.
580 2151 707 2195 Deus
734 2160 888 2195 autern
914 2159 1154 2194 conservat
1179 2164 1249 2194 res
1274 2150 1322 2194 in
1348 2163 1447 2194 esse
1474 2163 1553 2209 per
1579 2163 1711 2193 suam
1737 2147 2087 2207 providentiam,

37 2230 41 2237 ²
114 2227 184 2263 sut
212 2226 449 2262 ostensum
482 2226 550 2261 est
580 2218 642 2277 (c.
670 2215 778 2274 65.).
805 2216 871 2261 Ex
896 2217 1059 2261 virtute
1085 2217 1221 2275 igitur
1246 2217 1398 2261 divina
1425 2226 1492 2260 est
1517 2216 1639 2274 quod
1667 2215 1836 2274 aliquid
1870 2215 1945 2259 det
1975 2227 2089 2258 esse.

30 2325 36 2328 f
221 2282 452 2342 Amplius:
480 2283 662 2342 quando
685 2284 808 2327 enirn
831 2283 981 2342 aliqua
1007 2284 1189 2342 agentia
1211 2283 1387 2327 diversa
1409 2283 1490 2327 sub
1509 2296 1601 2327 uno
1620 2296 1786 2341 genere
1809 2282 2089 2334 ordinantur,

114 2350 324 2395 ’τιιεεεεεε
352 2359 426 2394 est
455 2349 577 2409 quod
614 2349 815 2403 effectus,
850 2352 927 2409 qui
964 2350 1017 2394 ab
1045 2350 1109 2394 eis
1137 2349 1443 2394 communiter
1468 2349 1531 2403 fit,
1558 2350 1616 2394 sit
1642 2363 1802 2393 eorum
1838 2349 2091 2393 secundum

30 2410 45 2444 ἕ
119 2415 259 2476 ηιίοά
284 2416 500 2460 uniuntur
524 2416 570 2460 in
596 2416 909 2476 participando
942 2426 1122 2461 motum
1149 2426 1194 2461 et
1218 2417 1431 2461 virtutem
1457 2416 1579 2460 illius
1612 2416 1800 2474 agentis.
1828 2415 1934 2459 Non
1968 2415 2091 2459 enim

117 2481 264 2544 :plura
288 2482 461 2528 faciunt
484 2496 642 2537 unum,
678 2483 766 2528 nisi
798 2484 845 2527 in
876 2494 1097 2543 quantum
1129 2497 1272 2528 unum
1310 2494 1428 2538 sunt,
1455 2483 1572 2527 sicut
1603 2493 1727 2542 patet
1769 2483 1891 2542 quod
1929 2494 2091 2526 omnes

138 2548 216 2610 qui
239 2559 345 2594 sunt
369 2550 415 2594 in
448 2550 647 2594 exercitu
683 2551 928 2610 operantur
954 2551 1010 2594 ad
1041 2550 1290 2595 victoriam·
1315 2550 1609 2604 causandam,
1635 2563 1775 2609 quam
1805 2559 1994 2593 causant
2024 2561 2092 2592 se-

44 2613 49 2615 ⁴
118 2615 343 2662 “eundum
368 2616 490 2676 quod
536 2626 642 2661 sunt
670 2617 752 2662 sub
800 2617 1086 2662 ordinatione
1118 2618 1259 2673 ducis,
1301 2619 1428 2676 cujus
1453 2618 1662 2677 proprius
1689 2616 1874 2660 effectus
1900 2616 2092 2660 victoria

119 2681 222 2729 aest.
254 2683 507 2730 Ostensum
538 2693 606 2728 est
631 2693 784 2728 autern
811 2686 857 2728 in
882 2684 1031 2743 primo
1071 2686 1132 2743 (c.
1165 2684 1268 2743 13.)‚
1294 2684 1417 2743 quod
1444 2684 1644 2743 primum
1686 2697 1824 2741 agens
1852 2692 1920 2727 est
1950 2682 2093 2726 Deus,

142 2749 264 2795 Cum
289 2749 425 2809 igitur
452 2764 549 2794 esse
567 2750 624 2794 sit
649 2751 908 2794 communis
935 2749 1122 2795 effectus
1147 2750 1355 2794 omnium
1383 2750 1630 2808 agentium,
1655 2763 1766 2793 nam
1792 2762 1930 2793 omne
1953 2762 2092 2807 agens

123 2815 248 2863 ,ficit
260 2827 360 2863 esse
384 2827 503 2870 actu,
530 2827 710 2876 oportet
725 2817 847 2876 quod
866 2817 985 2861 hunc
1004 2816 1216 2861 effectum
1234 2816 1500 2876 producant,
1517 2817 1564 2859 in
1583 2825 1804 2875 quantum
1826 2815 2092 2860 ordinantur

36 2882 66 2946 3
120 2884 223 2930 εἰῶ
246 2884 398 2945 primo
425 2894 602 2943 agente,
627 2894 674 2929 et
698 2894 840 2943 agunt
869 2884 916 2928 in
941 2884 1105 2927 virtute
1136 2884 1290 2942 ipsius.

39 2955 77 3012 Q.
122 2950 419 2996 ¹³*szAdhuct
452 2952 497 2995 in
531 2951 746 3004 omnibus
770 2951 916 2995 causis
944 2951 1180 3009 agentibus
1207 2950 1438 3003 ordinatis,
1470 2949 1517 2993 id
1548 2949 1671 3008 quod
1704 2958 1772 2993 est
1802 2947 2014 2993 ultimum
2045 2948 2092 2992 in

125 3018 436 3078 {metaneae
473 3027 519 3063 et
549 3017 747 3077 primum
783 3020 829 3062 in
866 3018 1133 3071 intentione,
1170 3027 1238 3061 est
1273 3017 1481 3076 proprius
1508 3015 1695 3061 effectus
1726 3016 1860 3074 primi
1903 3016 2094 3075 agentis,

121 3083 261 3134 ‘sitiit
274 3083 424 3129 forma
441 3084 620 3140 domus,
646 3098 763 3144 quae
789 3094 856 3130 est
876 3087 1082 3144 proprius
1105 3084 1291 3128 effectus
1309 3083 1624 3138 aedificatoris,
1641 3083 1865 3142 posterius
1885 3083 2095 3141 provenit

124 3161 280 3211 quam
309 3152 594 3211 praeparatio
621 3152 832 3206 cementi,
859 3162 903 3196 et
928 3151 1145 3210 lapidum,
1173 3161 1217 3195 et
1243 3151 1489 3209 lignorum,
1516 3164 1632 3209 quae
1653 3149 1768 3194 fiunt
1792 3163 1872 3208 per
1898 3149 2093 3194 artifices

18 3217 21 3222 ⁴
46 3212 396 3273 ··²1÷1=fieriores,
417 3218 495 3277 qui
525 3218 714 3262 subsunt
745 3217 1037 3262 aedificatori.
1065 3218 1115 3261 In
1142 3218 1271 3261 omni
1299 3227 1450 3262 autem
1467 3217 1659 3261 actione
1692 3230 1790 3261 esse
1815 3217 1863 3260 in
1890 3227 1993 3261 actu
2027 3227 2095 3261 est

82 3279 448 3344 *aprincipaliter
483 3285 723 3338 intentum,
746 3295 791 3328 et
818 3284 1059 3329 ultimum
1048 3298 1094 3327 m
1123 3283 1443 3342 generatione,
1467 3297 1590 3337 nam,
1618 3296 1673 3327 eo
1699 3282 1871 3336 habito,
1904 3282 2097 3341 quiescit

122 3351 320 3409 &gentis
344 3350 465 3395 actio
491 3360 539 3395 et
558 3361 717 3394 motus
736 3350 962 3409 patientis.
978 3350 1058 3394 Est
1089 3351 1223 3409 igitur
1249 3363 1348 3394 esse
1370 3350 1586 3427 proprius·
1602 3348 1790 3393 effectus
1806 3349 1941 3408 primi
1963 3363 2098 3408 agen·

74 3413 214 3471 irus,
244 3416 419 3461 scilicet
447 3417 551 3488 Dei?
577 3416 634 3461 Et
664 3416 821 3460 omnia
855 3430 972 3476 quae
988 3417 1097 3490 dant
1114 3430 1226 3470 esse,
1253 3416 1343 3461 hoc
1369 3416 1540 3460 habent
1574 3416 1621 3460 in
1648 3425 1851 3474 quantun
1878 3425 2018 3499 agunt
2047 3415 2095 3459 in

85 3481 308 3529 '‘flfflute
337 3483 442 3528 Dei.

19 3554 53 3570 '¹⁴2
190 3548 468 3608 Amplius·
494 3547 743 3593 ultimum
730 3563 778 3593 ιιι
793 3519 995 3595 bonitate
1018 3560 1063 3595 et
1079 3548 1384 3609 perfectione·
1372 3557 1491 3593 inter
1511 3561 1566 3593 ea
1579 3546 1628 3593 in
1653 3561 1770 3608 quae
1786 3558 1938 3608 potest
1955 3561 2095 3608 agens

121 3615 415 3670 secundum,
430 3622 498 3660 est
512 3614 624 3660 illud
640 3615 762 3674 quod
778 3625 931 3675 potest
945 3617 993 3661 in
1006 3616 1171 3661 virtute
1191 3615 1365 3675 agentis
1389 3614 1552 3674 primi;
1576 3628 1686 3660 narn
1704 3613 2095 3675 complementum
