2332 3854
812 217 966 256 LIBER
1005 216 1062 255 11.
1105 217 1224 255 CAP.
1267 214 1375 254 LIX.
1968 214 2074 253 201

39 365 43 382 =.
151 322 155 324 ’
216 318 451 380 Amplius:
478 319 517 364 si
551 318 696 363 homo
733 321 933 379 speciem
960 319 1144 363 sortitur
1169 333 1248 378 per
1272 318 1379 371 hoc,
1406 315 1527 376 quod
1554 325 1622 360 est
1654 314 1903 369 rationalis,
1937 325 1981 360 et
2012 315 2079 359 in-

40 389 51 437 'J
123 384 356 432 tellectum
387 385 574 439 habens,
619 385 894 445 quicumque
921 396 988 431 est
1014 386 1060 429 111
1086 385 1236 446 specie
1262 384 1464 429 humana
1501 391 1569 427 est
1599 381 1849 436 rationalis,
1876 391 1921 426 et
1953 381 2065 426 intel

55 487 57 490 .
124 450 294 498 lectum
319 453 504 496 habens.
539 451 629 496 Sed
657 466 768 510 puer
794 454 946 507 etiam,
973 463 1217 511 antequam
1246 466 1299 496 ex
1322 461 1451 495 utero
1479 448 1748 508 egrediatur,
1769 459 1835 493 est
1857 450 1903 493 in
1925 449 2078 506 specie

57 520 59 525 ’
120 519 341 572 humana,
366 518 412 562 in
445 532 536 577 quo
569 528 723 562 tamen
759 519 964 562 nondum
1000 528 1104 562 sunt
1139 518 1472 578 phantasmata,
1509 530 1623 576 quae
1661 515 1755 560 sint
1781 515 2081 574 intelligibilia

127 588 243 630 actu.
268 584 375 629 Non
395 596 462 629 est
487 584 622 644 igitur
642 585 788 630 homo
814 584 1099 629 intellectum
1124 585 1312 639 habens,
1330 598 1410 644 per
1434 584 1524 628 hoc
1549 583 1669 642 quod
1696 581 1953 627 intellectus
1977 596 2083 626 con—

125 651 326 697 tinuatur
350 650 530 695 homini
551 650 779 696 mediante
802 651 952 710 specie
974 650 1260 710 intelligibili,
1281 651 1407 710 cujus
1430 649 1683 708 subjectum
1707 658 1774 694 est
1795 648 2080 708 phantasma.

892 807 1146 863 CAPUT
1195 807 1312 863 LX.

51 904 53 906 v
128 934 287 984 QUOD
322 932 484 974 HOMO
517 935 634 975 NON
668 934 944 975 SORTITUR
977 935 1207 974 SPECIEM
1234 936 1333 974 PER
1366 933 1759 974 INTELLECTUM
1793 933 2078 984 PASSIVUM,

581 1010 682 1048 SED
723 1011 824 1066 PER
855 1009 1250 1048 INTELLECTUM
1290 1009 1627 1047 POSSIBILEM.

43 1174 46 1177 ,
217 1116 299 1162 His
329 1125 480 1162 autem
507 1117 757 1163 rationibus
784 1117 1004 1171 obviatur,
1038 1118 1289 1162 secundum
1321 1118 1601 1178 praedictam
1633 1115 1925 1176 positionem.
1958 1116 2084 1162 Dicit

53 1186 56 1191 ⁴
127 1184 251 1230 enirn
278 1183 532 1244 praedictus
561 1185 788 1230 Averroes
815 1185 970 1243 (tertio
992 1187 1063 1230 De
1087 1186 1254 1240 anima,
1277 1197 1307 1230 t.
1328 1201 1365 1230 c.
1391 1200 1425 1244 5.
1446 1196 1490 1231 et
1511 1184 1591 1244 6.)‚
1619 1186 1740 1245 quod
1767 1186 1912 1230 homo
1935 1184 2085 1230 differt

126 1251 280 1311 specle
312 1265 338 1296 a
367 1251 508 1296 brutis
546 1266 627 1310 per
656 1251 938 1297 intellectum
976 1267 1113 1312 quem
1146 1253 1416 1297 Aristoteles
1453 1263 1590 1297 vocat
1622 1253 1868 1312 passivum,
1905 1252 1982 1311 qui
2017 1262 2087 1296 est

36 1311 57 1370 ¹,
125 1316 224 1378 ipsa
249 1318 317 1362 vis
345 1318 672 1377 cognoscitiva,
701 1333 816 1378 quae
840 1328 906 1364 est
931 1320 1112 1379 propria
1130 1320 1345 1373 hominis,
1372 1319 1479 1364 loco
1498 1322 1625 1379 cujus
1652 1319 1739 1364 alia
1768 1319 1983 1363 animalia
2003 1319 2084 1363 ha-

125 1384 234 1429 bent
258 1385 487 1444 quandam
515 1386 847 1430 exstimativam
874 1385 1142 1431 naturalem.
1177 1387 1322 1445 Hujus
1350 1396 1502 1431 autem
1526 1387 1798 1445 cogitativae
1820 1386 1995 1431 virtutis
2017 1396 2086 1431 est

125 1450 401 1511 distinguere
428 1450 700 1498 intentiones
727 1452 1042 1508 individuales‚
1070 1463 1115 1498 et
1141 1467 1409 1512 comparare
1436 1467 1511 1498 eas
1540 1453 1596 1497 ad
1624 1454 1847 1508 invicem;
1875 1453 1992 1498 sicut
2023 1453 2086 1496 in-

126 1516 349 1573 tellectus,
381 1518 456 1579 qui
484 1529 551 1563 est
582 1530 828 1579 separatus,
856 1529 899 1564 et
924 1520 1173 1575 immixtus,
1201 1530 1451 1580 comparat,
1480 1519 1524 1564 et
1545 1520 1779 1579 distinguit
1803 1521 1919 1564 inter
1940 1519 2087 1564 inten-

15 1602 19 1616 ·
125 1583 275 1640 tiones
300 1585 600 1641 universales3
635 1596 679 1631 et
705 1587 809 1646 quia
830 1600 911 1646 per
935 1587 1054 1631 hanc
1081 1588 1295 1632 virtutem
1323 1586 1459 1631 simul
1483 1602 1588 1631 curn
1610 1587 1908 1644 imaginativa
1929 1596 1974 1631 et
1996 1600 2087 1630 me-

53 1668 69 1690 ν
127 1651 353 1696 morativa
377 1663 703 1712 praeparantur
719 1653 1039 1712 phantasmata
1057 1664 1104 1698 ut
1119 1653 1340 1712 recipiant
1365 1654 1592 1698 actionem
1618 1653 1872 1698 intellectus
1896 1653 2085 1712 agentis,

130 1727 161 1763 a*
181 1732 272 1780 quo
289 1717 399 1764 fiunt
416 1718 717 1778 intelligibilia
751 1731 869 1775 actu,
896 1721 1012 1765 sicut
1037 1731 1141 1765 sunt
1163 1720 1340 1780 aliquae
1363 1731 1479 1766 artes
1502 1730 1821 1780 praeparantes
1845 1719 2084 1765 materiam

129 1781 289 1830 artifici
313 1785 571 1846 principali:
596 1786 700 1832 ideo
717 1787 946 1846 praedicta
961 1788 1103 1832 virtus
1124 1799 1316 1832 vocatur
1333 1789 1520 1832 nomine
1538 1786 1794 1832 intellectus
1818 1797 1863 1832 et
1883 1787 2084 1843 rationis,

128 1851 185 1897 de
211 1860 300 1912 qua
324 1852 494 1898 medici
519 1851 686 1908 dicunt,
714 1853 836 1914 quod
870 1854 1006 1900 habet
1031 1855 1187 1899 sedern
1213 1855 1260 1899 in
1286 1855 1439 1900 media
1466 1854 1631 1899 cellula
1658 1855 1837 1914 capitis:
1866 1866 1911 1900 et
1931 1869 2087 1900 secun-

42 1923 62 1974 51'
128 1917 239 1963 dum
265 1918 611 1980 dispositionem
637 1920 771 1979 huJus
796 1922 971 1966 virtutis
998 1921 1146 1966 differt
1177 1922 1322 1967 homo
1353 1937 1468 1967 unus
1507 1923 1560 1966 ab
1599 1922 1688 1966 alio
1724 1922 1772 1966 in
1812 1922 2015 1982 ingenio,
2043 1932 2087 1966 et

11 2034 13 2036 ,
55 1992 59 2004 ’·
120 1985 174 2038 4111
201 1983 300 2031 aliis
331 1999 447 2046 quae
472 1987 698 2046 pertinent
731 1987 787 2032 ad
820 1988 1195 2047 intelligendum:
1224 1999 1268 2034 et
1304 2004 1383 2049 per
1408 2003 1544 2033 usum
1580 1989 1714 2048 huJus
1741 2000 1785 2033 et
1821 1989 2085 2033 exercitium

7 2061 12 2112 j
131 2052 323 2112 acquirit
352 2053 498 2098 homo
531 2053 736 2098 habitum
770 2055 999 2101 scientiae.
1034 2055 1167 2100 Unde
1199 2055 1379 2100 habitus
1413 2055 1707 2100 scientiarum
1743 2066 1849 2100 sunt
1882 2056 1930 2099 in
1962 2054 2088 2100 intel-

8 2115 11 2127 *
60 2134 67 2180 3
128 2118 250 2164 lectu
282 2117 464 2179 passivo
491 2121 606 2165 sicut
632 2121 676 2165 in
704 2121 923 2198 subjecto.
957 2121 1013 2166 Et
1038 2122 1112 2166 hic
1146 2121 1403 2167 intellectus
1430 2123 1635 2181 passivus
1664 2137 1688 2166 a
1714 2122 1937 2182 principio
1962 2122 2088 2168 adest

57 2183 73 2232 Ῠ·
128 2199 286 2247 puero,
317 2200 397 2246 per
421 2201 558 2247 quem
591 2188 776 2232 sortitur
801 2189 1001 2247 speciem
1026 2190 1294 2244 humanam,
1321 2199 1564 2249 antequam
1600 2199 1702 2234 actu
1729 2189 1966 2249 intelligat.

58 2253 69 2259 ’”
142 2252 144 2255 ’
218 2250 362 2306 Quod
395 2264 547 2298 autern
574 2255 687 2299 haec
715 2256 804 2300 sint
828 2255 956 2310 falsa,
990 2266 1034 2300 et
1060 2256 1243 2300 abusive
1267 2256 1401 2311 dicta,
1429 2256 1661 2300 evidenter
1688 2265 1887 2315 apparet.
1914 2256 2087 2316 Opera-

128 2314 278 2366 fibnes
303 2321 424 2364 enim
450 2321 570 2366 vitae
597 2332 919 2401 comparantur
951 2322 1006 2366 ad
1042 2322 1245 2367 animam
1273 2333 1320 2367 ut
1347 2331 1472 2368 actus
1498 2323 1686 2367 secundi
1714 2323 1769 2367 ad
1795 2325 2009 2383 primum,
2037 2332 2085 2367 ut

70 2399 78 2407 ·’
129 2389 271 2447 patet
280 2401 364 2447 per
394 2386 690 2433 Aristotelem
717 2391 762 2433 in
795 2390 997 2434 secundo
1029 2389 1100 2434 De
1135 2389 1288 2433 anima
1314 2391 1365 2449 (t.
1386 2403 1424 2433 c.
1449 2391 1521 2448 5.).
1549 2389 1693 2434 Actus
1732 2400 1885 2434 autem
1916 2389 2089 2449 primus

78 2468 82 2470 ·
128 2451 185 2499 in
202 2453 368 2499 eodem
382 2455 623 2531 'praecedit
647 2465 855 2516 tempore
888 2466 1041 2501 actum
1068 2457 1336 2512 secundum,
1370 2457 1487 2501 sicut
1523 2456 1713 2501 scientia
1750 2467 1816 2501 est
1846 2467 1952 2501 ante
1986 2470 2091 2500 con-

50 2527 62 2578 3
131 2517 354 2575 siderare3
381 2521 427 2565 in
460 2535 753 2582 quocumque
779 2523 917 2582 igitur
937 2523 1165 2568 invenitur
1188 2523 1338 2583 aliqua
1366 2523 1571 2584 operatio
1600 2523 1734 2578 vitae,
1763 2533 1942 2583 oportet
1962 2523 2008 2567 in
2032 2537 2088 2567 eo

1 2607 22 2640 g
130 2594 302 2665 ponere
339 2586 538 2648 aliquam
574 2599 748 2654 partem
791 2589 985 2644 animae,
1022 2604 1137 2650 quae
1181 2600 1471 2650 comparatur
1511 2590 1564 2634 ad
1606 2589 1733 2634 illam
1773 2592 2090 2650 operationem

0 2660 81 2712 ,3⁷
133 2648 250 2732 sieut
280 2664 407 2699 actus
442 2654 614 2715 primus
648 2656 703 2700 ad
735 2657 1001 2702 secundum.
1031 2657 1120 2702 Sed
1154 2657 1299 2701 homo
1332 2657 1470 2701 habet
1505 2657 1736 2716 propriam
1771 2657 2087 2717 operationem

88 2768 91 2779 ,-
218 2718 267 2766 ra
294 2718 381 2765 alia
415 2722 644 2777 animalia,
671 2723 846 2768 scilicet
870 2723 1138 2783 intelligere,
1162 2734 1206 2768 et
1227 2724 1502 2777 ratiocinari,
1530 2737 1646 2783 quae
1673 2733 1740 2768 est
1773 2725 1978 2782 operatio
2010 2724 2091 2768 ho-

0 2803 5 2828 t
73 2793 130 2837 ,
160 2787 271 2833 nis
295 2787 342 2833 in
369 2799 588 2849 quantum
613 2800 680 2834 est
701 2789 862 2845 1101110,
886 2801 934 2834 111
956 2790 1225 2836 Aristoteles
1249 2791 1394 2835 dicit
1382 2806 1428 2834 111
1447 2790 1596 2850 primo
1621 2790 1768 2835 Ethic.
1791 2793 1850 2850 (c.
1871 2791 1948 2850 9.).
1966 2791 2088 2850 Ergo

20 2896 23 2901 .
135 2852 315 2916 &portet
338 2856 385 2900 in
401 2856 591 2901 homine
617 2871 787 2916 ponere
807 2857 989 2916 aliquod
1017 2857 1306 2917 principium,
1334 2858 1455 2916 quod
1483 2858 1663 2917 proprie
1687 2857 1763 2902 dat
1785 2858 1985 2917 speciem
2007 2858 2093 2902 110·

0 2915 3 2943 f
59 2938 85 2982 f
133 2918 262 2977 niini,
294 2922 415 2983 quod
447 2936 495 2968 se
527 2923 693 2968 habeat
725 2925 779 2969 ad
810 2923 1064 2983 intelligere
1098 2925 1213 2968 sicut
1240 2934 1365 2968 actus
1391 2924 1563 2984 primus
1595 2924 1650 2968 ad
1688 2924 1954 2969 secundum.
1986 2924 2089 2969 Hoc

0 3001 22 3034 3
137 2988 289 3034 autem
309 3002 403 3034 non
429 3000 579 3049 potest
605 3005 703 3035 esse
730 2990 987 3036 intellectus
1004 2993 1208 3050 passivus
1231 2991 1510 3051 praedictus;
1539 2991 1643 3051 quia
1671 2991 1941 3068 principium
1968 3005 2092 3049 prae·

0 3045 2 3115 ἶ
54 3058 78 3086 1?
136 3052 282 3101 dictae
308 3057 587 3116 operationis
613 3068 793 3117 oportet
819 3071 916 3102 esse
942 3057 1220 3117 impassibile
1247 3068 1292 3102 et
1317 3071 1411 3102 non
1437 3058 1630 3102 mixtum
1659 3058 1854 3118 corpori,
1877 3067 1925 3102 ut
1942 3057 2093 3102 Philo-

0 3135 3 3143 ‘
73 3147 81 3165 -ε
137 3122 306 3187 sophus
331 3123 528 3182 probat'
518 3138 562 3168 m
588 3125 723 3169 tertio
755 3125 826 3168 De
854 3124 1006 3168 anima
1034 3125 1084 3182 (1.
1105 3139 1142 3168 c.
1167 3123 1207 3168 6.
1211 3126 1247 3182 ),
1275 3126 1401 3183 cuius
1430 3125 1709 3169 contrarium
1737 3135 1923 3184 apparet
1948 3125 2036 3169 de‘
2025 3140 2091 3168 111-

136 3183 321 3234 t'ellectu
347 3190 541 3250 passivo.
572 3189 681 3235 Non
706 3191 843 3251 igitur
868 3201 935 3235 est
952 3191 1166 3250 possibile
1186 3191 1306 3250 quod
1325 3205 1405 3250 per
1421 3192 1635 3236 virtutem
1659 3192 1953 3251 cognitivam‚
1976 3205 2091 3251 quae

138 3252 301 3334 dicitur
331 3253 586 3302 intellectus
611 3258 828 3316 passivus,
855 3258 1000 3302 homo
1035 3258 1237 3317 speciem
1264 3258 1490 3314 sortiatur,
1518 3273 1598 3318 per
1624 3272 1761 3318 quam
1791 3259 1843 3302 ab
1873 3258 1970 3303 aliis
2004 3257 2094 3302 ani-

195 3387 414 3433 Azdhuc
451 3389 572 3448 quod
605 3400 672 3434 est
696 3391 846 3449 passio
883 3391 1020 3451 partis
1062 3391 1302 3436 sensitivae
1343 3405 1438 3436 non
1470 3401 1621 3468 potest
1655 3371 1826 3451 ponere
1862 3390 1909 3435 in
1942 3389 2092 3436 altiori

77 3479 79 3481 ·
141 3466 306 3527 genere
329 3453 450 3500 vitae
476 3469 614 3515 quam
640 3456 697 3500 sit
726 3456 818 3501 vita
841 3458 1068 3513 sensitiva,
1090 3458 1206 3502 sicut
1229 3458 1350 3517 quod
1375 3467 1442 3502 est
1468 3457 1620 3516 passio
1654 3458 1834 3503 animae
1851 3458 2091 3503 nutritivae

55 3524 83 3570 2³³:st
141 3529 245 3565 non
268 3522 396 3585 ponit
427 3521 473 3566 in
506 3521 655 3567 altiori
695 3536 861 3581 genere
891 3523 1011 3569 vitae
1051 3538 1189 3584 quarn
1231 3525 1286 3568 sit
1317 3524 1409 3569 vita
1442 3524 1667 3569 nutritiva.
1703 3523 1899 3570 Constat
1940 3533 2092 3570 autem

24 3591 76 3648 {3:5ss
142 3585 264 3647 quod
295 3586 547 3647 phantasia,
579 3597 622 3634 et
662 3588 926 3648 hujusmodi
966 3592 1194 3651 potentiae
1226 3605 1341 3650 quae
1383 3590 1439 3636 ad
1470 3590 1618 3650 ipsam
1657 3602 2012 3652 consequuntur,
2045 3602 2094 3637 ut
