2332 3854
268 178 369 218 120
992 179 1148 219 LIBER
1186 175 1241 217 11.
1285 178 1403 217 CAP.
1446 179 1502 217 11.

1055 368 1309 426 CAPUT
1351 369 1423 424 II.

527 498 685 545 QUOD
729 497 1145 537 CONSIDERATIO
1183 495 1588 537 CREATURARUM
1627 497 1806 536 UTILIS
1846 498 1948 537 EST

852 571 926 609 AD
967 571 1115 609 FIDEI
1156 571 1628 612 INSTRUCTIONEM.

348 683 625 740 Hujusmodi
651 682 835 741 quidem
868 681 1128 726 divinorum
1163 681 1391 727 factorum
1427 682 1663 727 meditatio
1706 682 1761 726 ad
1802 681 1940 727 fidem
1970 681 2226 729 humanam

257 749 570 794 instruendam
598 750 652 793 de
677 749 779 793 Deo
806 749 1067 793 necessaria
1099 759 1181 793 est.
2208 745 2210 747 ’

346 817 503 861 Primo
532 816 731 875 quidem,
759 817 879 875 quia,
907 830 960 860 ex
991 815 1222 861 factorum
1260 817 1572 872 meditatione,
1615 817 1817 861 divinam
1847 816 2119 875 sapientiam
2159 826 2226 862 ut·

260 886 455 942 cumque
481 898 724 942 possumus
752 893 795 927 et
818 883 1033 927 admirari
1055 894 1098 928 et
1121 884 1423 928 considerare.
1446 884 1512 928 Ea
1536 884 1658 928 enim
1681 898 1796 943 quae
1820 893 1914 930 arte
1935 882 2063 939 fiunt,
2085 884 2224 943 ipsius

258 952 364 995 artis
390 959 492 994 sunt
517 951 914 1009 repraesentativa,
942 961 1098 1010 utpote
1126 951 1182 995 ad
1208 951 1553 996 similitudinem
1581 952 1686 996 artis
1727 951 1860 996 facta.
1902 951 2030 996 Deus
2072 961 2224 996 autem

259 1033 339 1062 sua
365 1018 586 1077 sapientia
611 1032 682 1062 res
709 1018 755 1061 in
783 1032 880 1062 esse
907 1019 1132 1077 produxit,
1159 1028 1343 1078 propter
1369 1018 1492 1078 quod
1524 1019 1686 1063 dicitur
1727 1020 1774 1063 in
1813 1017 1932 1064 Psal.
1978 1017 2100 1063 CIII.
2126 1030 2224 1073 24:

263 1085 420 1129 Omnia
442 1086 486 1127 in
510 1086 717 1143 sapientia
729 1084 882 1142 fecisti.
911 1084 1061 1138 Unde,
1089 1099 1142 1128 ex
1167 1084 1397 1129 factorum
1425 1085 1805 1140 consideratione,
1828 1085 2030 1130 divinam
2054 1085 2227 1144 sapien-

257 1152 370 1195 tiam
397 1150 613 1209 colligere
636 1165 880 1210 possumus
898 1151 1015 1196 sicut
1031 1151 1077 1194 in
1095 1151 1227 1196 rebus
1243 1151 1374 1196 factis
1391 1166 1470 1210 per
1488 1152 1737 1210 quamdam
1754 1151 2226 1197 communicationem

258 1233 366 1262 suae
393 1218 699 1262 similitudinis
726 1218 1022 1277 impressam3
1050 1218 1214 1263 dicitur
1240 1219 1365 1262 enim
1393 1218 1554 1277 (Eccli.
1582 1219 1615 1262 Ι.
1650 1218 1763 1276 10.):
1805 1219 1967 1277 Effudit
1997 1219 2116 1263 illam
2140 1219 2229 1278 (sa-

257 1285 498 1345 pientiam)
514 1293 638 1344 saper
655 1287 797 1329 omnia
815 1293 940 1345 opera
953 1300 1041 1330 sua.
1057 1285 1191 1329 Unde
1205 1284 1463 1340 Psalmista,
1475 1300 1617 1345 quum
1629 1286 1800 1330 diceret
1811 1284 2134 1345 (CXXXVIII.
2146 1284 2228 1343 6.):

260 1353 475 1397 Mirabilis
491 1353 613 1411 sacta
639 1359 695 1397 est
719 1354 890 1397 scientia
923 1359 996 1398 taa
1027 1367 1077 1397 ex
1107 1368 1199 1398 me:
1228 1353 1462 1411 confortata
1492 1359 1563 1408 est,
1596 1360 1635 1397 et
1665 1368 1749 1397 non
1777 1358 1923 1412 potero
1956 1352 2010 1397 ad
2039 1366 2148 1408 eam,
2183 1362 2228 1397 et

262 1420 529 1479 adiungeret
555 1419 734 1463 divinae
760 1419 1107 1464 illuminationis
1135 1418 1367 1474 auxilium,
1394 1433 1535 1478 quum
1561 1419 1670 1464 dicit
1695 1420 1775 1479 (ib.
1797 1418 1910 1476 11.):
1954 1419 2055 1465 Nox
2074 1419 2228 1465 illumi-

260 1489 376 1531 natio
403 1501 495 1531 mea
526 1488 571 1530 in
602 1486 757 1531 deliciis
787 1489 901 1541 meis,
937 1500 991 1530 ex
1019 1486 1385 1531 consideratione
1428 1487 1688 1530 divinorum
1715 1500 1907 1546 operum
1947 1500 1996 1531 se
2022 1485 2227 1545 adjutum

261 1554 317 1597 ad
340 1554 542 1598 divinam
569 1553 839 1612 sapientiam
867 1553 1242 1631 cognoscendam
1268 1553 1521 1607 confitetur,
1555 1554 1710 1599 dicens
1729 1553 1807 1613 (ib.
1840 1553 1956 1612 14.)·
2002 1553 2229 1598 Mirabilia

259 1627 486 1680 operatua,
515 1627 552 1665 et
577 1623 722 1665 anima
754 1635 847 1664 mea
879 1622 1085 1679 cognoscit
1111 1623 1248 1665 nimis.

351 1687 581 1742 Secundo,
607 1688 722 1732 haec
751 1687 1055 1732 consideratio
1081 1688 1129 1731 in
1153 1687 1502 1732 admirationem
1521 1663 1770 1732 altissimae
1786 1687 1876 1732 Dei
1891 1688 2068 1733 virtutis
2087 1687 2230 1742 ducit,

262 1765 307 1799 et
332 1769 411 1813 per
439 1769 723 1813 consequens
749 1755 796 1798 in
819 1755 1030 1798 cordibus
1048 1755 1292 1798 hominum
1309 1757 1614 1799 reverentiam
1632 1755 1722 1799 Dei
1737 1756 1867 1814 parit.
1888 1754 2084 1814 Oportet
2104 1754 2228 1799 enim
2299 1769 2302 1772 ’

262 1822 386 1881 quod
411 1822 552 1865 virtus
592 1820 800 1865 facientis
842 1822 1117 1865 eminentior
1157 1822 1290 1866 rebus
1331 1821 1462 1866 factis
1494 1822 1793 1881 intelligatur3
1835 1831 1880 1866 et
1919 1822 2023 1867 ideo
2066 1812 2230 1867 dicitur

261 1889 391 1948 (Sap.
419 1888 542 1931 XIII.
568 1887 657 1944 4.):
685 1889 731 1932 Si
755 1890 952 1932 virtatem
984 1895 1022 1933 et
1048 1897 1173 1947 opera
1204 1904 1362 1942 eorum,
1392 1889 1568 1934 scilicet
1594 1889 1714 1933 coeli
1739 1899 1783 1933 et
1814 1888 2050 1934 stellarum
2075 1899 2120 1934 et
2144 1889 2231 1934 ele-

262 1965 525 2000 mentorum
552 1954 725 2008 mundi,
752 1957 898 1999 mirati
921 1962 1031 2010 sunt,
1058 1955 1235 2000 scilicet
1261 1955 1538 2015 philosophi,
1561 1957 1794 2014 intelligant
1814 1958 2014 2015 quoniam
2043 1956 2231 2016 quisccit

261 2024 357 2067 haec
381 2023 544 2081 fortior
575 2028 631 2066 est
667 2022 774 2074 illis;
810 2031 854 2066 et
886 2022 1045 2080 (Rom.
1078 2023 1112 2065 I.
1147 2022 1239 2079 20.)
1282 2022 1467 2067 dicitur:
1509 2024 1751 2067 Invisibilia
1791 2024 1891 2078 Dei,
1924 2031 2005 2083 per
2034 2037 2084 2069 ea
2122 2037 2228 2083 quae

259 2091 375 2146 facta
405 2095 511 2140 sunt,
539 2089 744 2134 intellecta
776 2091 1109 2148 conspiciuntur:
1132 2091 1382 2148 sempiterna
1408 2105 1566 2149 quoque
1591 2093 1677 2148 ejus
1697 2091 1833 2135 virtus
1853 2097 1893 2135 et
1911 2090 2131 2139 divinitas.
2151 2090 2226 2136 Ex

258 2157 344 2201 hac
373 2165 526 2200 autern
555 2155 856 2199 admiratione
882 2156 971 2200 Dei
995 2158 1134 2200 timor
1174 2157 1383 2216 procedit
1410 2167 1454 2201 et
1478 2157 1756 2212 reverentia;
1789 2157 1909 2201 unde
1950 2156 2123 2203 dicitur
2138 2156 2230 2216 (Je-

258 2238 371 2269 rem.
405 2223 461 2266 X.
489 2221 530 2267 6.
559 2232 603 2266 et
630 2222 714 2280 7.):
743 2224 951 2281 Magnum
977 2229 1031 2267 est
1055 2238 1204 2268 nomen
1231 2230 1347 2269 taum
1372 2226 1417 2269 in
1440 2223 1718 2283 fortitudine:
1745 2225 1836 2283 quis
1873 2239 1957 2269 non
1994 2225 2153 2270 timebit
2178 2230 2229 2278 te,

260 2308 282 2336 o
311 2294 399 2337 Rex
423 2292 640 2350 gentium?

350 2357 526 2412 Tertio,
552 2357 668 2401 haec
698 2357 1003 2402 consideratio
1039 2358 1218 2403 animos
1244 2358 1488 2403 hominum
1516 2359 1562 2402 in
1593 2373 1801 2403 amorem
1818 2358 2000 2403 divinae
2013 2357 2231 2405 bonitatis

262 2425 483 2471 accendit.
514 2424 749 2483 Quidquid
776 2425 900 2469 enim
925 2425 1140 2469 bonitatis
1169 2435 1212 2469 et
1234 2425 1525 2485 perfectionis
1550 2426 1596 2469 in
1624 2426 1814 2471 diversis
1850 2425 2067 2471 creaturis
2101 2425 2232 2486 parti·

264 2492 476 2537 culariter
517 2492 805 2536 distributum
832 2501 913 2546 est,
939 2502 1088 2536 totum
1114 2492 1162 2535 in
1187 2494 1286 2551 ipso
1320 2492 1634 2537 universaliter
1659 2503 1727 2538 est
1752 2494 2003 2538 adunatum
2034 2492 2153 2540 sicut
2180 2492 2230 2539 in

261 2559 387 2604 fonte
420 2558 559 2603 totius
591 2559 821 2614 bonitatis,
848 2569 897 2603 ut
921 2559 968 2602 in
994 2559 1143 2617 primo
1177 2561 1238 2618 (c.
1282 2558 1375 2616 28.)
1419 2569 1653 2604 ostensum
1690 2570 1789 2604 est..
1812 2559 1863 2604 Si
1891 2560 2232 2619 igiturfcreatu-

261 2641 415 2671 rarum
445 2626 641 2680 bonitas,
682 2626 940 2684 pulcritudo
974 2636 1018 2670 et
1050 2626 1248 2670 suavitas
1289 2627 1354 2670 sic
1397 2627 1576 2671 animos
1620 2627 1864 2671 hominum
1906 2626 2062 2681 allicit,
2086 2626 2228 2686 ipsius

259 2693 349 2738 Dei
373 2693 476 2737 fons
501 2693 717 2738 bonitatis
743 2692 899 2737 rivulis
925 2693 1182 2737 bonitatum
1207 2694 1254 2736 in
1281 2693 1469 2752 singulis
1502 2694 1718 2738 creaturis
1762 2693 1950 2753 repertis
1991 2692 2232 2753 diligenter

261 2769 542 2819 comparata,
576 2760 756 2804 animos
797 2760 1040 2804 hominum
1072 2760 1383 2805 inflammatos
1423 2759 1624 2805 totaliter
1665 2760 1721 2804 ad
1747 2775 1795 2805 se
1820 2759 1983 2806 trahet.
2021 2760 2159 2806 Unde
2183 2759 2231 2804 in

259 2827 333 2872 Ps.
360 2827 484 2872 XCI.
524 2840 560 2885 5.
588 2827 775 2872 dicitur:
801 2827 1028 2872 Delectasti
1059 2843 1136 2881 me,
1172 2829 1370 2881 Domine,
1399 2829 1444 2871 in
1461 2828 1640 2886 factura
1667 2834 1753 2882 tua,
1781 2834 1821 2872 et
1850 2829 1897 2872 in
1928 2828 2123 2888 operibus
2139 2840 2233 2873 ma-

259 2911 389 2939 nuum
417 2901 587 2939 tuarum
603 2895 822 2947 exultab0;
844 2904 888 2942 et
905 2893 1011 2937 alibi
1028 2894 1083 2938 de
1102 2894 1205 2938 filiis
1222 2894 1466 2938 hominum
1483 2894 1646 2939 dicitur
1663 2894 1758 2953 (Ps.
1775 2893 1965 2939 XXXV.
1982 2908 2025 2955 9.
2047 2902 2093 2939 et
2114 2892 2226 2951 10.):

258 2962 588 3006 Inebriabuntar
614 2963 665 3005 ab
689 2962 875 3006 ubertate
897 2961 1041 3005 domus
1073 2968 1179 3014 tuae,
1210 2961 1339 3020 quasi
1370 2961 1510 3006 totius
1537 2971 1784 3015 creaturae,
1811 2971 1856 3006 et
1876 2961 1940 3006 sic
1964 2966 2141 3007 torrente
2160 2974 2234 3005 vo·

260 3030 432 3088 luptatis
450 3035 543 3074 tuae
554 3030 719 3088 potabis
735 3044 814 3083 eos,
832 3030 1032 3087 quoniam
1050 3028 1162 3092 apud
1180 3035 1214 3073 te
1245 3035 1298 3073 est
1321 3029 1420 3088 fons
1441 3030 1554 3073 vitae
1566 3043 1582 3081 ,·
1606 3038 1651 3072 et
1672 3027 1802 3087 (Sap.
1828 3027 1953 3073 XIII.
1984 3026 2044 3086 1.)
2067 3027 2232 3075 dicitur

261 3106 421 3140 contra
463 3096 714 3155 quosdam:
747 3097 815 3140 Ex
849 3096 908 3140 his
940 3111 1043 3154 quae
1073 3095 1271 3141 videntur
1314 3098 1436 3150 bona,
1479 3095 1655 3140 scilicet
1698 3095 1930 3150 creaturis,
1973 3108 2092 3155 quae
2129 3104 2234 3139 sunt

260 3163 381 3206 bona
405 3177 484 3221 per
507 3162 755 3221 quamdam
777 3162 1190 3222 participationem,
1211 3178 1294 3207 non
1311 3169 1539 3222 potuerunt
1554 3162 1780 3221 intelligere
1798 3177 1892 3208 eum
1908 3163 1981 3222 qui
1995 3167 2053 3209 est
2066 3160 2233 3221 (ibid.),

261 3230 435 3274 scilicet
459 3244 565 3274 vere
598 3230 761 3284 bonus,
787 3230 933 3274 immo
966 3230 1065 3289 ipsa
1091 3230 1284 3283 bonitas,
1324 3239 1372 3274 ut
1412 3229 1459 3273 in
1501 3229 1651 3288 primo
1693 3230 1754 3288 (c.
1786 3242 1854 3288 37.
1880 3238 1927 3275 et
1954 3227 2045 3288 38.)
2086 3236 2235 3274 osten·

262 3310 364 3340 sum
399 3307 482 3343 est.

355 3365 551 3419 Quarto,
578 3365 693 3409 haec
722 3362 1027 3409 consideratio
1064 3363 1278 3409 homines
1310 3363 1358 3408 in
1390 3363 1640 3423 quamdam
1676 3362 2020 3409 similitudinem
2050 3361 2231 3408 divinae

261 3430 552 3490 perfectionis
597 3432 844 3477 constituit.
885 3432 1137 3477 Ostensum
1170 3440 1236 3476 est
1262 3431 1383 3475 enirn
1411 3431 1458 3475 in
1484 3430 1634 3489 primo
1675 3431 1738 3488 (c.
1767 3430 1855 3486 48,
1894 3438 1942 3475 et
1977 3428 2075 3490 49.)
2111 3427 2234 3489 quod

263 3498 403 3551 Deus,
431 3499 758 3556 cognoscendo
792 3499 1007 3559 seipsum,
1034 3498 1080 3543 in
1107 3512 1156 3543 se
1183 3498 1340 3543 omnia
1374 3496 1464 3542 alia
1502 3497 1715 3542 intuetur.
1749 3495 1912 3550 Quum
1941 3494 2083 3556 igitur,
2106 3494 2236 3542 chri-

265 3564 411 3609 stiana
436 3563 547 3609 fides
581 3564 823 3610 hominem
864 3565 919 3611 de
952 3565 1055 3611 Deo
1088 3563 1398 3625 principaliter
1428 3563 1621 3618 instruit,
1655 3573 1700 3609 et
1738 3577 1818 3624 per
1855 3561 2019 3609 lumen.
2054 3561 2234 3608 divinae
