2332 3854
259 214 326 270 52
937 208 1091 247 LIBER
1130 207 1165 244 Ι.
1209 205 1328 243 CAP.
1370 202 1520 239 XLIII.

986 414 1239 473 CAPUT
1280 413 1488 468 XLIII.
1799 396 1825 429 ²
2031 479 2034 481 sp
2262 476 2264 478 ,

826 554 983 600 QuoD
1025 550 1165 589 DEus
1207 548 1308 587 EST
1348 547 1656 603 INFINITUS„

942 654 995 710 (I.
1011 658 1127 712 part.
1155 666 1192 710 q.
1226 651 1319 695 VII.
1343 656 1423 694 art.
1451 649 1525 707 1.).

349 774 468 819 Cum
488 782 638 816 autern
655 768 877 812 infinitum
898 763 1195 824 quantitatem
1211 771 1438 821 sequatur,
1455 772 1504 806 ut
1520 760 1785 820 philosophi
1800 759 1984 806 tradunt
1998 760 2056 820 (Ι.
2070 758 2215 821 Phys.

259 852 289 885 t.
318 855 356 884 c.
387 854 452 896 15.
486 839 550 882 18.
580 836 686 894 23.)‚
712 848 804 877 non
832 841 982 890 potest
1002 829 1199 873 infinitas
1225 828 1328 872 Deo
1355 828 1537 872 attribui
1562 828 1738 872 ratione
1763 826 2080 880 multitudinis,
2104 840 2213 873 zum

260 918 490 952 ostensum
519 905 574 947 sit
601 905 660 960 (c.
687 901 782 956 42.)
809 899 957 943 solum
982 911 1125 940 unum
1149 896 1302 939 Deum
1326 909 1441 949 esse,
1466 895 1733 954 nullamque
1759 895 1806 939 in
1832 908 1900 957 eo.
1917 894 2211 953 compositio-

259 989 380 1026 nem,
408 971 480 1015 vel
513 970 721 1028 partium,
753 966 826 1009 vel
860 965 1163 1008 accidentium
1195 962 1401 1006 inveniri.
1436 962 1699 1006 Secundum
1737 963 1876 1006 etiam
1911 961 2214 1020 quantitaoem

260 1041 523 1085 continuam
550 1036 749 1079 infinitus
777 1033 865 1076 dici
891 1046 986 1075 non
1012 1039 1175 1089 potest,
1210 1043 1316 1073 cum
1349 1038 1585 1074 ostensum
1617 1028 1676 1072 sit
1706 1030 1768 1087 (c.
1802 1027 1896 1085 20.)
1927 1041 2035 1072 eum
2065 1028 2214 1073 incor-

259 1120 450 1166 poreum
478 1118 589 1159 esse.
616 1102 902 1159 Relinquitur
923 1098 1059 1156 igitur
1075 1096 1348 1154 investigare
1375 1110 1433 1139 an
1455 1095 1709 1140 secundum
1730 1093 2013 1154 spiritualem
2036 1094 2213 1154 magni-

257 1174 458 1218 tudinem
473 1184 569 1214 esse
582 1168 805 1212 infinitum
823 1165 1090 1218 conveniat3
1108 1177 1223 1222 quae
1241 1162 1426 1222 quidem
1443 1161 1687 1220 spiritualis
1705 1161 1979 1220 magnitudo⁴
1990 1169 2213 1220 quantum

260 1241 315 1283 ad
341 1240 432 1282 duo
459 1236 716 1287 attenditur,
739 1232 912 1278 scilicet
944 1240 1165 1290 quantum
1198 1229 1255 1272 ad
1285 1229 1555 1288 potentiam,
1583 1237 1626 1272 et
1658 1238 1880 1286 quantum
1912 1228 1968 1272 ad
1999 1227 2211 1288 propriae

259 1316 446 1350 naturae
469 1303 736 1355 bonitatem,
758 1300 853 1344 sive
871 1297 1251 1357 completionem:
1285 1295 1449 1340 dicitur
1470 1295 1595 1340 enim
1613 1294 1784 1353 aliquid
1801 1294 1950 1354 magis
1964 1293 2040 1340 vel
2060 1294 2211 1342 minus

260 1373 411 1416 album
438 1370 688 1414 secundum
715 1367 906 1418 modum
933 1379 1024 1424 quo
1049 1364 1096 1407 in
1124 1378 1179 1407 eo
1207 1377 1289 1407 sua
1315 1362 1478 1406 albedo
1497 1361 1806 1421 compleatur;
1833 1370 2049 1421 pensatur
2072 1360 2213 1409 etiam

259 1437 525 1497 magnitudo
548 1435 722 1479 virtutis
747 1448 800 1478 ex
827 1431 1140 1491 magnitudine
1168 1430 1360 1474 actionis
1386 1429 1460 1473 vel
1480 1428 1723 1473 factorum.
1743 1429 1920 1475 Harum
1942 1437 2097 1473 autem
2122 1442 2217 1475 ma-

259 1505 543 1565 gnitudinum
570 1517 659 1546 una
681 1501 818 1545 aliam
837 1499 1150 1557 consequitur;
1169 1512 1279 1541 nam
1305 1512 1358 1541 ex
1375 1497 1465 1541 hoc
1483 1497 1584 1555 ipso
1607 1495 1731 1555 quod
1753 1494 1925 1555 aliquid
1941 1495 1990 1540 in
2010 1504 2216 1550 acmest,

260 1573 458 1616 activum
486 1580 564 1614 est.
600 1568 862 1613 Secundum
888 1567 1026 1624 igitur
1058 1565 1249 1609 modum
1277 1579 1368 1623 quo
1395 1564 1442 1607 in
1474 1573 1578 1607 actu
1611 1577 1696 1607 suo
1729 1561 2003 1622 completur,
2033 1571 2103 1608 est
2121 1575 2220 1611 mo-

260 1641 341 1683 dus
367 1636 690 1696 magnitudinis
716 1649 825 1679 suae
852 1634 1051 1687 virtutis;
1079 1642 1124 1676 et
1155 1631 1219 1675 sic
1245 1631 1512 1689 relinquitur
1543 1644 1614 1674 res
1630 1628 1898 1687 spirituales
1918 1640 2109 1688 magnas
2125 1628 2218 1674 dici

259 1706 508 1750 secundum
531 1703 722 1747 modum
745 1716 851 1746 suae
876 1699 1219 1758 completionis;
1242 1713 1366 1751 nam,
1393 1707 1442 1741 ut
1462 1696 1745 1755 Augustinus
1772 1696 1866 1755 (De
1893 1694 2022 1743 Trin.
2041 1695 2123 1742 lib.
2135 1695 2215 1741 VI.

260 1788 297 1816 c.
332 1772 396 1832 9.)
429 1772 549 1824 dicit,
576 1770 697 1828 quod
723 1770 769 1812 in
802 1769 870 1812 his
898 1781 1013 1826 quae
1038 1781 1132 1810 non
1155 1765 1279 1809 mole
1306 1779 1474 1822 magna
1500 1774 1617 1818 sunt,
1643 1763 1754 1807 illud
1781 1776 1922 1810 omne
1942 1773 2030 1810 *est
2068 1764 2230 1825 majus-

261 1840 381 1898 quod
410 1849 476 1883 est
501 1837 662 1881 melius
690 1851 800 1880 esse.
832 1834 1179 1880 Ostendendum
1208 1843 1275 1876 est
1299 1832 1436 1891 igitur
1462 1831 1715 1876 secundum
1733 1830 1870 1889 hujus
1889 1830 2216 1889 magnitudinis

262 1907 451 1950 modum
478 1906 629 1948 Deum
648 1903 875 1947 infinitum
903 1916 1014 1955 esse,
1032 1915 1126 1945 non
1145 1910 1298 1944 autem
1316 1901 1380 1943 sic
1398 1909 1448 1943 ut
1467 1898 1696 1942 infinitum
1718 1897 1938 1956 privative
1954 1897 2216 1957 accipiant,

261 1975 376 2018 sicut
401 1974 445 2016 in
474 1972 723 2030 quantitate
750 1970 1003 2013 dimensiva
1033 1968 1109 2012 vel
1139 1966 1390 2020 numerali3
1422 1980 1529 2009 nam
1562 1965 1827 2023 hujusmodi
1859 1965 2087 2024 quantitas
2111 1974 2219 2012 nata

262 2050 327 2084 est
352 2040 491 2084 finem
517 2039 709 2082 habere:
744 2037 863 2081 unde
895 2037 1147 2080 secundum
1174 2035 1531 2079 subtractionem
1557 2046 1717 2076 eorum
1744 2045 1860 2091 quae
1887 2041 1993 2077 sunt
2015 2042 2123 2078 nata
2138 2031 2217 2079 ha-

262 2109 380 2160 bere,
412 2106 585 2150 infinita
611 2106 834 2158 dicuntur,
863 2114 907 2148 et
932 2113 1114 2162 propter
1145 2102 1235 2146 hoc
1268 2102 1314 2145 in
1349 2101 1412 2145 eis
1453 2099 1683 2144 infinitum
1719 2098 2221 2159 imperfectitmem-‘de-

262 2175 421 2232 signat.
465 2173 555 2216 Sed
580 2173 626 2216 in
662 2173 764 2215 Deo
806 2171 1034 2214 infinitum
1074 2169 1285 2228 negative
1312 2178 1491 2212 tanturn
1526 2165 1812 2226 intelligitur,
1834 2167 1943 2226 quia
1965 2165 2230 2213 nullusmt,

262 2240 551 2300 perfectionis
584 2254 692 2283 suae
718 2239 952 2292 terminus,
979 2237 1074 2280 sive
1100 2237 1216 2290 finis,
1243 2236 1321 2280 sed
1349 2245 1416 2280 est
1441 2248 1621 2279 summe
1647 2232 1921 2293 perfectum:
1946 2243 1993 2279 et
2016 2233 2082 2282 sic
2107 2230 2217 2278 Deo

261 2308 487 2351 infinitum
502 2306 680 2351 attribui
703 2306 848 2350 debet.
865 2305 1019 2350 Omne
1038 2317 1236 2362 namque
1254 2303 1376 2361 quod
1394 2301 1647 2346 secundum
1664 2314 1795 2345 suam
1810 2309 2022 2348 naturam
2038 2299 2219 2346 finitum

263 2385 344 2428 est,
373 2375 428 2418 ad
455 2373 632 2433 generis
659 2372 848 2430 alicujus
871 2373 1095 2416 rationem
1113 2370 1451 2414 determinatur.
1479 2369 1606 2412 Deus
1628 2377 1783 2412 autem
1797 2378 1978 2412 nonest
1995 2366 2219 2427 totalique

263 2456 442 2501 genere,
469 2442 547 2485 sed
572 2443 666 2499 ejus
694 2439 912 2498 perfectio
940 2439 1149 2482 omnium
1178 2452 1397 2496 generum
1429 2436 1734 2495 perfectiones
1760 2435 1979 2491 continet,
1999 2445 2051 2481 ut
2077 2446 2215 2496 supra

261 2511 322 2568 (c.
350 2522 418 2566 25.
446 2519 490 2552 et
517 2507 607 2564 28.)
636 2517 869 2551 ostensum
896 2516 982 2560 est;
1010 2515 1078 2549 est
1102 2506 1237 2563 igitur
1264 2504 1478 2548 infinitus.
2001 2554 2004 2558 ⁴
2134 2539 2139 2545 .

350 2574 584 2632 Amplius:
619 2576 768 2617 omnis
798 2583 923 2617 actus
957 2572 1085 2616 alteri
1119 2572 1363 2616 inhaerens
1402 2571 1776 2616 terminationem
1815 2570 1976 2629 recipit
1998 2583 2056 2616 ex
2079 2583 2138 2615 eo
2160 2570 2217 2615 ,in

263 2657 354 2701 quo
382 2652 462 2695 est,
489 2641 594 2700 quia
620 2640 743 2699 quod
771 2651 837 2684 est
873 2642 916 2683 in
955 2639 1112 2692 altero,
1150 2649 1217 2682 est
1251 2639 1297 2682 in
1334 2653 1390 2682 eo
1428 2653 1506 2697 per
1541 2638 1734 2682 modum
1773 2637 2057 2697 recipientis:
2081 2646 2229 2683 <actus-

261 2710 396 2767 igitur
421 2709 468 2753 in
495 2708 621 2752 nullo
649 2708 881 2760 exsistens,
913 2707 1040 2750 nullo
1073 2707 1364 2750 terminatur:
1390 2716 1497 2765 puta
1524 2706 1562 2749 si
1594 2705 1757 2750 albedo
1784 2714 1903 2751 esset
1927 2713 2008 2765 per
2027 2717 2082 2750 se
2106 2705 2219 2751 exsi-

262 2787 398 2829 stens,
425 2775 641 2833 perfectio
669 2775 889 2819 albedinis
915 2775 960 2818 in
990 2789 1040 2818 ea
1060 2789 1152 2817 non
1179 2775 1512 2828 terminaretur,
1530 2774 1774 2832 quominus
1791 2773 1980 2818 haberet
2000 2772 2220 2833 quidquid

263 2845 316 2887 de
343 2842 621 2902 perfectione
649 2842 869 2886 albedinis
892 2842 1050 2885 haberi
1082 2851 1246 2899 potest.
1268 2841 1394 2885 Deus
1422 2851 1574 2886 autem
1605 2851 1673 2884 est
1695 2850 1821 2885 actus
1845 2839 1974 2885 nullo
1998 2840 2143 2886 modo
2166 2839 2228 2885 in·

261 2910 351 2954 alio
379 2910 611 2963 exsistens,
638 2909 742 2968 quia
768 2922 852 2952 nec
871 2919 946 2952 -est
972 2908 1120 2951 forma
1138 2909 1184 2951 in
1212 2908 1415 2961 materia,
1433 2918 1480 2951 ut
1498 2908 1740 2966 probatum
1763 2917 1831 2952 est
1851 2908 1914 2966 (c.
1941 2905 2087 2968 26.43„et
2111 2906 2222 2965 27.),

243 2992 346 3031 ,nec
373 2991 470 3021 esse
497 2991 630 3020 suum
656 2977 862 3020 inhaeret
888 2975 1022 3019 alicui
1048 2975 1223 3019 formae
1250 2974 1323 3019 vel
1354 2985 1556 3028 naturae,
1585 2989 1691 3017 cum
1723 2974 1820 3033 ipse
1851 2969 2075 3035 siwffim
2100 2987 2217 3028 esse,

263 3054 312 3088 ut
336 3059 469 3103 supra
497 3045 558 3102 (c.
587 3043 680 3100 21.)
708 3054 942 3088 ostensum
970 3053 1061 3096 est3
1090 3042 1355 3101 relinquitur
1380 3043 1517 3100 igitur
1542 3042 1692 3099 ipsum
1726 3055 1824 3086 esse
1849 3039 2093 3086 Infinitum.

316 3108 319 3111 ’
351 3112 551 3156 Adhucz'
574 3111 619 3154 in
646 3111 777 3154 rebus
803 3111 1027 3153 invenitur
1053 3109 1221 3168 aliquid
1249 3109 1370 3167 quod
1404 3121 1471 3152 est
1504 3108 1706 3167 potentia
1732 3118 1925 3162 tantum,
1958 3119 2007 3153 ut
2033 3106 2224 3154 materia

264 3179 434 3235 prima;
461 3177 627 3236 aliquid
655 3177 776 3237 quod
805 3187 871 3221 est
898 3188 1023 3220 actus
1049 3186 1242 3230 tantum,
1269 3185 1317 3219 ut
1342 3176 1483 3228 Deus,
1512 3175 1627 3218 sicut
1653 3189 1787 3232 supra
1805 3176 1867 3234 (c.
1894 3173 1959 3232 6.)
1984 3185 2222 3221 ostensum

265 3255 352 3299 est;
380 3245 547 3303 aliquid
571 3245 691 3303 quod
721 3254 787 3288 cst
813 3254 939 3288 actus
967 3254 1010 3287 et
1027 3244 1244 3302 potentia,
1262 3243 1375 3286 sicut
1394 3256 1464 3286 res
1488 3252 1679 3286 ceterae.
1695 3242 1785 3286 Sed
1811 3243 2020 3301 potentia
2033 3241 2224 3287 cum‘di·
2271 3268 2277 3272 -

264 3322 389 3356 catur
430 3312 484 3355 ad
527 3323 678 3355 actum
720 3326 813 3355 non
856 3321 1005 3370 potest
1037 3321 1190 3354 actum
1224 3309 1457 3362 excedere,
1495 3309 1610 3353 sicut
1651 3322 1735 3352 nec
1759 3308 1805 3352 in
1831 3322 2129 3369 unoquoque,
2157 3308 2223 3354 im

263 3393 346 3423 nec
374 3378 648 3438 simpliciter.
678 3379 797 3441 Cum
832 3379 967 3436 igitur
1000 3377 1187 3421 materia
1214 3378 1359 3435 prima
1392 3376 1447 3419 sit
1478 3375 1650 3419 infinita
1684 3377 1729 3419 in
1761 3390 1842 3420 sua
1874 3374 2223 3435 potentialitate,

262 3444 527 3504 relinquitur
561 3446 680 3504 quod
708 3446 846 3500 Deus,
875 3445 951 3504 qui
978 3454 1045 3488 cst
1072 3454 1198 3487 actus
1231 3457 1366 3502 purus
1395 3444 1450 3487 sit
1476 3442 1676 3486 infinitus
1703 3442 1749 3486 in
1776 3457 1859 3488 sua
1886 3441 2162 3489 actualitate.

2324 3459 2330 3466 ⁸
2317 3332 2332 3402 «ιη’ςι..
2311 2978 2332 3320 -«;;ι,η.-ῑ’ῳ;κιᾌΜῑιΛὸ.’-εη.ὴκ.
2327 2962 2332 2967 .
2320 2833 2332 2946 «.-.;.ς.<φ,.τ,..
2328 2817 2332 2819 ,
2330 2791 2332 2793 .
2319 2723 2332 2773 J!
2323 2674 2332 2713 fv
2328 2651 2332 2655 ,
2328 2596 2332 2607 η
2330 2579 2332 2583 .
2330 2504 2332 2506 ,
2327 2470 2332 2487 ,λ
2327 2391 2332 2410 ,,
2330 2372 2332 2374 .

350 3512 488 3556 Item:
531 3522 657 3556 tanto
686 3523 811 3556 actus
850 3512 1012 3571 aliquis
1050 3510 1294 3569 perfectior
1326 3520 1406 3563 est,
1440 3519 1610 3568 quanto
1640 3510 1789 3554 minus
1821 3509 1960 3556 habet
1988 3509 2220 3569 potentiae

264 3579 563 3640 permixtum3
597 3580 713 3623 unde
753 3579 902 3624 omnis
936 3590 1061 3623 actus
1095 3578 1166 3623 cui
1208 3578 1507 3638 permiscetur
1547 3577 1763 3637 potentia,
1805 3577 1943 3623 habet
1975 3577 2222 3624 termittum
