2332 3854
0 1443 21 1590 *effessum*

0 3651 4 3719 l

0 3778 7 3854 ἐ

0 2012 33 2374 ..iwan-³
10 1979 22 1988 2
0 1904 9 1918 ¹⁴
16 1619 35 1634 ς

813 263 966 303 mnan
1006 252 1083 303 111.
1126 264 1245 304 cAP.
1286 251 1432 303 Lxxr.
1547 301 1554 308 ,
1702 259 1710 268 ·
1992 249 2098 320 389

241 358 473 424 Amplius:
496 363 695 423 perfecta
714 365 892 410 bonitas
910 365 956 409 in
977 365 1111 410 rebus
1138 365 1300 411 creatis
1326 379 1422 410 non
1448 364 1725 408 inveniretur
1739 363 1827 408 nisi
1853 375 1971 409 esset
1988 366 2101 410 ordo

150 428 364 475 bonitatis
389 431 435 474 in
463 431 541 484 eis,
567 440 616 475 ut
640 431 814 475 scilicet
832 432 1055 489 quaedam
1074 431 1161 476 sint
1179 431 1277 477 aliis
1294 431 1508 484 meliora;
1531 444 1625 474 non
1653 433 1775 474 enim
1801 431 2099 489 implerentur

151 492 314 541 bmnes
341 497 507 556 gradus
532 497 770 556 possibiles
797 497 1026 551 bonitatis,
1051 512 1198 556 neque
1226 499 1364 543 etiarn
1392 496 1540 556 aliqua
1569 507 1775 541 creatura
1802 497 1903 540 Deo
1930 498 2099 541 simila·

147 559 272 607 retur
297 574 515 622 quantum
540 564 595 607 ad
618 564 707 608 hoc
732 564 854 622 quod
878 562 1005 607 alteri
1029 565 1261 608 emineret.
1281 564 1543 609 Tolleretur
1569 564 1707 607 etiam
1734 577 1940 608 summus
1958 564 2097 608 decor

149 640 175 673 a
200 629 332 673 rebus
358 630 395 673 si
422 630 475 673 ab
499 630 563 674 eis
589 628 702 674 ordo
730 629 1046 673 distinctorum
1072 642 1116 674 et
1148 631 1393 689 disparium
1419 629 1668 684 tolleretur,
1695 638 1740 674 et
1772 629 1892 688 quod
1916 639 1983 674 est
2005 643 2098 673 am-

212 708 278 750 us,
302 694 539 740 tolleretur
571 695 815 740 multitudo
849 710 875 739 a
907 695 1054 749 rebus,
1081 697 1400 755 inaequalitate
1426 696 1640 740 bonitatis
1663 695 1852 750 sublata,
1885 710 1991 740 cum
2018 709 2098 754 per

145 692 418 806 {irretentias
450 762 610 838 quibus
642 775 712 806 res
746 762 799 805 ab
833 761 1030 805 invicem
1073 762 1293 816 differant,
1330 777 1472 806 unum
1515 762 1656 807 altero
1699 761 1862 806 melius
1895 762 2091 815 exsistat,

146 827 262 872 sicut
291 828 544 872 animatum
569 829 837 881 inanimato,
865 838 909 872 et
939 828 1160 872 rationale
1193 828 1456 873 irrationali.
1483 828 1538 873 Et
1571 829 1634 873 sic
1667 830 1704 873 si
1731 828 1981 887 aequalitas
2000 841 2100 872 om-

143 892 332 938 nimoda
350 904 467 939 esset
487 895 532 938 in
555 895 702 948 rebus,
728 908 822 938 non
850 904 967 938 esset
983 894 1070 938 nisi
1094 909 1237 938 unum
1263 896 1436 939 bonum
1460 906 1687 948 creatum;
1714 896 1837 954 quod
1857 893 2098 940 manifeste

141 959 412 1021 perfectioni
437 962 625 1019 derogat
651 972 895 1005 creaturae.
916 960 1094 1005 Gradus
1122 972 1274 1005 autem
1298 961 1513 1005 bonitatis
1530 961 1736 1020 superior
1757 967 1838 1016 est,
1854 960 1904 1005 ut
1926 960 2096 1020 aliquid

144 1027 202 1072 sit
224 1027 413 1082 bonurn,
439 1028 562 1088 quod
584 1041 678 1071 non
704 1029 846 1086 possit
873 1041 898 1070 a
924 1027 1126 1071 bonitate
1154 1026 1372 1081 deficere;
1399 1026 1585 1071 inferior
1608 1037 1760 1071 autem
1786 1038 1844 1071 eo
1867 1037 1950 1082 est,'
1971 1026 2095 1090 quod

142 1103 292 1155 potest
322 1108 347 1138 a
369 1093 571 1155 bonitate
598 1093 803 1138 deficere.
832 1093 1086 1152 Utrumque
1114 1093 1250 1152 igitur
1276 1093 1467 1152 gradum
1499 1093 1713 1138 bonitatis
1745 1092 1963 1151 perfectio
1995 1092 2094 1137 uni-

141 1160 264 1205 versi
287 1152 484 1219 requirit.
511 1159 584 1204 Ad
601 1160 937 1218 providentiam
965 1170 1116 1204 autem
1151 1160 1443 1217 gubernantis
1470 1160 1666 1218 pertinet
1690 1158 2020 1218 perfectionem
2044 1158 2093 1203 in

142 1227 274 1271 rebus
300 1227 558 1286 gubernatis
580 1240 864 1279 conservare,
882 1240 975 1269 non
998 1237 1150 1270 autem
1174 1241 1276 1269 eam
1299 1226 1520 1270 minuere.
1542 1226 1684 1283 Igitur
1705 1240 1799 1270 non
1821 1225 2016 1284 pertinet
2037 1224 2094 1270 ad

142 1285 342 1337 divinam
374 1293 721 1352 providentiam,
752 1303 802 1336 ut
833 1292 1024 1336 omnino
1058 1292 1265 1336 excludat
1292 1307 1317 1336 a
1343 1292 1476 1336 rebus
1508 1292 1761 1351 potentiam
1795 1287 2036 1337 deficiendi
2067 1306 2095 1336 a

139 1358 278 1402 bon0.
302 1359 432 1403 Hanc
464 1369 616 1403 autem
652 1360 904 1417 potentiam
935 1359 1135 1418 sequitur
1171 1358 1367 1413 malum3
1400 1359 1506 1417 quia
1539 1358 1661 1417 quod
1706 1367 1856 1416 potest
1881 1347 2091 1412 deficere,

139 1424 413 1488 quandoque
438 1425 604 1480 deficit,
629 1436 673 1470 et
699 1427 793 1484 ipse
834 1425 1037 1470 defectus
1062 1425 1173 1469 boni
1199 1425 1373 1469 malum
1396 1435 1478 1480 est,
1500 1436 1549 1470 ut
1580 1439 1717 1484 supra
1754 1435 1991 1484 ostensum
2024 1434 2093 1469 est

137 1492 198 1550 (c.
225 1491 304 1550 7..)
329 1491 437 1535 Non
461 1500 530 1536 est
548 1492 686 1551 igitur
708 1491 763 1536 ad
781 1491 982 1535 divinam
1009 1491 1343 1550 providentiam
1367 1492 1596 1551 pertinens
1623 1502 1672 1536 ut
1698 1491 1890 1536 omnino
1913 1478 2092 1536 malum

138 1573 164 1603 a
189 1558 322 1604 rebus
348 1558 608 1618 gubernatis
633 1559 885 1634 prohibeat.

224 1624 414 1670 Adhuc:
448 1625 674 1684 optimum
705 1625 752 1668 in
778 1623 1108 1683 gubernatione
1141 1623 1339 1700 qualibet
1366 1634 1447 1678 est,
1486 1634 1536 1668 ut
1572 1623 1620 1668 in
1662 1623 1795 1668 rebus
1824 1611 2087 1683 gubernatis

136 1682 387 1736 secundum
419 1691 610 1735 modum
643 1704 775 1734 suum
807 1691 1120 1749 provideatur3
1147 1691 1193 1733 in
1225 1691 1316 1734 hoc
1354 1691 1477 1735 enim
1521 1691 1755 1749 regiminis
1789 1690 1957 1748 justitia
1984 1703 2091 1735 con-

136 1757 262 1802 sistit.
290 1756 420 1801 Sicut
442 1757 580 1814 igitur
606 1767 724 1800 esset
750 1767 909 1801 contra
934 1757 1160 1800 rationem
1192 1756 1381 1800 humani
1413 1756 1663 1815 regiminis,
1696 1757 1734 1800 si
1758 1757 2088 1815 impedirentur

135 1836 160 1867 a
183 1816 509 1883 gubernatione
526 1823 719 1866 civitatis
739 1823 952 1868 homines
970 1836 1105 1881 agere
1131 1823 1383 1867 secundum
1405 1837 1487 1867 sua
1513 1821 1678 1876 officia,
1699 1823 1788 1867 nisi
1811 1821 1929 1867 forte
1951 1832 2089 1891 quan-

135 1888 283 1949 doque
316 1889 368 1932 ad
396 1888 562 1932 horam
603 1899 785 1948 propter
818 1888 1018 1948 aliquam
1049 1889 1384 1943 necessitatem,
1417 1890 1479 1933 ita
1512 1900 1630 1934 esset
1663 1900 1822 1933 contra
1859 1890 2087 1934 rationem

134 1954 274 1999 divini
293 1948 543 2015 regiminis,
570 1955 608 1999 si
629 1969 724 1999 non
750 1956 916 2000 sineret
931 1969 1003 2000 res
1027 1965 1200 2000 creatas
1230 1968 1364 2014 agere
1382 1956 1636 2000 secundum
1658 1956 1850 2000 modum
1873 1956 2086 2015 propriae

133 2014 333 2065 naturae.
360 2020 426 2065 Ex
451 2021 542 2065 hoc
570 2033 724 2066 autern
750 2021 873 2080 quod
899 2032 1132 2066 creaturae
1159 2023 1223 2066 sic
1246 2032 1400 2079 agunt,
1427 2023 1628 2081 sequitur
1661 2022 1893 2081 corruptio
1920 2028 1965 2067 et
1992 2035 2087 2066 ma·

131 2086 229 2131 lum
253 2088 301 2131 in
325 2087 480 2142 rebus3
508 2101 612 2132 cum
639 2099 824 2147 propter
850 2087 1218 2132 contrarietatem
1237 2098 1281 2132 et
1301 2089 1651 2147 repugnantiam
1668 2091 1783 2147 quae
1802 2090 1930 2132 estin
1951 2088 2086 2132 rebus

131 2166 222 2197 una
247 2166 317 2197 res
348 2153 406 2198 sit
437 2153 619 2198 alterius
646 2155 917 2213 corruptiva.
945 2152 1052 2198 Non
1076 2164 1143 2199 est
1167 2154 1303 2212 igitur
1329 2154 1384 2198 ad
1407 2155 1610 2198 divinam
1631 2154 1969 2214 providentiam
1988 2166 2087 2213 per·

129 2219 276 2264 tinens
299 2218 473 2264 malum
499 2221 690 2264 omnino
718 2235 743 2264 a
769 2222 901 2264 rebus
928 2221 1187 2279 gubernatis
1212 2220 1466 2265 excludere.

219 2285 358 2330 Item:
385 2286 666 2345 impossibile
692 2295 758 2331 est
783 2286 905 2345 quod
932 2301 1071 2345 agens
1105 2297 1315 2345 operetur
1347 2286 1530 2345 aliquod
1557 2286 1745 2341 malum,
1780 2287 1868 2331 nisi
1896 2297 2084 2346 propter

130 2352 220 2399 hoc
247 2351 369 2412 quod
394 2352 586 2398 intendit
607 2353 790 2412 aliquod
807 2354 996 2407 bonum,
1018 2354 1135 2397 sicut
1151 2367 1204 2397 ex
1230 2354 1537 2412 superioribus
1565 2354 1626 2411 (c.
1657 2367 1693 2412 3.
1723 2363 1764 2398 et
1790 2356 1850 2408 4.)
1880 2359 2079 2412 apparet.

46 2434 49 2436 ⁴
114 2420 378 2467 Prohibere
405 2431 556 2466 autem
579 2423 904 2481 cujuscumque
925 2422 1035 2465 boni
1055 2421 1355 2465 intentionem
1371 2420 1686 2467 universaliter
1712 2435 1737 2464 a
1763 2421 1896 2465 rebus
1919 2421 2082 2465 creatis

128 2479 221 2532 non
246 2489 439 2548 pertinet
464 2488 519 2532 ad
545 2488 878 2548 providentiam
901 2489 997 2548 ejus
1015 2489 1092 2547 qui
1118 2498 1185 2532 est
1203 2489 1353 2532 omnis
1379 2488 1490 2532 boni
1516 2502 1678 2542 causa;
1701 2487 1765 2531 sic
1793 2487 1918 2532 enim
1934 2486 2080 2533 multa

127 2552 249 2598 bona
272 2552 642 2601 subtraherentur
670 2554 723 2599 ab
756 2555 1047 2599 universitate
1078 2568 1255 2608 rerum3
1289 2555 1418 2608 sicut,
1451 2554 1490 2598 si
1529 2554 1867 2598 subtraheretur
1893 2554 1988 2612 igni
2018 2554 2083 2597 in-

128 2621 271 2666 tentio
297 2621 542 2680 generandi
566 2621 651 2665 sibi
676 2620 839 2675 simile,
867 2619 922 2664 ad
949 2635 1086 2679 quarn
1105 2621 1305 2679 sequitur
1326 2620 1417 2664 hoc
1434 2619 1609 2664 malum
1627 2621 1749 2679 quod
1766 2629 1833 2665 est
1851 2620 2084 2679 corruptio

128 2696 280 2731 rerum
306 2685 707 2741 combustibilium,
741 2686 978 2732 tolleretur
1017 2687 1109 2730 hoc
1144 2687 1318 2730 bonurn
1357 2686 1478 2745 quod
1516 2696 1586 2736 est,
1623 2686 1858 2745 generatio
1884 2686 2003 2744 ignis
2036 2696 2081 2730 et

129 2753 415 2798 conservatio
446 2753 585 2812 ipsius
616 2752 867 2797 secundum
899 2765 1029 2797 suam
1065 2753 1278 2810 speciem.
1314 2752 1422 2798 Non
1459 2762 1527 2796 est
1551 2752 1688 2810 igitur
1714 2752 1894 2796 divinae
1931 2752 2080 2811 provi-

128 2817 306 2864 dentiae
333 2817 506 2862 malum
531 2819 730 2863 totaliter
756 2833 781 2862 a
804 2818 938 2863 rebus
964 2817 1217 2862 excludere.

217 2884 405 2928 Adhuc:
437 2884 581 2928 multa
605 2885 726 2928 bona
759 2894 861 2928 sunt
885 2884 932 2928 in
963 2884 1109 2937 rebus,
1146 2898 1275 2942 quae,
1313 2884 1401 2928 nisi
1437 2883 1559 2928 mala
1598 2893 1762 2938 essent,
1798 2883 1958 2927 locum
1984 2893 2077 2928 non

128 2949 371 3004 haberent;
403 2950 519 2994 sicut
543 2964 637 2994 non
664 2960 783 2994 esset
807 2950 1023 3008 patientia
1048 2951 1286 3007 iustorum,
1319 2951 1356 2994 si
1382 2964 1475 2994 non
1502 2961 1619 2995 esset
1644 2950 1904 3007 malignitas
1929 2963 2078 3009 perse-

32 3010 65 3085 (
127 3016 385 3074 quentium;
412 3030 497 3060 nec
534 3025 651 3060 esset
682 3015 810 3060 locus
841 3017 1036 3074 justitiae
1073 3016 1372 3060 vindicativae
1406 3017 1445 3060 si
1476 3016 1642 3061 delicta
1682 3030 1776 3060 non
1820 3025 1996 3070 essent3
2028 3016 2076 3059 in

128 3082 260 3126 rebus
286 3082 424 3126 etiam
454 3081 746 3136 naturalibus,
774 3096 867 3126 non
894 3091 1011 3127 esset
1048 3082 1179 3126 unius
1217 3082 1468 3140 generatio,
1503 3083 1590 3126 nisi
1622 3093 1741 3126 esset
1767 3082 1948 3126 alterius
1981 3096 2077 3126 cor·

127 3147 290 3206 ruptio.
318 3147 367 3191 Si
393 3162 502 3206 ergo
531 3147 701 3191 malum
728 3148 925 3192 totaliter
952 3149 1004 3191 ab
1033 3148 1322 3192 universitate
1344 3162 1495 3192 rerum
1519 3163 1598 3206 per
1616 3149 1815 3192 divinam
1838 3148 2075 3207 providen-

126 3213 235 3258 tiam
264 3213 585 3268 excludetetur,
618 3222 849 3272 oporteret
889 3214 1027 3258 etiam
1060 3215 1290 3257 bonorum
1327 3214 1665 3258 multitudinem
1701 3214 1918 3267 diminui3
1951 3215 2074 3273 quod

127 3293 226 3324 esse
252 3293 344 3323 non
367 3279 512 3333 debet,
538 3280 642 3338 quia
671 3281 910 3326 virtuosius
943 3291 1010 3324 est
1041 3281 1214 3324 bonum
1246 3283 1292 3323 in
1319 3280 1519 3324 bonitate
1546 3294 1683 3338 quam
1708 3281 1755 3323 in
1782 3280 1955 3324 malitia
1982 3295 2075 3324 ma-

126 3342 237 3406 lum,
264 3345 380 3390 sicut
405 3359 458 3389 ex
484 3346 790 3404 superioribus
817 3344 877 3404 (c.
910 3347 996 3404 12.)
1019 3357 1153 3405 patet.
1171 3346 1311 3405 Igitur
1329 3360 1423 3390 non
1450 3347 1583 3390 debet
1598 3360 1677 3405 per
1703 3346 1904 3390 divinam
1927 3348 2074 3405 provi-

127 3410 328 3457 dentiam
355 3411 556 3456 totaliter
581 3412 756 3456 maium
782 3412 958 3456 excludi
985 3427 1010 3456 a
1034 3414 1181 3457 rebus.

214 3478 450 3538 Amplius:
472 3479 644 3523 bonum
669 3480 807 3523 totius
832 3480 1110 3538 praeeminet
1126 3480 1249 3523 bono
1272 3479 1424 3538 partis.
1447 3479 1519 3523 Ad
1542 3479 1810 3538 prudentem
1836 3479 1973 3538 igitur
1994 3491 2071 3538 gu-

124 3543 412 3591 Bernatorem
438 3545 630 3604 pertinet
661 3545 893 3604 negligere
927 3546 1126 3605 aliquem
1158 3545 1387 3590 defectum
1419 3546 1632 3590 bonitatis
1663 3546 1709 3589 in
1742 3555 1882 3604 parte,
1909 3555 1959 3589 ut
1988 3543 2068 3590 fiat

127 3622 422 3671 augmentum
447 3612 661 3657 bonitatis
677 3612 724 3656 in
744 3621 867 3667 toto;
893 3612 1010 3657 sicut
1026 3612 1183 3657 artifex
1206 3611 1443 3657 abscondit
1462 3611 1809 3657 fundamentum
1832 3612 1913 3657 sub
1935 3622 2072 3666 ten’a,
