2332 3854
229 196 337 234 220
890 198 1047 238 LlBER
1086 200 1141 237 11.
1184 199 1304 238 CAP.
1344 199 1534 239 LXXIII.

316 297 504 342 Adhuc:
532 297 644 343 illud
670 313 752 358 per
776 299 899 358 quod
926 299 1126 358 speciem
1156 299 1341 345 sortitur
1366 301 1725 361 unumquodque
1750 302 1924 358 vivens,
1951 313 2019 348 est
2043 304 2184 364 perfe-

227 364 318 408 ctio
345 365 506 423 prima,
533 376 578 409 et
602 380 696 409 non
729 365 948 424 perfectio
975 366 1189 420 secunda,
1216 377 1266 412 ut
1290 374 1414 427 patet
1453 381 1534 426 per
1572 368 1871 414 Aristotelem
1902 370 1949 413 in
1986 371 2188 416 secundo

224 431 297 475 De
323 432 475 476 anima
503 433 553 489 (t.
582 447 619 476 c.
653 446 687 489 ς.
717 441 760 476 et
787 431 867 488 6..)
890 433 1171 476 Phantasma
1197 443 1351 478 autem
1372 448 1468 478 non
1490 445 1557 479 est
1575 435 1793 494 perfectio
1811 436 1973 495 prima,
1994 437 2074 482 sed
2094 452 2191 497 per-

224 496 361 542 fectio
394 499 620 552 secunda3
647 509 714 543 est
739 499 862 542 enirn
889 500 1127 556 phantasia
1159 510 1312 545 motus
1352 499 1498 546 factus
1526 515 1551 545 a
1575 516 1711 546 sensu
1737 503 1990 548 secundum
2021 513 2191 559 actum,

225 574 274 608 ut
295 565 492 608 dicitur
483 580 528 609 m
555 566 757 609 secundo
780 565 851 609 De
879 566 1031 610 anima
1057 567 1108 624 (t.
1133 580 1170 611 c.
1199 565 1332 624 168.)
1354 567 1463 612 Non
1484 568 1622 627 igitur
1644 579 1711 613 est
1730 569 1883 628 ipsum
1918 569 2189 629 phantasma

224 632 347 690 quod
379 642 657 686 numeratur,
691 645 715 675 a
743 646 832 690 quo
858 632 1005 677 homo
1031 633 1235 691 speciem
1266 634 1417 680 habet.

313 699 543 757 Amplius·
573 699 892 757 phantasmata
919 713 1034 758 quae
1062 710 1166 745 sunt
1191 701 1457 746 intellecta
1445 717 1492 746 in
1509 705 1726 762 potentia,
1744 702 1922 748 diversa
1940 713 2057 749 sunt.
2071 674 2189 750 mud

225 775 378 810 autem
405 780 495 824 quo
520 766 688 824 aliquid
715 767 915 825 speciem
942 767 1127 811 sortitur
1159 778 1341 827 oportet
1362 783 1459 814 esse
1486 784 1655 825 unum3
1676 784 1785 814 nam
1811 772 1985 830 species
2010 785 2104 815 una
2122 781 2191 816 est

224 834 369 878 unius.
402 834 508 876 Non
535 833 670 892 igitur
696 847 776 890 per
807 833 1140 892 phantasmata,
1173 845 1307 893 prout
1340 846 1571 895 ponuntur
1595 837 1826 882 numerari
1850 838 1901 882 in
1925 838 2112 884 diversis
2139 847 2189 883 ut

223 910 328 944 sunt
352 899 582 943 intellecta
607 900 653 943 in
679 900 896 958 potentia,
922 901 1067 945 homo
1095 902 1296 959 speciem
1323 905 1520 947 sortitur.

311 967 448 1010 Item:
471 965 583 1010 illud
611 980 636 1010 a
663 980 753 1025 quo
780 966 926 1011 homo
954 967 1140 1012 sortitur
1165 968 1367 1027 speciem
1391 979 1573 1028 oportet
1597 984 1778 1030 semper
1803 984 1901 1016 esse
1927 966 2118 1017 manens
2139 971 2186 1016 in

224 1034 389 1078 eodem
414 1033 648 1077 individuo
677 1033 786 1077 dum
813 1033 966 1088 durat;
1010 1033 1120 1078 alias
1161 1035 1448 1080 individuum
1479 1050 1575 1081 non
1615 1051 1796 1096 semper
1831 1047 1950 1084 esset
1979 1038 2113 1084 unius
2144 1048 2190 1084 et

223 1100 426 1159 ejusdem
453 1100 636 1159 speciei,
663 1101 741 1146 sed
763 1101 1037 1160 quandoque
1062 1101 1213 1159 hujus,
1235 1102 1508 1162 quandoque
1529 1102 1663 1148 illius.
1686 1105 2014 1150 Phantasmata
2035 1115 2187 1151 autem

221 1182 316 1212 non
342 1182 523 1226 semper
544 1167 707 1212 eadem
732 1177 920 1212 manent
945 1170 992 1213 in
1019 1183 1110 1213 uno
1139 1169 1347 1224 homine,
1364 1171 1443 1215 sed
1464 1170 1690 1229 quaedam
1707 1171 1762 1216 de
1783 1185 1909 1217 novo
1927 1172 2188 1228 adveniunt,

222 1244 267 1278 et
292 1235 517 1293 quaedam
548 1235 918 1294 praeexsistentia
945 1235 1197 1280 abolentur.
1224 1236 1515 1281 Individuum
1540 1238 1679 1296 igitur
1702 1238 1906 1283 hominis
1930 1252 2080 1298 neque
2104 1252 2186 1298 per

221 1302 494 1361 phantasma
519 1302 705 1347 sortitur
730 1302 947 1361 speciem,
974 1316 1122 1361 neque
1139 1317 1219 1362 per
1235 1303 1387 1363 ipsum
1410 1304 1699 1349 continuatur
1714 1305 1938 1366 principio
1954 1319 2064 1351 suae
2085 1319 2187 1366 spe-

223 1369 322 1424 ciei,
356 1370 478 1428 quod
507 1379 574 1414 est
604 1369 862 1414 intellectus
895 1369 1136 1428 possibilis.

310 1436 359 1481 Si
394 1446 548 1481 autem
575 1436 752 1481 dicatur
777 1437 900 1496 quod
932 1437 1008 1481 hic
1034 1437 1180 1482 homo
1207 1452 1302 1482 non
1334 1438 1519 1483 sortitur
1545 1439 1747 1499 speciem
1774 1440 1828 1484 ab
1853 1440 1964 1500 ipsis
1996 1440 2187 1500 phanta-

221 1503 455 1557 smatibus,
489 1503 567 1548 sed
595 1518 620 1547 a
645 1504 884 1548 virtutibus
908 1504 955 1547 in
983 1504 1143 1563 quibus
1170 1515 1274 1551 sunt
1305 1506 1640 1565 phantasmata,
1672 1506 1849 1552 scilicet
1874 1507 2188 1567 irnaginativa,

221 1571 538 1627 memorativa,
567 1581 612 1616 et
638 1571 885 1630 cogitativa
903 1585 1018 1630 quae
1037 1582 1105 1616 est
1120 1573 1303 1632 propria
1321 1573 1514 1628 homini,
1533 1588 1672 1633 quam
1689 1574 1960 1620 Aristoteles
1984 1575 2033 1620 in
2053 1575 2187 1620 tertio

220 1639 292 1683 De
325 1639 479 1683 anima
504 1641 555 1698 (t.
584 1654 623 1684 c.
649 1640 741 1697 20.)
769 1639 1001 1699 passivum
1027 1639 1312 1684 intellectum
1352 1650 1504 1695 vocat,
1545 1637 1694 1686 adhuc
1735 1651 1986 1700 sequuntur
2025 1642 2188 1687 eadem

219 1707 600 1750 inconvenientia.

313 1772 450 1827 Quia,
477 1787 619 1832 quum
644 1773 785 1818 virtus
813 1773 1061 1833 cogitativa
1077 1774 1243 1819 habeat
1260 1775 1576 1833 operationem
1593 1774 1745 1819 solum
1764 1775 1883 1820 circa
1897 1774 2188 1834 particularia
2218 1786 2223 1787 ⁷

221 1854 417 1899 quorum
443 1841 718 1885 intentiones
753 1841 912 1885 dividit
938 1851 982 1885 et
1009 1844 1260 1900 componit,
1298 1852 1341 1886 et
1373 1842 1539 1886 habeat
1573 1856 1801 1901 organum
1834 1841 2073 1901 corporale
2105 1853 2185 1901 per

221 1908 343 1967 quod
363 1908 469 1967 agit,
495 1923 589 1952 non
615 1908 896 1953 transcendit
921 1923 1066 1968 genus
1094 1910 1275 1953 animae
1302 1910 1557 1954 sensitivae.
1586 1910 1744 1954 Homo
1772 1920 1927 1954 autem
1952 1924 2007 1954 ex
2033 1909 2186 1954 anima

220 1975 435 2019 sensitiva
460 1989 555 2019 non
581 1976 719 2019 habet
744 1976 867 2034 quod
890 1975 947 2020 sit
972 1976 1133 2030 homo,
1160 1977 1239 2020 sed
1268 1977 1390 2035 quod
1417 1977 1473 2021 sit
1496 1976 1679 2020 animal.
1706 1976 1873 2021 Adhuc
1899 1976 2035 2036 igitur
2054 1975 2190 2021 relin-

220 2043 370 2101 quitur
392 2043 515 2102 quod
540 2053 804 2087 numeretur
828 2043 875 2087 in
897 2043 1029 2087 nobis
1052 2043 1204 2088 solum
1226 2044 1271 2087 id
1305 2044 1428 2103 quod
1456 2044 1678 2103 competit
1697 2043 1878 2088 homini
1897 2043 1946 2088 in
1967 2054 2188 2103 quantum

220 2120 287 2155 est
320 2109 504 2154 animal.

307 2178 574 2223 Praeterea:
597 2178 738 2222 virtus
761 2177 1022 2237 cogitativa,
1046 2192 1188 2237 quum
1211 2188 1425 2238 operetur
1450 2193 1530 2237 per
1556 2192 1797 2237 organum,
1823 2191 1919 2224 non
1940 2187 2009 2223 est
2026 2177 2072 2223 id
2094 2191 2187 2238 quo

217 2244 530 2303 intelligimus,
557 2259 698 2304 quum
724 2244 979 2303 intelligere
1005 2259 1100 2289 non
1122 2246 1179 2290 sit
1202 2246 1407 2304 operatio
1430 2245 1622 2304 alicujus
1645 2245 1820 2304 organi.
1842 2245 1894 2289 Id
1921 2255 2074 2290 autem
2095 2258 2187 2304 quo

217 2312 514 2371 intelligimus
542 2322 609 2356 est
633 2312 678 2356 id
705 2326 797 2371 quo
823 2312 969 2356 homo
997 2322 1064 2357 est
1089 2312 1249 2366 homo,
1273 2327 1416 2371 quum
1442 2312 1695 2371 intelligere
1731 2312 1787 2357 sit
1824 2312 2007 2371 propria
2033 2324 2188 2372 opera·

216 2379 283 2424 tio
309 2379 526 2435 hominis,
560 2393 846 2438 consequens
874 2381 968 2438 ejus
994 2381 1211 2438 speciem.
1237 2379 1345 2424 Non
1372 2389 1440 2424 est
1463 2379 1601 2438 igitur
1622 2379 1713 2424 hoc
1735 2378 2022 2424 individuum
2040 2378 2187 2424 homo

218 2461 298 2506 per
323 2447 539 2491 virtutem
566 2446 876 2506 cogitativam,
902 2461 1051 2506 neque
1076 2446 1192 2491 haec
1219 2447 1358 2491 virtus
1391 2455 1459 2491 est
1482 2446 1528 2490 id
1554 2460 1633 2505 per
1666 2447 1789 2505 quod
1814 2446 1960 2491 homo
1987 2446 2189 2491 substan-

217 2514 383 2559 tialiter
409 2513 557 2558 differt
583 2528 608 2558 a
638 2513 794 2568 brutis,
821 2523 870 2558 ut
898 2514 1252 2559 Commentator
1283 2513 1538 2573 praedictus
1563 2513 1694 2572 fingit
1735 2513 1891 2572 (tertio
1917 2513 1991 2558 De
2017 2513 2188 2568 anima,

218 2591 250 2627 t.
277 2596 315 2627 c.
349 2581 422 2639 5.).

308 2649 497 2693 Adhuc:
518 2648 664 2693 virtus
692 2648 939 2707 cogitativa
970 2662 1065 2692 non
1097 2648 1236 2693 habet
1277 2648 1485 2693 ordinem
1515 2647 1569 2692 ad
1595 2646 1880 2692 intellectum
1921 2645 2186 2706 possibilem

219 2731 310 2776 quo
336 2715 549 2775 intelligit
573 2716 734 2770 homo,
759 2716 849 2760 nisi
873 2730 954 2775 per
976 2730 1110 2760 suum
1137 2725 1289 2760 actum
1318 2729 1409 2774 quo
1436 2725 1763 2774 praeparantur
1784 2714 2118 2774 phantasmata,
2139 2723 2190 2759 ut

218 2798 299 2843 per
323 2783 606 2828 intellectum
649 2792 863 2842 agentem
888 2782 998 2827 fiant
1022 2782 1327 2842 intelligibilia
1361 2791 1464 2826 actu
1507 2791 1551 2826 et
1592 2781 1872 2840 perficientia
1901 2779 2188 2827 intellectum

218 2850 499 2910 possibilem.
529 2850 752 2910 Operatio
782 2859 936 2894 autem
962 2850 1049 2894 ista
1071 2863 1165 2894 non
1192 2863 1373 2908 semper
1399 2849 1563 2893 eadem
1589 2858 1746 2893 manet
1774 2849 1822 2892 in
1848 2848 1993 2894 nobis.
2014 2847 2190 2908 Impos-

219 2918 347 2963 sibile
380 2928 448 2963 est
472 2918 610 2977 igitur
635 2917 759 2977 quod
784 2910 930 2962 homo
956 2931 1036 2977 per
1063 2931 1167 2962 earn
1198 2917 1273 2962 vel
1306 2916 1595 2961 continuetur
1638 2915 1864 2976 principio
1895 2914 2065 2975 speciei
2103 2914 2188 2960 hu·

218 3000 398 3040 manae,
424 2985 499 3030 vel
524 2999 604 3043 per
629 2999 733 3029 eam
759 2984 925 3029 habeat
950 2985 1168 3042 speciem.

308 3053 384 3098 Sic
411 3053 548 3112 igitur
573 3062 696 3112 patet
721 3053 843 3112 quod
871 3052 1102 3112 praedicta
1128 3051 1366 3112 responsio
1391 3051 1583 3096 omnino
1613 3049 1888 3096 confutanda
1914 3059 1993 3096 est.

306 3121 446 3165 Item:
481 3121 525 3164 id
553 3134 644 3180 quo
673 3119 842 3179 aliquid
886 3130 1100 3179 operatur
1127 3130 1203 3164 aut
1229 3119 1323 3178 agit
1348 3127 1414 3163 est
1440 3118 1714 3178 principium
1741 3118 1799 3162 ad
1824 3117 1948 3177 quod
1984 3116 2186 3176 sequitur

223 3189 447 3248 operatio,
473 3203 567 3233 non
595 3187 746 3233 solum
780 3198 1001 3247 quantum
1029 3187 1085 3231 ad
1112 3202 1210 3232 esse
1235 3187 1390 3246 ipsius,
1423 3186 1501 3231 sed
1536 3187 1673 3230 etiam
1710 3195 1937 3245 quantum·
1959 3184 2015 3231 ad
2041 3183 2190 3230 multi·

218 3257 424 3301 tudinem
452 3266 527 3301 aut
552 3257 796 3310 unitatem3
821 3256 875 3299 ab
900 3255 1067 3300 eodem
1095 3255 1219 3300 enim
1246 3253 1399 3299 calore
1425 3268 1520 3298 non
1547 3264 1614 3298 est
1640 3253 1729 3298 nisi
1754 3266 1897 3298 unum
1923 3251 2188 3307 calefacere,

219 3324 313 3368 sive
340 3338 429 3368 una
452 3322 693 3368 calefactio
722 3323 883 3379 activa,
911 3322 1119 3382 quamvis
1142 3323 1285 3381 possit
1301 3335 1401 3366 esse
1420 3320 1658 3380 multiplex
1676 3319 1888 3375 calefieri,
1905 3320 2000 3365 sive
2016 3317 2189 3364 multae

219 3389 544 3435 calefactiones
571 3391 779 3450 passivae
806 3390 1060 3435 secundum
1087 3389 1395 3434 diversitatem
1423 3388 1752 3433 calefactorum
1777 3386 1915 3432 simul
1939 3401 2019 3446 per
2043 3400 2186 3432 unum

220 3457 438 3502 calorem.
471 3457 734 3503 Intellectus
762 3466 915 3503 autem
955 3456 1184 3516 possibilis
1211 3466 1280 3501 est
1305 3469 1396 3515 quo
1437 3455 1651 3514 intelligit
1691 3454 1859 3509 anima,
1883 3464 1935 3504 ut
1955 3453 2067 3500 dicit
2091 3453 2190 3498 Ari·

219 3523 406 3569 stoteles
433 3526 478 3569 in
505 3525 639 3570 tertio
668 3525 740 3569 De
768 3524 922 3569 anima
949 3525 998 3582 (t.
1028 3538 1066 3568 c.
1099 3524 1172 3582 5.).
1203 3522 1254 3568 Si
1276 3523 1414 3582 igitur
1444 3521 1705 3567 intellectus
1731 3519 1958 3581 possibilis
1982 3519 2118 3579 hujus
2144 3529 2189 3565 et

218 3590 340 3636 illius
365 3590 568 3637 hominis
596 3592 653 3637 sit
679 3605 793 3637 unus
818 3602 862 3637 et
887 3590 1010 3636 idem
1037 3603 1248 3646 numero,
1274 3602 1461 3635 necesse
1485 3589 1569 3634 erit
1594 3588 1733 3635 etiam
1758 3586 2014 3647 intelligere
2030 3586 2190 3633 utrius·
