2332 3854
840 231 995 271 LIBER
1034 231 1091 271 11.
1131 231 1252 271 CAP.
1291 229 1378 268 Lv.
1990 229 2083 283 191

133 337 352 383 resistunt
383 334 557 380 eisdem
589 333 842 379 secundum
870 334 1062 379 modurn
1094 347 1203 379 suae
1228 331 1518 393 cognitionis.
1545 330 1628 375 Illa
1659 331 1797 390 igitur
1828 331 2091 390 cognitione

135 403 341 449 carentia
366 414 562 460 quorum
588 400 820 460 principiis
843 401 962 445 inest
982 401 1123 446 virtus
1145 401 1201 445 ad
1228 399 1594 451 conservandum
1612 412 1710 443 esse
1727 407 2012 458 perpetuum,
2029 399 2092 444 ita

133 470 258 531 quod
283 477 499 512 maneant
522 481 706 526 semper
731 467 893 511 eadem
915 469 1167 512 secundum
1189 481 1448 521 numerum,
1463 465 1730 511 naturaliter
1751 474 1970 525 appetunt
1992 480 2091 510 esse

40 584 42 587 ,
134 546 404 598 perpetuum
427 534 565 579 etiam
592 533 843 578 secundum
866 534 989 577 idem
1012 548 1219 579 numero.
1240 534 1451 587 Quorum
1478 543 1631 578 autern
1657 533 1877 592 principia
1901 546 1995 577 non
2016 532 2094 576 ha·

134 604 244 648 bent
269 601 324 647 ad
350 602 442 645 hoc
473 601 702 655 virtutem,
729 600 807 644 sed
841 600 992 644 solum
1031 602 1087 644 ad
1115 601 1478 646 conservandum
1511 613 1608 645 esse
1640 609 1911 659 perpetuum
1938 613 2094 643 secun-

135 670 245 715 dum
275 668 399 713 idem
426 667 593 726 specie,
621 667 758 711 etiam
784 666 1047 710 naturaliter
1068 677 1286 726 appetunt
1311 668 1672 726 perpetuitatem.
1698 666 1829 711 Hanc
1855 666 1993 724 igitur
2014 665 2093 710 dif-

133 734 371 780 ferentiam
403 743 583 794 oportet
607 733 655 777 in
670 733 742 777 his
767 732 973 787 inveniri,
997 733 1158 792 quibus
1185 734 1458 778 desiderium
1485 734 1665 779 essendi
1691 746 1799 778 curn
1821 733 2085 792 cognitione

131 802 262 855 inest,
288 810 337 845 ut
367 800 542 845 scilicet
562 798 642 844 illa
672 813 788 858 quae
814 813 908 843 non
941 810 1227 858 cognoscunt
1253 814 1350 845 esse
1368 801 1455 845 nisi
1482 811 1531 845 ut
1552 815 1688 856 nunc,
1715 799 1973 845 desiderant
1993 813 2092 844 esse

76 867 83 875 '
133 876 183 913 ut
204 881 343 921 nunc,
369 881 463 911 non
487 876 640 911 autem
666 880 860 926 semper,
887 867 993 925 quia
1026 880 1125 911 esse
1151 868 1480 926 sempiternum
1506 882 1600 912 non
1629 867 1993 927 apprehendunt;
2021 868 2094 912 de·

132 934 331 981 siderant
354 944 509 978 tamen
536 947 635 977 esse
658 942 927 992 perpetuum
954 933 1123 991 speciei
1150 934 1320 993 absque
1348 935 1636 993 cognitione3
1660 935 1765 994 quia
1789 934 1932 979 virtus
1954 948 2093 994 gene-

132 1001 290 1055 rativa,
315 1014 431 1060 quae
459 999 514 1043 ad
541 999 631 1045 hoc
666 999 875 1053 deservit,
902 999 1197 1059 praeambula
1230 1011 1311 1054 est,
1342 1012 1387 1045 et
1421 1016 1515 1046 non
1548 1002 1788 1060 subjacens
1824 1001 2091 1083 cognitioni.

132 1067 217 1113 Illa
245 1067 384 1127 igitur
415 1080 531 1126 quae
562 1066 713 1126 ipsum
746 1081 843 1111 esse
875 1077 1144 1126 perpetuum
1172 1077 1473 1126 cognoscunt,
1507 1078 1551 1112 et
1587 1053 1964 1127 apprehendunt,
1978 1068 2095 1113 desi-

80 1130 86 1137 ”
132 1136 291 1180 derant
327 1134 478 1193 ipsum
517 1133 710 1177 naturali
747 1134 986 1178 desiderio.
1019 1134 1122 1179 Hoc
1155 1146 1308 1180 autern
1343 1135 1558 1180 convenit
1584 1136 1798 1180 omnibus
1830 1135 2090 1180 substantiis

131 1200 502 1261 intelligentibus
531 1199 708 1245 Omnes
734 1200 872 1259 igitur
898 1201 1175 1246 substantiae
1205 1201 1513 1261 intelligentes
1538 1201 1735 1246 naturali
1761 1202 1988 1247 desiderio
2014 1216 2093 1262 ap-

134 1278 292 1330 petunt
323 1281 422 1312 esse
447 1280 643 1326 semper.
676 1266 798 1326 Ergo
830 1267 1113 1327 impossibile
1141 1278 1208 1313 est
1233 1269 1355 1328 quod
1382 1267 1481 1314 esse
1507 1269 1735 1314 deficiant.

223 1335 418 1380 Adhuc:
451 1347 765 1393 quaecumque
797 1334 1024 1393 incipiunt
1050 1349 1162 1389 esse,
1189 1345 1234 1380 et
1259 1336 1483 1390 desinunt,
1509 1350 1590 1396 per
1611 1336 1824 1381 eamdem
1841 1337 2093 1396 potentiam

43 1445 46 1449 2
133 1402 303 1448 habent
327 1413 584 1460 utrumque.
618 1400 791 1445 Eadem
818 1401 940 1445 enirn
969 1412 1037 1446 est
1060 1403 1264 1461 potentia
1297 1403 1351 1447 ad
1386 1417 1500 1458 esse,
1528 1413 1572 1448 et
1601 1417 1696 1447 non
1731 1418 1844 1448 esse.
1878 1403 1969 1448 Sed
1995 1404 2094 1448 sub-

45 1464 61 1531 },q
134 1469 326 1516 stantiae
349 1467 681 1513 intellectuales
706 1482 800 1512 non
823 1478 1070 1526 potuerunt
1093 1469 1295 1528 incipere
1323 1483 1422 1514 esse
1454 1470 1543 1515 nisi
1574 1484 1654 1530 per
1679 1471 1931 1529 potentiam
1959 1471 2096 1529 primi

135 1536 326 1597 agentis.
354 1535 463 1579 Non
501 1535 625 1579 enim
663 1544 769 1579 sunt
799 1549 854 1579 ex
891 1535 1079 1579 materia
1112 1549 1229 1594 quae
1255 1537 1455 1594 potuerit
1488 1536 1752 1597 praefuisse,
1779 1547 1828 1582 ut
1859 1548 2094 1583 ostensum

42 1651 46 1659 „
134 1612 204 1649 est
227 1602 347 1660 (Lib.
373 1602 430 1646 ΙΙ.
448 1616 488 1646 c.
510 1601 611 1659 50.).
634 1601 777 1659 Igitur
797 1615 883 1646 nec
907 1611 975 1646 est
1006 1602 1157 1661 aliqua
1183 1603 1387 1662 potentia
1414 1603 1471 1647 ad
1492 1617 1587 1648 non
1610 1617 1710 1649 esse
1737 1618 1908 1659 earum,
1931 1604 2020 1649 nisi
2045 1605 2093 1648 in

53 1665 60 1707 Ῐ
135 1670 284 1731 primo
310 1678 488 1728 agente,
509 1668 762 1712 secundum
788 1669 910 1727 quod
942 1679 1093 1728 potest
1117 1683 1212 1714 non
1238 1669 1427 1715 influere
1453 1670 1517 1715 eis
1546 1684 1659 1717 esse.
1689 1671 1779 1716 Sed
1806 1686 1860 1716 ex
1882 1671 1968 1716 hac
1993 1670 2093 1716 sola

43 1733 50 1758 '⁵
135 1736 339 1797 potentia
368 1734 484 1780 nihil
507 1745 658 1794 potest
682 1735 772 1779 dici
798 1735 1117 1795 corruptibile3
1143 1746 1242 1780 tum
1268 1737 1374 1796 quia
1405 1751 1476 1782 res
1509 1737 1720 1782 dicuntur
1743 1738 2028 1783 necessariae
2053 1748 2098 1783 et

137 1803 469 1862 contingentes,
505 1802 757 1846 secundum
791 1803 1044 1862 potentiam
1088 1811 1204 1863 quae
1239 1813 1307 1848 est
1338 1804 1386 1848 in
1422 1805 1502 1859 eis,
1534 1815 1579 1849 et
1609 1819 1703 1849 non
1736 1805 1990 1850 secundum
2021 1819 2098 1865 po-

64 1910 69 1916 .,
134 1870 327 1916 tentiam
357 1869 460 1924 Dei,
497 1879 546 1914 ut
570 1883 707 1928 supra
733 1870 793 1927 (c.
821 1871 910 1928 30.)
943 1881 1179 1915 ostensum
1208 1881 1299 1926 est;
1332 1882 1431 1916 tum
1458 1873 1595 1917 etiarn
1623 1873 1729 1932 quia
1754 1873 1895 1927 Deus,
1924 1874 2002 1933 qui
2030 1883 2099 1917 est

53 1989 56 1991 Α
134 1938 366 1983 institutor
388 1946 592 1991 naturae,
618 1950 713 1981 non
745 1936 967 1981 subtrahit
998 1938 1133 1982 rebus
1158 1938 1204 1982 id
1230 1939 1352 1997 quod
1379 1949 1447 1984 est
1472 1940 1707 1999 proprium
1732 1942 1904 1984 naturis
1921 1954 2092 1984 earum.

35 1999 48 2028 s
137 2005 392 2051 Ostensum
414 2013 484 2048 est
508 2013 661 2047 autern
680 2002 840 2063 (paulo
869 2005 994 2061 ante)
1014 2005 1137 2064 quod
1164 2006 1401 2064 proprium
1428 2007 1599 2051 naturis
1624 2005 2005 2052 intellectualibus
2032 2016 2100 2052 est

56 2079 61 2088 ’·
137 2072 260 2132 quod
285 2071 376 2116 sint
400 2080 660 2130 perpetuae,
687 2070 807 2114 unde
839 2071 930 2115 hoc
958 2072 1021 2115 eis
1055 2086 1081 2116 a
1117 2073 1219 2116 Deo
1249 2087 1343 2116 non
1371 2073 1662 2119 subtrahitur.
1689 2074 1805 2118 Sunt
1829 2074 1965 2133 igitur
1995 2074 2098 2118 sub-

8 2135 11 2141 '
49 2142 71 2198 23
138 2138 331 2184 stantiae
355 2136 689 2182 intellectuales
715 2152 769 2181 ex
796 2138 924 2182 omni
945 2149 1071 2197 parte
1097 2139 1478 2198 incorruptibiles.

55 2253 65 2266 „
225 2205 343 2249 Hinc
370 2214 438 2249 est
463 2205 586 2263 quod
611 2205 657 2248 in
690 2204 809 2249 Psal.
837 2204 1085 2252 CXLVIII.
1125 2220 1183 2252 1.:
1217 2208 1404 2252 Laudate
1426 2209 1663 2253 Dominum
1689 2209 1736 2254 de
1762 2209 1896 2264 coelis,
1926 2223 2097 2254 connu-

55 2299 73 2336 χ,
134 2273 319 2318 metatis
345 2272 532 2331 angelis,
555 2282 600 2316 et
621 2271 892 2316 coelestibus
911 2273 1191 2331 corporibus,
1209 2275 1493 2333 subjungitur
1515 2276 1594 2333 (ib.
1613 2274 1701 2333 6.):
1725 2277 1880 2322 Statuit
1904 2291 1952 2321 ea
1973 2278 2018 2321 in
2038 2290 2101 2321 ae-

59 2363 73 2399 ἱ·
135 2346 299 2387 tamum
330 2345 367 2384 et
393 2340 436 2383 in
466 2339 674 2383 saeculum
704 2340 857 2383 saeculi
868 2355 884 2392 ,·
913 2354 992 2398 per
1019 2340 1141 2399 quod
1167 2342 1505 2400 praedictorum
1532 2343 1806 2402 perpetuitas
1825 2343 2098 2402 designatur.

137 2406 388 2466 Dionysius
413 2407 551 2451 etiam
578 2406 645 2463 (in
671 2407 749 2450 IV.
776 2420 875 2466 cap.
900 2407 972 2451 De
994 2407 1083 2451 div.
1105 2408 1304 2466 nomin.)
1327 2409 1450 2463 dicit,
1473 2410 1595 2468 quod
1618 2420 1802 2469 propter
1823 2411 2002 2455 divinae
2024 2411 2101 2454 bo-

4 2517 6 2519 .
135 2474 288 2520 nitatis
313 2474 464 2518 radios
498 2474 791 2518 substiterunt
815 2473 1138 2533 intelligibiles,
1165 2485 1209 2520 et
1233 2475 1564 2521 intellectuales
1591 2478 1881 2532 substantiae,
1917 2487 1961 2522 et
1982 2488 2100 2532 sunt,

136 2541 371 2596 et‘vivunn
394 2550 440 2585 et
462 2541 633 2585 habent
657 2541 800 2585 vitam
825 2541 1177 2597 indeficientem,
1205 2552 1250 2587 et
1274 2544 1664 2588 imminorabilem
1690 2546 1744 2589 ab
1772 2545 1982 2589 universa
2004 2559 2101 2589 cor-

136 2608 360 2668 ruptione,
392 2617 437 2652 et
467 2607 777 2667 generatione,
814 2618 859 2653 et
889 2618 1054 2663 morte,
1091 2609 1289 2654 mundae
1323 2610 1601 2665 exsistentes,
1634 2621 1678 2656 et
1714 2611 1917 2657 elevatae
1950 2612 2004 2656 ab
2037 2612 2101 2656 in-

3 2673 6 2734 J
137 2673 300 2731 stabili,
331 2685 376 2720 et
405 2674 526 2720 fluxa
549 2675 818 2721 variatione.

901 2865 1157 2921 CAPUT
1192 2866 1336 2922 LVI.

401 3010 501 3050 PER
542 3009 699 3056 QUEM
737 3009 943 3048 MODUM
984 3009 1324 3048 SUBSTANTIA
1363 3006 1838 3050 INTELLECTUALIS

784 3084 974 3122 POSSIT
1016 3084 1249 3123 CORPORI
1290 3084 1456 3124 UNIRI.

93 3253 95 3256 ,
229 3206 352 3253 Cum
379 3217 531 3252 autem
552 3222 686 3267 supra
712 3209 771 3265 (c.
798 3221 869 3268 49.
897 3219 941 3252 et
967 3209 1055 3266 51.)
1083 3219 1317 3253 ostensum
1344 3210 1400 3253 sit
1425 3209 1722 3253 substantiam
1744 3208 2101 3255 intellectualem

141 3287 235 3319 non
265 3288 365 3319 esse
391 3288 570 3332 corpus,
591 3288 739 3333 neque
765 3275 978 3319 virtutem
1004 3275 1206 3334 aliquam
1234 3290 1257 3319 a
1286 3289 1476 3334 corpore
1504 3276 1852 3335 dependentem,
1879 3286 2018 3321 restat
2039 3277 2104 3321 in-

91 3388 95 3394 ,
139 3341 456 3400 vestigandum
482 3351 633 3385 utrum
666 3340 816 3400 aliqua
847 3343 1095 3386 substantia
1121 3342 1440 3387 intellectualis
1473 3343 1654 3401 corpori
1687 3343 1829 3401 possit
1861 3344 1990 3388 uniri.

112 3458 121 3462 ⁷-
198 3431 200 3433 ·
230 3406 310 3452 Est
335 3417 488 3452 autern
513 3407 661 3466 primo
693 3407 986 3452 manifestum
1015 3410 1136 3468 quod
1163 3410 1413 3453 substantia
1455 3409 1774 3454 intellectualis
1814 3423 1908 3454 non
1950 3420 2101 3469 potest

144 3474 326 3533 corpori
350 3474 469 3520 uniri
494 3488 573 3533 per
597 3474 788 3518 modum
815 3475 1070 3520 mixtionis:
1099 3490 1215 3534 quae
1243 3476 1366 3519 enim
1394 3476 1656 3530 miscentur,
1684 3486 1866 3535 oportet
1891 3478 1946 3522 ad
1977 3478 2099 3522 invi-

0 3574 3 3579 .
35 3531 96 3585 “3‘*
144 3552 245 3585 cem
276 3540 466 3585 alterata
491 3554 614 3596 esse3
640 3541 762 3599 quod
780 3555 874 3586 non
900 3542 1124 3601 contingit
1153 3543 1240 3586 nisi
1264 3542 1311 3585 in
1329 3542 1400 3586 his
1417 3556 1614 3601 quorum
1631 3553 1699 3588 est
1714 3544 1905 3588 materia
1923 3545 2101 3599 eadem,

0 3604 4 3633 5'
145 3618 261 3664 quae
290 3616 480 3666 possunt
510 3620 608 3651 esse
641 3607 789 3652 activa
814 3618 859 3652 et
884 3608 1065 3668 passiva
1092 3610 1147 3653 ad
1180 3608 1390 3652 invicem.
1420 3609 1707 3655 Substantiae
1740 3619 1895 3655 autem
1929 3611 2101 3657 intelle-
