2332 3854
211 142 320 212 498
601 206 605 211 '
849 155 1005 194 mmm
1042 154 1119 192 111.
1162 153 1282 192 CAP.
1326 152 1554 194 cxxxvta

211 258 539 314 infirmitatem,
555 259 630 304 vel
654 268 837 319 propter
855 257 1025 316 aliquid·
1040 256 1319 314 hujusmodi.
1344 255 1456 300 Non
1477 264 1544 301 est
1573 265 1728 301 autem
1745 265 1929 315 propter
1943 256 2172 303 defectum

223 326 302 384 qui
326 327 374 370 in
399 326 686 385 paucioribus
716 325 892 378 accidit,
921 324 1072 381 aliqua
1098 322 1324 366 ordinatio
1350 322 1642 381 repudianda.
1674 323 1777 367 Hoc
1810 322 1939 367 enim·
1959 322 2074 367 etin
2096 337 2186 368 ms*

211 391 444 448 tural-ibus,
472 403 516 437 et
542 393 679 437 etiam
702 392 748 435 in
770 390 1038 434 voluntariis
1060 388 1419 434 ordinationibus
1441 389 1619 443 accidit,
1636 403 1721 434 nec
1739 399 1806 434 est
1824 388 1988 448 aliqffis
2006 389 2186 436 modus:

213 459 395 503 vivendi
434 474 513 518 per
549 469 687 517 quem
722 458 784 501 ita
820 456 1111 515 provideatur
1135 455 1315 500 homini
1340 455 1448 514 quin
1474 455 1748 514 quando-que
1783 456 1933 514 possit*
1962 455 2185 504 destituor

209 525 330 569 Nam
357 535 402 570 et
426 525 608 569 divitiae
634 524 754 568 furto
782 533 860 567 aut
884 523 1043 580 rapina
1067 531 1259 581 possunt
1285 520 1472 575 auferri;
1496 522 1614 566 sicut
1640 534 1685 566 et
1709 521 1788 580 qui
1813 521 1870 566 de'
1894 520 2176 569 labore-uae·

209 606 353 635 nuum
377 592 489 634 vivit
513 600 664 648 potest
689 590 926 634 debilitari.
944 589 1171 632 Remanet
1200 598 1355 635 tamen
1373 588 1557 646 aliquod
1584 588 1838 632 remedium
1855 587 1978 631 circa
1996 587 2178 634 dictum·

210 658 399 701 modum
426 657 620 710 vivendi,
648 666 696 699 ut
718 655 882 699 scilitet
900 655 956 708 ei,
973 655 1046 698 cui
1072 654 1202 698 labor
1224 654 1279 698 ad
1306 655 1540 712 proprium
1562 655 1737 697 victum-
1757 667 1851 698 non
1872 652 2055 708 sufficit,
2069 654 2187 699 ‘sufin-

210 724 415 767 veniatur
441 723 514 766 vel
536 737 616 781 per
643 722 756 766 alios
785 721 991 779 ejusdem
1012 721 1257 774 societatis,
1275 720 1352 779 qui
1377 720 1476 779 plus
1502 729 1695 779 possunt
1718 717 1928 767 laborare
1946 720 2168 779 quameis

209 789 517 834 necessarium
545 789 614 841 sit,
642 788 712 832 vel
741 790 879 832 etiam
913 802 993 845 per
1029 800 1108 831 eos
1134 787 1213 846 qui
1239 787 1414 831 divitias
1442 787 1691 845 possident,
1729 786 1986 832 secundum
2018 786 2172 845 legem

211 857 406 900 caritatis
443 866 485 899 et
520 855 749 898 amicitiae
790 853 1023 907 naturalis,
1064 868 1153 912 qua
1194 867 1309 898 unus
1343 853 1490 898 homo
1528 852 1656 897 alteri
1693 853 1902 899 subvenit
1935 853 2171 912 indigenti.

211 923 345 967 Unde
381 936 486 965 cum
514 920 767 980 Apostolus
794 921 977 965 dixisset
1002 920 1080 979 (11.
1109 919 1271 964 Thess.
1300 920 1376 963 III.
1406 920 1516 976 xo.):
1547 920 1637 976 Qui
1661 934 1747 964 non
1765 919 1860 965 vult
1887 921 2080 980 operari,-
2097 934 2171 965 me:

210 989 453 1033 manducet:
488 997 671 1047 propter
694 987 796 1032 illos
823 988 901 1046 qui
925 987 1008 1031 sibi
1029 1001 1123 1030 non
1141 985 1369 1031 sufficiunt
1391 986 1640 1039 advictum
1657 986 1968 1045 quaerendum
1987 985 2173 1046 proprio

209 1055 380 1109 labore,
406 1055 556 1098 subdit
582 1054 946 1099 admonitionem
973 1053 1030 1097 ad
1053 1053 1184 1107 alios,
1210 1053 1365 1097 dicens
1392 1053 1522 1111 (ibid.
1551 1052 1664 1111 13.):
1701 1053 1779 1098 Vos
1803 1058 1941 1099 autem
1965 1052 2093 1099 nolite
2110 1052 2176 1099 de·

201 1124 328 1182 ficere
362 1123 665 1180 benefacientes.
2006 1164 2009 1166 ,
2133 1143 2163 1167 z:
2202 1122 2210 1127 ⁴

300 1189 420 1233 Cum
448 1189 586 1232 etiam
613 1187 669 1232 ad
695 1189 868 1232 vic-tum
893 1186 1204 1231 necessarium-
1229 1200 1374 1244 pauca
1400 1180 1645 1239 sufficiant,
1667 1199 1765 1230 non
1783 1195 1967 1245 oportet
1989 1185 2179 1245 eosqssi:

211 1257 404 1300 modicis
437 1265 539 1300 sunt
572 1256 772 1299 contenti
808 1267 1029 1312 magnum
1054 1263 1235 1311 tempus
1267 1266 1494 1311 occupare
1525 1253 1572 1296 in
1603 1252 1871 1300 necessariis
1902 1251 2177 1312 quaerendis

209 1324 365 1368 labore
393 1337 639 1376 manuum3
667 1332 710 1366 et
736 1322 799 1366 ita
824 1336 918 1365 non
944 1320 1255 1380 impediuntur
1280 1319 1476 1363 multum
1509 1319 1562 1362 ab
1597 1313 1697 1364 aliis
1730 1318 1949 1378 operibus
1969 1318 2191 1378 spiritua--

210 1391 340 1444 libus,
357 1400 542 1449 propter
558 1403 673 1448 quae
696 1398 1009 1448 paupertatem
1026 1386 1333 1431 volunta-riam
1351 1395 1713 1444 assumpserunt3
1739 1395 1785 1430 et
1808 1385 2174 1445 praeeipue‘enm
2208 1390 2212 1395 ’

211 1458 419 1501 manibus
446 1456 679 1514 operando
706 1457 883 1514 possint
899 1455 955 1499 de
971 1455 1074 1498 Deo
1094 1453 1310 1512 cogitare,
1329 1462 1372 1496 et
1389 1466 1497 1496 eum
1521 1451 1723 1506 laudare,
1740 1461 1788 1496 et
1803 1450 1894 1497 alia
1907 1450 2193 1510 hujusmosi}-

210 1524 376 1577 facere,
404 1537 519 1582 quae
546 1522 833 1581 singulariter
859 1521 945 1565 sibi
970 1521 1174 1564 viventes
1201 1520 1442 1564 observare
1469 1513 1664 1578 oportet.
1697 1518 1788 1563 Sed
1813 1532 1872 1563 ne
1904 1513 2193 1581 οῐέψῇηοηίας

211 1590 516 1649 spiritualibus
543 1589 754 1648 operibus
782 1588 1101 1647 impediantur,
1126 1595 1315 1647 possunt
1341 1586 1478 1631 etiam
1501 1585 1696 1630 aliorum
1716 1583 1922 1631 fidelium
1943 1584 2180 1633 benefieiis

215 1658 431 1717 adjuvari.
2070 1671 2074 1678 ⁴
2223 1666 2229 1668 ’

299 1725 428 1769 Licet
450 1734 603 1768 autem
623 1723 880 1768 voluntaria
899 1733 1138 1782 paupertas
1154 1736 1251 1767 non
1267 1731 1523 1766 assumatur
1539 1729 1722 1780 propter
1739 1721 1886 1766 otium
1895 1719 2177 1781 tollendum,

215 1802 292 1836 aut
318 1805 503 1835 carnem
525 1791 850 1835 macerandam
876 1804 1016 1849 oper-e
1042 1789 1259 1842 manuali,
1286 1790 1390 1848 quia
1415 1788 1507 1832 hoc
1535 1797 1579 1832 et
1604 1787 1782 1832 divitias
1809 1784 2178 1846 possidentes-..fx-

215 1866 316 1904 cet‘e
343 1869 551 1917 possent;
579 1873 674 1902 non
697 1868 762 1903 est
784 1868 939 1902 tamen
962 1857 1146 1900 dubium
1166 1856 1273 1915 quin
1291 1856 1419 1899 labor
1442 1854 1667 1898 manualis
1684 1854 1742 1898 ad
1758 1853 1990 1912 praedicta
2010 1852 2176 1908 valeat,

213 1927 353 1971 etiam
387 1926 467 1970 sub
501 1925 684 1972 modica
710 1925 857 1968 victus
882 1923 1166 1968 necessi-tate.
1202 1921 1383 1966 Tamen
1415 1922 1561 1966 otium
1593 1930 1672 1980 per
1705 1920 1815 1965 alias
1846 1920 2174 1979 occupationes

212 1993 415 2038 utiliores
448 2002 599 2051 potest
629 1991 809 2045 auferri,
842 2001 887 2036 et
918 1990 1066 2034 carnis
1101 1988 1470 2046 concupiscentia
1502 1987 1795 2031 validioribus
1822 1986 2035 2034 remediis
2068 1985 2179 2034 edov-

211 2060 352 2104 mari:
381 2060 500 2104 unde
528 2069 708 2117 propter
733 2057 999 2116 huiusmodi
1027 2070 1186 2100 causas
1212 2069 1307 2098 non
1334 2055 1545 2098 imminet
1570 2053 1817 2098 necessitas
1842 2052 2082 2106 laborandi
2102 2052 2179 2101 his

213 2127 290 2186 qui
318 2126 428 2170 alias
455 2126 637 2179 habent,
659 2125 732 2168 vel
758 2125 926 2168 habere
950 2132 1154 2182 possunt,
1172 2122 1291 2165 unde
1317 2121 1440 2165 licite
1458 2121 1623 2164 vivant.
1645 2120 1757 2164 Sola
1779 2119 1906 2165 enim
1926 2118 2173 2169 necessitas
2194 2153 2195 2157 ,

210 2194 356 2238 victus
383 2193 508 2250 cogit
533 2192 742 2236 manibus
769 2191 971 2250 operari3
999 2189 1118 2234 u'nde
1151 2199 1195 2233 et
1221 2187 1472 2246 Apostolus
1500 2187 1610 2231 dicit
1640 2187 1717 2245 (ΙΙ.
1753 2180 1919 2233 Thess.
1944 2185 2025 2231 ΙΙΙ.
2052 2186 2172 2244 100:

215 2262 304 2317 Qui
327 2275 411 2304 non
435 2260 530 2304 ’vult
561 2260 743 2318 operari,
772 2274 844 2303 nee
869 2258 1101 2302 manducet.
1869 2300 1871 2302 ,
2018 2294 2022 2301 .
2191 2291 2197 2301 ,,

304 2326 505 2379 Quartus
532 2326 670 2370 etiam
696 2325 861 2369 modus
887 2324 1071 2368 vivendi
1097 2323 1152 2367 de
1177 2323 1249 2366 his
1276 2335 1392 2381 quae
1420 2322 1473 2365 ab
1503 2319 1601 2365 aliis
1630 2319 1883 2364 inferuntur
1912 2328 1983 2364 est
2003 2329 2173 2379 eonve-

212 2394 341 2438 niens
366 2392 456 2436 illis
480 2393 559 2451 qui
582 2401 896 2451 paupertatem
922 2390 1229 2435 voluntariam
1256 2397 1507 2433 assumunt.
1533 2388 1642 2431 Non
1669 2387 1791 2431 enim
1813 2386 1907 2434 hoe
1928 2396 1997 2435 est
2018 2386 2175 2431 incon-

213 2456 415 2513 ve'niens,
437 2470 486 2503 ut
508 2460 583 2518 qui
610 2472 691 2502 sua
718 2458 890 2502 dimisit
914 2467 1097 2516 propter
1123 2455 1292 2515 aliquid
1320 2455 1441 2514 quod
1463 2455 1510 2498 in
1534 2453 1775 2498 utilitatem
1798 2452 1996 2503 aliorum
2014 2452 2197 2511 vergit,-

212 2527 267 2570 de
293 2526 363 2570 his
389 2539 505 2584 quae
529 2525 583 2568 ab
611 2524 708 2568 aliis
737 2524 898 2568 dantur
920 2533 1206 2568 sustentetur.
1224 2522 1325 2567 Nisi
1343 2522 1464 2565 enim
1486 2521 1577 2565 hoc
1605 2530 1738 2573 esset,
1756 2519 1952 2569 societas
1973 2519 2189 2569 humana.

212 2606 478 2651 permanere
503 2605 597 2636 non
625 2600 793 2650 posset.
823 2590 872 2634 Si
899 2590 1022 2634 enim
1050 2589 1211 2648 aliquis
1240 2589 1361 2632 circa
1387 2602 1468 2632 sua
1494 2587 1677 2646 propria
1701 2596 1880 2631 tantum
1913 2584 2199 2638 sollicitasti».

212 2674 320 2704 nem
346 2668 535 2717 gereret,
560 2672 654 2701 non
681 2666 798 2701 esset
824 2657 902 2716 qui
929 2656 1166 2701 communi
1193 2654 1375 2699 utilitati
1401 2654 1658 2698 deserviret.
1684 2653 1930 2712 Optimum
1953 2662 2022 2697 est
2042 2651 2195 2711 igiwrv

214 2729 440 2771 bonorum
469 2726 677 2770 societati
704 2726 826 2784 quod
849 2725 916 2768 illi
938 2726 1029 2784 qui,
1052 2723 1368 2783 praetermissa
1396 2722 1686 2781 propriorum
1709 2735 1832 2776 cura,
1855 2719 2039 2769 utilitati.
2054 2729 2179 2767 com-

214 2795 338 2838 muni
358 2793 629 2847 deserviunt,
645 2793 699 2837 ab
727 2793 798 2836 his
825 2806 1021 2851 quorum
1048 2790 1229 2835 utilitati
1256 2790 1516 2834 deserviunt
1533 2798 1853 2834 sustententur.
1865 2787 2062 2847 Propter
2084 2787 2175 2832 hoc

215 2862 338 2906 enim
375 2872 419 2905 et
455 2860 621 2904 milites
661 2860 716 2904 de
754 2859 988 2918 stipendiis
1027 2857 1221 2902 aliorum
1247 2857 1421 2909 vivunt,
1454 2867 1499 2900 et
1536 2855 1788 2900 rectoribus
1820 2854 2197 2915 reipublicaede

215 2928 451 2972 communi
492 2925 766 2986 providetur.
811 2925 906 2978 Qui
941 2934 1094 2969 autem
1135 2923 1443 2967 voluntariam
1485 2931 1796 2981 paupertatem
1833 2929 2086 2974 assumunt,
2129 2929 2190 2965 ut·

215 2994 451 3039 Christum
477 3003 736 3052 sequantur,
760 2992 814 3037 ad
837 2992 928 3036 hoc
948 2992 1103 3050 utique
1121 2991 1366 3042 dimittunt,
1384 2999 1432 3033 ut
1449 2988 1688 3033 communi
1710 2986 2199 3042 utilitatideservianw

214 3062 447 3120 sapientia,
474 3060 742 3113 eruditione,
769 3069 814 3104 et
840 3058 1060 3118 exemplis
1080 3056 1302 3117 populum
1323 3055 1614 3110 illustrantes,
1639 3054 1714 3100 vel
1739 3053 1953 3101 oratione.
1974 3063 2021 3101 et
2041 3053 2195 3107 inter«.

218 3129 423 3173 cessione
449 3136 766 3172 sustentantes.
1782 3156 1783 3159 ,

303 3195 370 3238 Ex
396 3208 486 3252 quo
514 3194 651 3238 etiam
678 3202 800 3251 patet
825 3191 947 3251 quod
973 3205 1068 3235 non
1084 3190 1271 3249 turpiter
1293 3190 1450 3235 vivunt
1472 3190 1527 3234 de
1552 3189 1624 3234 his
1641 3202 1757 3248 quae
1782 3188 1849 3234 ab*
1864 3187 1968 3237 aliis
1990 3187 2196 3243 dantur„

217 3275 271 3305 ex
293 3275 382 3319 quo
406 3260 490 3319 ipsi
514 3262 688 3318 majora
711 3259 975 3317 rependunt,
1001 3259 1055 3302 ad
1073 3257 1450 3302 sustentationem
1468 3254 1738 3314 temporalia
1761 3246 2051 3314 accipientes,
2073 3253 2195 3309 etin.»

190 3336 200 3344 “
216 3326 518 3385 spiritualibus
537 3326 635 3371 aliis
653 3325 956 3384 proficientes.
980 3324 1112 3368 Unde
1132 3334 1176 3367 et
1192 3322 1443 3381 Apostolus
1461 3322 1570 3367 dicit
1586 3322 1664 3381 (11.
1686 3318 2037 3369 Corinth..VHl.
2055 3318 2173 3379 1432:
2188 3329 2199 3341 '

225 3395 366 3438 Vestra
404 3393 679 3446 abundantia,
721 3392 895 3437 scilicet
928 3394 973 3435 in
1005 3390 1346 3450 temporalibus,
1379 3390 1551 3434 illorum
1588 3390 1777 3448 inopiam
1803 3386 2097 3449 suppletu,t..et
2127 3386 2177 3431 in

219 3461 403 3505 eadem:
430 3461 483 3505 Ut
500 3467 537 3505 et
553 3460 725 3504 illorum
742 3458 1015 3512 abundantia,
1031 3457 1204 3502 scilicet
1220 3457 1266 3501 in
1285 3451 2180 3517 s·piritualibus,vestrae=iomptho3fflzupploe

219 3533 411 3572 mentum.
441 3527 534 3581 Qui
563 3526 685 3571 enim
712 3526 905 3571 alterum
931 3526 1071 3583 juvat,
1094 3523 1320 3583 particeps
1351 3521 1401 3568 fit
1417 3522 1566 3582 operis
1585 3522 1679 3580 ejus
1698 3521 1745 3566 in
1762 3521 1888 3567 bono
1898 3518 2013 3569 »eth
2036 3517 2195 3567 msazltoa⁴
