2332 3854
269 166 375 237 508
935 181 1089 220 LmER
1128 179 1206 220 111.
1249 178 1369 221 cAP.
1411 179 1556 221 oxu.

266 292 406 328 tatem
433 297 562 328 suam
590 284 767 328 divinae
792 283 1016 328 voluntati
1037 282 1246 342 praefert,
1272 282 1590 329 satisfaciendo
1619 285 1659 329 ei
1687 294 1846 331 contra
1872 284 2079 337 ordinem
2104 285 2219 342 Dei;

267 364 383 409 quae
408 351 593 410 quidem
624 351 921 410 inaequalitas
955 349 1148 404 tollitur,
1173 351 1282 394 duni
1310 360 1470 395 contra
1496 350 1780 396 voluntatem
1811 366 1942 397 suam
1967 352 2113 403 homo
2145 353 2222 403 ali-

266 417 372 476 quid
399 419 490 476 pati
518 418 696 476 cogitur
721 417 973 461 secundum
1001 417 1349 460 ordinationem.
1379 416 1575 475 Oportet
1608 418 1744 477 igitur
1775 416 1899 478 quod
1929 429 2118 478 peccata
2142 419 2223 464 hu-

267 498 403 528 mana
430 488 671 543 puniantur
697 484 924 537 divinitus,
953 493 997 527 et
1022 483 1184 528 eadem
1210 484 1384 529 ratione
1410 485 1532 529 bona
1555 484 1676 530 facta
1707 487 2127 531 remunerationem
2151 501 2224 537 ac-

269 551 451 609 cipiant.
2077 566 2170 606 Χ,ε-,-

356 618 493 661 Item:
521 617 672 660 divina
698 616 983 675 providentia
1008 631 1103 660 non
1129 616 1281 662 solum
1313 617 1512 677 disponit
1543 633 1696 663 rerum
1729 619 1954 674 ordinem,
1979 620 2060 664 sed
2086 620 2225 666 enam

267 694 424 727 movet
451 685 607 726 omnia
634 683 689 726 ad
717 683 884 727 ordinis
910 684 963 727 ab
989 698 1041 728 ea
1063 684 1268 742 dispositi
1290 685 1647 740 exsecutionem,
1665 697 1714 730 ut
1730 700 1864 745 supra
1885 696 2122 732 ostensum
2143 696 2224 733 est.
2273 737 2277 739 ,

267 748 491 794 Voluntas
520 758 673 793 autern
703 763 727 793 a
754 764 837 793 suo
865 750 1046 809 objecto
1070 761 1294 805 movetur,
1322 752 1443 810 quod
1471 762 1538 796 est
1561 753 1735 798 bonum
1760 753 1834 798 vel
1859 741 2048 798 malum.
2071 754 2144 799 Ad
2166 754 2228 798 di·

267 816 419 859 vinam
448 816 583 874 igitur
609 817 941 874 providentiam
967 817 1161 876 pertinet
1192 817 1315 877 quod
1339 818 1602 864 hominibus
1635 820 1757 864 bona
1782 831 2007 880 proponat
2031 821 2079 865 in
2103 835 2228 881 prae·

269 882 429 936 mium,
461 892 510 926 ut
534 882 746 926 voluntas
781 883 836 926 ad
868 893 990 928 recte
1021 883 1273 928 volendum
1299 895 1551 941 moveatur,
1578 896 1623 931 et
1647 886 1769 932 mala
1794 896 2021 948 proponat
2049 889 2097 932 in
2122 902 2228 948 poe-

266 963 390 1003 nam,
418 950 473 993 ad
499 950 590 993 hoc
617 949 741 1006 quod
768 949 1154 996 inordinationem
1179 951 1302 997 vitet.

355 1016 621 1061 Praeterea:
655 1016 807 1060 divina
838 1017 1121 1076 providentia
1147 1018 1238 1063 hoc
1265 1018 1406 1063 modo
1439 1034 1509 1064 res
1546 1020 1786 1076 ordinavit,
1823 1021 1944 1081 quod
1980 1035 2072 1066 una
2097 1020 2226 1067 alteri

265 1083 420 1140 prosit.
447 1082 891 1128 Convenientissime
924 1095 1078 1129 autem
1103 1085 1248 1129 homo
1275 1085 1452 1145 proficit
1478 1086 1534 1131 ad
1567 1087 1705 1131 finem
1742 1087 1868 1142 boni,
1898 1096 1995 1132 tam
2020 1101 2075 1132 ex
2099 1087 2224 1132 bono

266 1149 448 1194 alterius
474 1150 690 1204 hominis,
717 1165 854 1209 quam
889 1165 942 1195 ex
969 1151 1108 1207 malo,
1143 1151 1252 1196 dum
1285 1153 1502 1197 excitatur
1534 1153 1589 1197 ad
1622 1153 1738 1198 bene
1767 1157 1998 1213 agendum
2030 1168 2110 1213 per
2132 1153 2224 1201 hoc

265 1216 387 1275 quod
412 1217 535 1260 videt
559 1218 675 1261 bene
701 1228 940 1276 operantes
967 1218 1224 1277 praemiari,
1250 1228 1296 1263 et
1326 1218 1436 1263 dum
1463 1230 1703 1264 revocatur
1729 1234 1755 1263 a
1787 1219 1910 1266 male
1938 1220 2119 1279 agendo
2145 1234 2226 1280 per

263 1283 354 1327 hoc
381 1283 503 1342 quod
528 1283 651 1327 videt
667 1284 787 1328 male
804 1295 991 1342 agentes
1012 1284 1174 1343 puniri.
1201 1285 1275 1330 Ad
1297 1285 1497 1330 divinam
1522 1286 1659 1345 igitur
1680 1287 2013 1346 providentiam
2030 1287 2226 1346 pertinet

264 1350 383 1408 quod
413 1349 522 1393 mali
547 1351 804 1409 puniantur,
837 1362 881 1395 et
904 1351 1015 1395 boni
1040 1352 1358 1411 praemientur.

354 1416 472 1460 Hinc
491 1426 557 1461 est
573 1417 696 1476 quod
713 1418 876 1462 dicitur
893 1418 1057 1476 (Exod.
1074 1417 1175 1462 XX.
1199 1431 1235 1476 5.
1259 1428 1304 1463 et
1319 1417 1382 1476 6.)
1398 1433 1408 1463 :
1430 1420 1520 1478 Ego
1535 1434 1626 1465 sum
1643 1420 1854 1465 Dominus
1870 1421 1985 1466 Deus
2007 1427 2169 1471 tumr-2.
2181 1451 2194 1465 .
2206 1454 2222 1475 ,

261 1484 435 1528 visitans
456 1485 719 1543 iniquitatem
735 1491 909 1544 patrum
934 1486 979 1528 in
990 1485 1106 1544 filios
1116 1497 1128 1528 .·
1142 1518 1227 1540 ...,
1256 1491 1292 1530 et
1307 1486 1473 1544 faciens
1493 1486 1825 1531 misericordiam
1845 1488 1892 1532 in
1910 1487 2129 1538 milliavhis
2153 1489 2227 1546 qui

263 1549 441 1608 diligunt
466 1566 529 1595 me
554 1557 591 1596 et
615 1551 847 1596 custodiunt
863 1558 1086 1610 praecepta
1117 1566 1210 1597 mea
1220 1567 1237 1605 ;
1271 1561 1315 1596 et
1346 1552 1490 1610 (Psal.
1520 1552 1638 1596 LXI.
1676 1554 1787 1612 13.):
1821 1552 1975 1606 Reddes
2003 1554 2224 1612 unicuique

257 1620 385 1674 Juxta
417 1625 542 1676 opera
567 1632 666 1671 sua;
692 1627 737 1663 et
761 1619 918 1676 (Rom.
945 1618 1000 1662 ΙΙ.
1028 1617 1175 1676 6-8.):
1210 1618 1355 1664 Reddet
1385 1621 1607 1678 unicuique
1630 1619 1852 1664 secundum
1877 1627 2005 1679 opera
2030 1622 2147 1679 esum
2173 1621 2227 1678 iis

263 1683 426 1741 quidem
447 1686 534 1742 qui,
552 1685 786 1729 ueeundnm
807 1687 1062 1744 patientiam
1078 1686 1176 1730 boni
1192 1688 1338 1744 operis,
1355 1686 1550 1745 gloriam,
1572 1692 1608 1731 et
1633 1687 1845 1742 honorem,
1879 1693 1916 1732 et
1945 1686 2225 1746 incorruptio-

262 1765 357 1793 nem
378 1757 597 1808 quaerunt,
614 1753 748 1795 vitam
765 1758 1006 1796 aeternam:
1033 1753 1083 1797 iis
1100 1758 1236 1796 autem
1259 1754 1331 1810 qui
1344 1786 1354 1796 .
1371 1786 1380 1797 .
1395 1786 1429 1796 ..
1452 1768 1536 1797 non
1559 1754 1818 1812 acquiescunt
1836 1754 2026 1807 veritati,
2050 1751 2224 1798 credunt

263 1822 402 1860 autem
424 1818 650 1875 iniquitati,
679 1820 747 1862 ira
769 1825 804 1862 et
829 1818 1078 1876 indignatio.

352 1883 439 1927 Per
464 1883 555 1928 hoc
588 1894 740 1928 autem
771 1884 1022 1929 excluditur
1059 1899 1183 1929 error
1214 1886 1524 1944 quorumdam
1557 1886 1805 1930 dicentium
1830 1886 1954 1946 quod
1975 1886 2222 1931 Deus-non

263 1951 411 2006 punit;
430 1950 638 1994 dicebant
657 1953 780 1994 enim
797 1951 1004 1996 Marcion
1023 1962 1066 1996 et
1082 1950 1352 1996 Valentinus
1372 1952 1512 1996 alium
1532 1966 1630 1997 esse
1646 1952 1799 1997 Deum
1814 1953 2006 2007 bonum,
2021 1961 2066 1997 et
2081 1952 2222 1997 alium
2272 1992 2290 1995 ,

264 2030 362 2060 esse
384 2016 537 2060 Deum
562 2018 734 2076 justum
757 2018 834 2077 qui
859 2019 999 2077 punit.

986 2216 1241 2274 CAPUT
1283 2190 1540 2274 CXLII(

598 2326 600 2329 ι
650 2361 724 2400 DE
763 2361 1067 2400 DIFFERENT
1071 2361 1127 2399 1A
1165 2361 1236 2399 ET
1278 2360 1485 2400 ORDINE
1524 2359 1840 2422 POENARUM.

357 2483 480 2537 Quia
504 2499 630 2540 vero,
653 2486 770 2530 sicut
795 2499 850 2530 ex
876 2485 1117 2545 praedictis
1134 2495 1270 2545 patet,
1293 2485 1548 2544 praemium
1576 2494 1644 2529 est
1669 2483 1792 2544 quod
1817 2482 2042 2529 voluntati
2060 2496 2223 2542 propo-

263 2558 384 2603 nitur
409 2560 538 2618 quasi
563 2559 666 2605 finis
689 2574 781 2619 quo
814 2560 1032 2604 excitatur
1058 2560 1112 2604 ad
1144 2561 1259 2605 bene
1293 2559 1535 2618 agendum,
1568 2573 1593 2603 e
1627 2558 1856 2603 contrario
1886 2570 2036 2617 poena
2063 2555 2223 2603 volun-

263 2626 345 2670 tati
370 2627 637 2686 proponitur
662 2637 712 2671 ut
737 2641 763 2671 a
786 2626 910 2671 malo
928 2627 1195 2681 retrahatur,
1215 2627 1343 2686 quasi
1359 2626 1529 2685 aliquid
1546 2625 1814 2684 fugiendum
1832 2635 1877 2670 et
1892 2623 2081 2678 malum,
2106 2625 2222 2669 sicut

265 2693 320 2737 de
346 2694 521 2738 ratione
547 2694 740 2753 praemii
765 2704 834 2738 est
859 2695 980 2753 quod
998 2694 1054 2739 sit
1071 2695 1244 2738 bonum
1271 2704 1315 2738 et
1339 2693 1565 2738 voluntati
1591 2706 1864 2747 consonum,
1880 2691 1942 2736 ita
1963 2691 2020 2736 de
2043 2690 2221 2736 ratione

264 2773 441 2818 poenae
467 2771 534 2805 est
560 2762 684 2820 quod
709 2763 766 2806 sit
792 2761 966 2805 malum
995 2771 1039 2806 et
1065 2758 1344 2805 contrarium
1370 2759 1609 2805 voluntati.

353 2826 529 2871 Malum
556 2837 708 2872 autem
737 2838 804 2872 est
829 2829 1023 2886 privatio
1052 2829 1183 2883 boni3
1218 2828 1337 2872 unde
1370 2837 1551 2886 oportet
1581 2827 1704 2886 quod
1736 2825 1988 2872 secundum
2020 2825 2222 2872 differen-

263 2893 376 2938 tiam
394 2904 438 2938 et
463 2895 670 2939 ordinem
688 2895 915 2939 bonorum
943 2897 999 2940 sit
1025 2895 1163 2940 etiam
1191 2894 1305 2940 ordo
1333 2904 1378 2939 et
1402 2893 1653 2939 differentia
1676 2907 1942 2953 poenarum.
1969 2891 2049 2937 Est
2069 2901 2222 2938 autem

269 2974 502 3004 summum
533 2961 707 3004 bonum
734 2961 936 3005 hominis
962 2961 1168 3014 felicitas,
1195 2975 1310 3021 quae
1333 2971 1401 3006 est
1431 2960 1618 3005 ultimus
1644 2959 1745 3004 finis
1773 2961 1888 3018 ejus;
1911 2968 2081 3018 quanto
2107 2971 2219 3018 ergo

265 3026 433 3086 aliquid
452 3038 518 3072 est
534 3028 639 3071 huic
659 3027 737 3071 fini
754 3029 1064 3087 propinquius,
1082 3038 1209 3072 tanto
1223 3028 1502 3087 praeeminet
1520 3027 1667 3085 magis
1682 3026 1884 3071 hominis
1894 3026 2082 3070 bonum.
2101 3025 2219 3069 Huic

266 3104 417 3138 autem
444 3095 877 3153 propinquissimum
906 3105 974 3140 est
1004 3097 1159 3149 virtus,
1182 3105 1227 3139 et
1252 3095 1290 3138 si
1316 3094 1422 3153 quid
1450 3093 1571 3138 aliud
1598 3103 1666 3138 est
1690 3093 1813 3153 quod
1839 3091 1896 3138 ad
1917 3092 2088 3137 bonam
2114 3105 2221 3151 ope-

263 3160 489 3204 rationem
521 3161 764 3205 hominum
797 3161 1018 3221 proficiat,
1046 3175 1135 3221 qua
1166 3161 1424 3220 pervenitur
1459 3161 1513 3204 ad
1546 3159 1893 3214 beatitudinem;
1925 3158 2218 3219 consequitur

265 3237 416 3271 autem
444 3238 488 3271 et
514 3227 662 3272 debita
684 3228 921 3287 dispositio
940 3228 1128 3272 rationis
1147 3237 1191 3272 et
1206 3227 1372 3271 virium
1399 3227 1442 3272 ei
1468 3228 1799 3285 subjectarum3
1821 3235 1925 3286 post
1939 3224 2031 3270 hoc
2050 3233 2218 3280 autem,

265 3304 310 3337 et
335 3294 539 3352 corporis
565 3294 871 3350 incolumitas,
898 3308 1014 3354 quae
1040 3294 1296 3339 necessaria
1323 3304 1390 3338 est
1416 3293 1472 3337 ad
1500 3293 1755 3352 expeditam
1783 3290 2123 3352 operationem3
2148 3289 2222 3342 de·

266 3374 394 3403 mum
422 3371 588 3415 autem,
618 3376 669 3406 ea
696 3375 812 3420 quae
840 3363 1033 3406 exterius
1051 3371 1168 3415 sunt,
1185 3360 1346 3420 quibus
1373 3360 1501 3419 quasi
1529 3358 1957 3404 adminiculantibus
1973 3357 2142 3404 utimur
2162 3356 2220 3402 ad

265 3427 491 3471 virtutem.
510 3426 605 3472 Erit
620 3428 756 3486 igitur
770 3428 967 3473 maxima
986 3441 1135 3486 poena
1153 3426 1390 3472 hominem
1418 3440 1443 3470 a
1469 3426 1747 3471 beatitudine
1763 3423 1941 3471 excludi
1951 3434 2086 3483 gnpost
2099 3423 2218 3468 hanc

268 3503 435 3547 autem,
460 3493 623 3539 virtute
650 3495 816 3552 privari
833 3505 877 3540 et
892 3493 1170 3554 perfectione
1193 3507 1480 3553 quacumque
1499 3492 1772 3538 naturalium
1796 3492 2015 3544 virtutum
2039 3491 2218 3536 animae

267 3559 323 3603 ad
348 3560 463 3604 bene
491 3560 741 3619 agendum3
769 3561 933 3606 dehinc
956 3559 1231 3606 naturalium
1258 3559 1566 3620 potentiarum
1583 3559 1764 3604 animae
1790 3555 2098 3611 deordinatim
2115 3566 2219 3615 post
