2294 3854
760 195 915 235 mnan
955 196 1026 236 ιν.
1069 193 1190 236 cn.
1232 197 1456 236 Lxxvtn.
1969 187 2072 256 685

73 294 263 356 igitur
285 295 537 341 secundum
565 295 688 355 quod
715 297 923 342 consistit
951 297 998 342 in
1031 298 1356 356 conjunctione
1388 298 1527 344 maris
1552 309 1597 344 et
1619 299 1817 345 feminae
1847 300 2078 347 intenden-

83 360 239 408 tium
258 359 438 421 prolem
459 361 514 405 ad
532 361 705 407 cultum
726 362 813 406 Dei
831 376 1062 421 generare,
1080 373 1126 408 et
1145 364 1354 419 educare,
1370 374 1440 410 est
1460 364 1691 411 Ecclesiae
1714 378 2075 414 sacramentum.

75 424 249 474 unde
266 437 313 473 et
332 427 558 486 quaedam
583 427 839 473 benedictio
864 429 1135 475 nubentibus
1156 444 1237 490 per
1253 431 1485 476 ministros
1505 431 1740 477 Ecclesiae
1753 433 2006 480 adhibetur:
2031 443 2078 479 et

55 511 73 551 3
119 493 238 540 sicut
267 493 314 538 in
341 492 441 538 aliis
470 495 766 539 sacramentis
792 508 870 553 per
912 510 966 539 ea
1006 510 1122 555 quae
1163 497 1357 542 exterius
1398 508 1606 557 aguntur,
1631 498 1863 557 spirituale
1905 500 2076 559 aliquid

48 562 83 618 ’χ
120 558 352 619 figuratur,
377 559 443 604 sic
469 570 516 605 et
538 560 585 604 in
611 560 703 605 hoc
720 571 1007 606 sacramento
1029 577 1108 621 per
1126 564 1497 620 conjunctionem
1523 565 1661 609 maris
1683 575 1745 609 et
1752 564 1948 610 feminae
1971 581 2076 611 con-

118 625 293 685 junctio
310 625 482 670 Christi
498 635 543 671 et
556 626 790 671 Ecclesiae
813 626 1044 683 figuratur,
1063 630 1312 674 secundum
1329 630 1440 674 illud
1457 630 1671 689 Apostoli
1687 631 1873 691 (Ephes.
1890 631 1947 676 V.
1968 646 2036 691 32
2038 633 2073 690 )

117 692 437 738 Sacramentum
462 692 536 737 hoc
571 707 771 751 magnum
806 700 887 738 est:
920 709 990 752 ego
1021 701 1158 740 autem
1189 696 1279 740 dico
1311 698 1356 740 in
1388 696 1553 742 Christo
1583 703 1619 741 et
1649 698 1848 743 Ecclesia.
1881 698 1950 743 Et
1958 700 2073 758 quia

56 771 58 774 ’
119 767 417 806 sacramenta
430 757 631 803 efficiunt
657 759 778 817 quod
812 759 1021 818 figurant,
1047 762 1323 806 credendum
1355 772 1423 806 est
1442 763 1563 821 quod
1586 763 1855 808 nubentibus
1882 779 1960 824 per
1982 765 2072 810 hoc

118 833 455 871 sacramentum
481 825 627 883 gratia
652 824 924 879 conferatur,
952 841 1031 885 per
1062 841 1198 902 quam
1231 829 1287 872 ad
1314 830 1532 873 unionem
1565 829 1736 874 Christi
1771 840 1815 875 et
1839 830 2073 876 Ecclesiae

50 909 54 911 ‡
118 889 392 950 pertineant:
419 890 542 950 quod
569 890 632 935 eis
660 892 858 935 maxime
884 894 1192 937 necessarium
1220 904 1300 948 est,
1335 904 1384 939 ut
1413 895 1478 939 sic
1511 894 1764 941 carnalibus
1801 906 1847 941 et
1884 898 2073 942 terrenis

16 963 18 989 ῑ
50 975 63 1020 js
89 1001 95 1009 ,
116 955 367 1010 intendant,
392 956 516 1015 quod
540 970 566 999 a
595 956 780 1001 Christo
807 967 851 1001 et
876 957 1081 1003 Ecclesia
1106 973 1199 1003 non
1222 960 1552 1018 disjunguntur.

143 1020 333 1075 „tQuia
362 1022 500 1080 igitur
530 1037 611 1082 per
643 1024 1014 1080 conjunctionem
1048 1026 1185 1070 maris
1223 1036 1268 1070 et
1312 1026 1524 1080 feminae,
1558 1027 1729 1072 Christi
1761 1037 1806 1073 et
1836 1028 2070 1075 Ecclesiae

117 1089 383 1148 eonjunctio
398 1089 672 1147 designatur,
691 1101 869 1149 oportet
895 1092 1016 1150 quod
1037 1092 1181 1150 figura
1206 1093 1462 1153 significato
1483 1094 1768 1152 respondeat.
1792 1094 2072 1153 Coniunctio

46 1194 50 1208 ,7
117 1162 271 1212 autem
297 1154 469 1201 Christi
494 1165 540 1200 et
564 1155 796 1201 Ecclesiae
819 1167 886 1201 est
912 1157 1042 1202 unius
1071 1159 1124 1202 ad
1148 1173 1284 1202 unam
1308 1170 1526 1218 perpetuo
1547 1160 1829 1204 habendam:
1858 1171 1926 1206 est
1948 1162 2073 1207 enim

14 1242 71 1282 52
117 1234 208 1268 una
233 1220 455 1276 Ecclesia,
481 1222 732 1267 secundum
763 1222 871 1266 illud
906 1224 1061 1280 (Cant.
1090 1224 1166 1270 VI.
1201 1226 1287 1282 8.):
1322 1226 1416 1270 Una
1447 1232 1501 1270 est
1532 1226 1722 1271 columba
1753 1242 1859 1281 mea,
1886 1229 2071 1287 perfecta

13 1294 52 1348 {f
115 1301 234 1344 mea;
270 1301 357 1333 nec
397 1302 599 1347 unquam
642 1289 850 1333 Christus
893 1304 918 1333 a
962 1305 1044 1334 sua
1086 1291 1291 1335 Ecclesia
1332 1292 1634 1349 separabitur:
1676 1292 1781 1338 dicit
1814 1294 1934 1339 enim
1975 1295 2071 1353 ipse

35 1351 57 1410 ’ςῑ
115 1353 300 1410 (Matth.
330 1354 542 1400 XXVIII.
581 1356 696 1411 20.):
730 1357 835 1400 Ecce
866 1370 935 1413 ego
967 1358 1180 1402 vobiscum
1211 1373 1398 1401 sum....
1440 1373 1563 1416 usque
1593 1358 1648 1402 ad
1679 1361 2071 1404 consummationem

112 1421 293 1472 moult}
319 1429 366 1466 et
386 1420 572 1466 ulterius
598 1421 656 1497 (Ι.
679 1420 887 1467 Thessal.
911 1422 990 1466 IV.
1023 1422 1135 1480 16.):
1158 1424 1324 1482 Semper
1350 1439 1444 1468 cum
1467 1425 1654 1469 Domino
1680 1427 1847 1470 erimus.
1871 1426 2071 1471 Necesse

35 1479 44 1519 ἔ
115 1497 188 1532 est
216 1487 356 1546 igitur
378 1488 500 1546 quod
528 1487 886 1541 matrimonium,
914 1489 1164 1532 secundum
1197 1490 1320 1548 quod
1353 1501 1420 1534 est
1451 1489 1684 1539 Ecclesiae
1716 1503 2071 1547 sacramentum,

13 1547 31 1564 “
114 1553 172 1599 sit
197 1553 331 1599 unius
362 1554 419 1598 ad
452 1567 591 1597 unam
617 1554 947 1599 indivisibiliter
978 1555 1259 1599 habendam:
1303 1566 1348 1600 et
1381 1556 1470 1601 hoc
1498 1559 1690 1615 pertinet
1721 1558 1776 1602 ad
1802 1558 1955 1613 fidem,
1980 1573 2070 1619 qua

14 1632 37 1649 ”-
114 1618 242 1665 sibi
229 1619 429 1665 invicem
453 1620 523 1664 vir
555 1630 599 1664 et
630 1634 744 1664 uxor
770 1620 1041 1678 obligantur.

205 1685 280 1730 sic
305 1685 444 1744 igitur
471 1686 558 1730 tria
589 1696 694 1730 sunt
728 1686 850 1730 bona
875 1688 1172 1741 matrimonii,
1197 1688 1450 1733 secundum
1487 1689 1609 1747 quod
1645 1699 1714 1733 est
1737 1689 1970 1735 Ecclesiae
2003 1706 2070 1736 sa-

11 1733 48 1805 ᾗ
119 1762 426 1807 eramentum3
458 1752 630 1797 scilicet
656 1751 806 1811 proles
834 1754 890 1796 ad
917 1753 1090 1798 cultum
1121 1754 1210 1797 Dei
1236 1754 1536 1813 suscipienda,
1572 1764 1617 1799 et
1655 1755 1914 1811 educanda3
1941 1757 2067 1811 fides,

6 1852 11 1878 ἃ
38 1842 47 1848 ⁷·
114 1827 250 1878 prout
273 1832 390 1863 unus
414 1818 483 1862 vir
513 1819 592 1863 uni
623 1819 751 1863 uxori
778 1819 1024 1878 obligatur;
1061 1831 1106 1864 et
1141 1830 1493 1874 sacramentum,
1519 1822 1771 1866 secundum
1803 1824 1925 1881 quod
1959 1824 2069 1868 indi·

20 1879 42 1911 3
113 1883 421 1931 visibilitatem
445 1885 582 1931 habet
607 1885 955 1930 matrimonialis
982 1886 1260 1943 conjunctio,
1286 1886 1333 1930 in
1373 1897 1592 1945 quantum
1625 1897 1693 1932 est
1733 1890 2067 1946 conjunctionis

116 1950 288 1997 Christi
317 1960 363 1996 et
386 1950 622 1999 Ecclesiae
646 1961 997 1996 sacramentum.
1031 1951 1197 1996 Cetera
1223 1963 1376 1997 autem
1409 1967 1524 2011 quae
1556 1955 1601 1997 in
1634 1955 1930 2000 matrimonio
1962 1970 2067 2001 con·

111 2017 351 2063 sideranda
375 2027 495 2071 sunt,
519 2032 656 2077 supra
681 2018 729 2062 in
753 2018 887 2063 tertio
919 2019 981 2077 (c.
1013 2031 1108 2062 122.
1136 2028 1181 2063 et
1211 2018 1328 2077 seq.)
1359 2021 1747 2078 pertractavimus.

813 2172 1068 2229 CAPUT
1109 2173 1365 2229 LXXIX.

174 2306 385 2354 *QUOD
417 2308 516 2347 PER
549 2307 829 2347 CHRISTUM
862 2308 1235 2348 RESURRECTIO
1271 2310 1572 2349 CORPORUM
1604 2311 1689 2349 SIT
1722 2311 1957 2351 FUTURA.

140 2379 326 2472 Quia
355 2432 466 2463 vero
498 2433 633 2478 supra
673 2428 908 2464 ostensum
941 2430 1022 2475 est,
1054 2420 1177 2496 quod
1210 2434 1288 2478 per
1321 2421 1555 2465 Christum
1594 2421 1771 2466 liberati
1813 2437 1969 2468 sumus
2010 2425 2064 2468 ab

109 2441 182 2531 his
206 2498 324 2544 quae
349 2498 428 2543 per
458 2496 698 2544 peccatum
734 2486 870 2545 primi
894 2455 1095 2531 hominis
1131 2487 1429 2541 incurrimus;
1471 2499 1689 2545 peccante
1732 2499 1883 2545 autem
1915 2492 2063 2548 primo

109 2551 313 2605 homine,
338 2565 433 2596 non
458 2550 648 2596 solum
636 2566 683 2596 in
707 2565 792 2596 nos
819 2563 1061 2611 peccatum
1088 2553 1339 2597 derivatum
1378 2564 1458 2606 est,
1490 2555 1567 2597 sed
1602 2555 1738 2598 etiam
1771 2569 1910 2608 mors,
1946 2570 2063 2614 quae

110 2627 181 2663 est
201 2631 351 2677 poena
375 2618 567 2676 peccati,
593 2618 845 2663 secundum
876 2618 987 2662 illud
1014 2619 1226 2677 Apostoli
1259 2620 1475 2676 (Roman.
1505 2620 1559 2663 V.
1593 2622 1700 2676 12.):
1730 2622 1810 2664 Per
1834 2636 1964 2665 unum
1990 2622 2064 2666 ho-

13 2691 19 2697 ’“
108 2686 264 2730 minem
282 2690 499 2743 peccatum
525 2686 569 2728 in
594 2685 702 2729 hunc
726 2685 927 2729 mundum
952 2687 1149 2739 intravit,
1182 2691 1219 2729 et
1244 2692 1555 2744 perpeccatum
1586 2702 1722 2730 m0r5³
1754 2687 2061 2732 necessarium

110 2751 318 2810 estquod
343 2765 423 2810 per
448 2750 685 2795 Christum
708 2752 762 2795 ab
786 2762 978 2810 utroque
1005 2751 1261 2805 liberemur,
1285 2762 1329 2796 et
1350 2767 1375 2795 a
1409 2753 1541 2811 culpa
1567 2753 1754 2806 scilicet,
1781 2763 1825 2796 et
1851 2767 1877 2796 a
1900 2764 2061 2798 morte.

109 2817 244 2862 Unde
264 2827 311 2862 et
332 2817 502 2863 ibidem
524 2818 632 2862 dicit
662 2818 934 2876 Apostolus:
961 2819 1006 2862 Si
1027 2820 1139 2862 enim
1158 2820 1280 2862 unius
1311 2819 1455 2863 delicto
1477 2834 1587 2864 mors
1608 2821 1797 2877 regnavit
1814 2827 1894 2878 per
1913 2835 2060 2875 unum,

14 2883 49 2939 ᾗ,
109 2883 239 2930 nmlto
262 2885 398 2942 magis
417 2885 656 2942 accipientes
680 2884 986 2928 abundantiam
1011 2884 1247 2929 donationis
1267 2891 1306 2928 et
1320 2887 1522 2942 justitiae,
1548 2886 1592 2928 in
1616 2887 1707 2929 vita
1738 2886 1970 2942 regnabunt
1982 2893 2062 2946 per

110 2964 239 2995 unum
253 2950 394 3007 Imm
422 2950 651 2995 Christum.
679 2950 744 2994 Ut
767 2950 904 3008 igitur
944 2961 1184 3008 utrumque
1215 2950 1346 2994 nobis
1372 2951 1418 2994 in
1459 2951 1610 3010 seipso
1646 2951 1991 3006 demonstraret,
2015 2962 2063 2997 et

33 3015 34 3018 ’
109 3016 243 3071 mori,
269 3026 316 3061 et
352 3029 587 3074 resurgere
618 3015 776 3060 voluit.
802 3016 924 3060 Mori
956 3016 1139 3074 quidem
1165 3015 1323 3068 voluit,
1354 3026 1404 3060 ut
1442 3030 1527 3061 nos
1554 3030 1580 3060 a
1610 3026 1800 3074 peccato
1826 3028 2060 3076 purgaret:

109 3082 231 3127 unde
252 3082 503 3142 Apostolus
526 3082 637 3127 dicit
668 3082 825 3138 (Hebr.
858 3083 937 3127 IX.
977 3082 1092 3140 27.):
1129 3082 1490 3139 Quemadmodum
1521 3089 1717 3127 statutum
1742 3089 1798 3128 est
1827 3084 2062 3129 hominibus

14 3163 41 3193 2
108 3149 229 3194 semel
251 3151 410 3194 mori..
424 3181 457 3193 ..
481 3150 540 3193 sic
570 3155 608 3193 et
635 3147 823 3192 Christus
851 3149 974 3192 semel
997 3149 1158 3193 oblatus
1177 3155 1232 3194 est
1253 3149 1306 3192 ad
1327 3149 1555 3193 multorum
1576 3150 1856 3194 exhaurienda
1869 3155 2060 3207 peccata.

108 3214 363 3275 Resurgere
395 3225 548 3259 autem
573 3213 732 3266 voluit,
758 3224 807 3258 ut
831 3227 916 3258 nos
944 3228 967 3257 a
995 3224 1143 3258 morte
1175 3214 1407 3259 liberaret:
1435 3215 1554 3259 unde
1580 3214 1832 3273 Apostolus
1861 3212 1919 3273 (I.
1947 3216 2058 3262 Cor.

17 3276 25 3326 s
108 3280 212 3326 XV.
233 3282 352 3338 200):
383 3282 570 3326 Christus
584 3281 812 3324 resurrexit
836 3294 862 3324 a
888 3282 1064 3325 mortuis
1085 3282 1304 3340 primitiae
1320 3281 1613 3326 dormientium
1628 3298 1642 3326 .·
1669 3284 1868 3340 quoniam
1894 3283 2059 3341 quidem

102 3355 183 3407 per
197 3347 403 3392 hominem
419 3361 545 3400 mors,
572 3353 610 3391 et
627 3354 704 3404 per
719 3346 924 3391 bominem
946 3349 1188 3391 resurrectio
1211 3354 1487 3392 mortuorum.
1506 3347 1730 3393 Effectum
1747 3348 1882 3407 igitur
1897 3350 2057 3396 mortis

26 3415 34 3434 “’·
111 3413 285 3459 Christi
299 3413 346 3458 in
363 3413 660 3458 sacramentis
677 3412 999 3471 consequimur
1017 3424 1237 3472 quantum
1263 3414 1318 3458 ad
1345 3415 1665 3460 remissionem
1684 3415 1843 3474 culpae
1858 3430 1868 3459 :
1886 3416 2059 3461 dictum

111 3490 180 3525 est
203 3479 328 3524 enim
353 3493 487 3538 supra
510 3479 573 3537 (c.
601 3477 690 3536 56.)
715 3479 838 3538 quod
860 3490 1147 3524 sacramenta
1172 3480 1218 3524 in
1239 3480 1403 3525 virtute
1428 3482 1651 3540 passionis
1678 3481 1850 3526 Christi
1867 3496 2059 3541 operan-

110 3556 206 3592 tur:
231 3544 446 3591 effectum
471 3554 626 3590 autem
649 3545 993 3606 resurrectionis
1010 3546 1181 3592 Christi
1203 3557 1423 3606 quantum
1446 3548 1503 3593 ad
1518 3547 1835 3594 liberationem
1862 3563 1887 3594 a
1911 3559 2059 3595 morte
