2332 3854
252 189 360 242 260
880 201 1038 240 LIBER
1076 200 1134 238 11.
1179 200 1298 239 CAP.
1332 199 1577 239 Lxxxvn.

253 304 375 364 quod
407 319 486 364 per
511 318 559 348 se
585 303 723 348 habet
748 317 861 357 esse,
888 317 968 361 per
993 316 1041 346 se
1067 301 1207 345 etiam
1233 300 1404 359 agitur3
1431 300 1554 359 quod
1578 293 1705 346 vero‘
1721 314 1816 344 non
1840 301 1978 346 habet
2009 315 2108 347 esse
2127 315 2209 361 per

249 387 312 426 se,
335 372 413 416 sed
436 372 587 416 solum
610 385 715 415 cum
743 370 849 423 alio,
865 384 959 413 non
976 382 1054 426 per
1071 382 1119 411 se
1141 367 1204 421 fit,
1223 367 1301 411 sed
1325 366 1416 411 alio
1434 367 1571 421 facto,
1594 367 1710 412 sicut
1724 367 1875 412 forma
1890 368 2008 427 ignis
2032 368 2084 413 fit
2100 369 2208 428 igne

250 449 483 498 generato.
501 439 670 482 Anima
690 447 841 481 autem
858 437 1061 479 humana
1086 435 1177 479 hoc
1203 434 1340 479 habet
1355 435 1604 494 proprium,
1619 436 1735 479 inter
1757 435 1867 479 alias
1883 435 2070 491 formas,
2085 428 2209 497 quod

250 515 317 550 est
341 506 387 549 in
413 520 496 549 suo
525 519 622 549 esse
648 504 911 555 subsistens,
939 512 984 546 et
1011 515 1107 546 esse
1134 501 1256 560 quod
1284 511 1352 546 est
1377 501 1461 546 sibi
1487 502 1722 561 proprium
1750 502 1932 560 corpori
1957 502 2210 548 communi-

249 582 334 616 cat.
357 572 526 616 Anima
552 571 689 628 igitur
711 584 790 628 per
815 583 863 612 se
889 569 1028 612 habet
1043 582 1177 612 suum
1204 567 1314 621 fieri,
1337 578 1513 627 praeter
1531 569 1722 612 modum
1738 567 1931 612 aliarum
1954 568 2211 614 formarum

248 653 364 697 quae
391 638 503 682 fiunt
529 651 608 695 per
635 636 845 679 accidens
875 634 1142 693 compositis
1169 634 1313 678 factis.
1343 635 1433 679 Sed
1460 650 1601 694 quum
1620 636 1773 678 anima
1788 635 1994 679 humana
2016 637 2210 697 nonha-

247 707 350 750 beat
377 706 616 749 materiam
642 713 816 761 partem
837 703 920 755 sui,
945 716 1041 745 non
1066 711 1215 760 potest
1241 701 1338 745 fieri
1364 716 1417 746 ex
1444 702 1597 761 aliquo
1616 702 1732 746 sicut
1754 718 1807 746 ex
1829 702 2033 747 materia.
2059 696 2228 766 Relinv

248 774 399 832 quitur
426 786 534 829 ergo
563 770 682 828 quod
712 784 765 813 ex
790 769 938 812 nihilo
965 768 1056 822 fiat,
1081 779 1125 812 et
1147 768 1211 812 sic
1239 778 1427 813 creetur.
1458 769 1617 822 Quum
1650 769 1785 828 igitur
1812 769 1984 814 creatio
2009 769 2069 815 sit
2092 784 2208 830 opus

247 841 481 898 proprium
507 838 609 890 Dei,
636 847 685 880 ut
708 850 842 894 supra
867 836 930 894 (c.
954 836 1046 893 21.)
1075 845 1310 880 ostensum
1333 846 1413 890 est,
1438 837 1639 895 sequitur
1665 837 1787 896 quod
1814 850 1840 880 a
1865 835 1968 881 solo
1998 837 2140 882 Deo'
2126 851 2209 885 im·

249 907 445 950 mediate
473 914 661 947 creatur.

336 972 524 1015 Adhuc:
554 984 714 1014 eorum
732 983 847 1028 quae
874 979 977 1013 sunt
994 969 1126 1014 unius
1149 970 1329 1027 generis
1346 980 1414 1014 est
1430 970 1552 1016 idem
1570 971 1732 1016 modus
1750 971 2034 1031 prodeundi·
2023 987 2076 1026 m-
2092 986 2206 1026 esse,

244 1050 294 1083 ut
319 1053 454 1097 supra
487 1039 548 1096 (c.
586 1035 673 1095 16.)
707 1037 949 1095 probatum
983 1046 1063 1080 est.
1097 1036 1267 1081 Anima
1295 1047 1447 1081 autem
1481 1048 1548 1082 est
1578 1038 1634 1082 de
1661 1052 1828 1097 genere
1854 1038 2205 1091 substantiarum

242 1105 636 1158 intellectualium,
661 1118 775 1163 quae
802 1118 896 1147 non
923 1113 1113 1161 possunt
1135 1103 1264 1148 aliter
1288 1103 1481 1162 intelligi
1498 1105 1679 1163 prodire
1697 1105 1743 1149 in
1761 1119 1859 1150 esse
1875 1105 2067 1165 nisi'per
2081 1106 2206 1151 viam

246 1173 502 1217 creationis.
529 1172 700 1215 Anima
724 1170 862 1229 igitur
893 1171 1095 1214 humana
1123 1172 1211 1214 exit
1235 1171 1282 1214 in
1305 1185 1403 1215 esse
1428 1185 1508 1230 per
1531 1171 1811 1217 creationem
1838 1186 1864 1215 a
1893 1171 2011 1216 Deo.
2103 1210 2107 1213 ,

334 1241 472 1284 Item:
499 1237 715 1297 quidquid
748 1237 1013 1296 producitur
1037 1237 1084 1280 in
1111 1251 1210 1281 esse
1245 1237 1297 1280 ab
1326 1237 1479 1296 aliquo
1508 1247 1670 1296 agente
1696 1238 1888 1297 acquirit
1912 1238 1966 1283 ab
1991 1238 2108 1298 ipso,
2133 1238 2207 1284 vel

246 1306 414 1366 aliquid
436 1305 559 1365 quod
587 1315 653 1350 est
674 1304 947 1364 principium
975 1304 1153 1348 essendi
1175 1302 1223 1348 in
1245 1303 1324 1348 tali
1346 1304 1512 1363 specie,
1538 1304 1612 1348 vel
1638 1306 1786 1364 ipsum
1809 1319 1907 1351 esse
1931 1304 2205 1351 absolutum.

244 1374 415 1418 Anima
439 1381 592 1416 autem
612 1386 707 1416 non
729 1382 879 1431 potest
901 1372 964 1415 sic
988 1371 1179 1430 produci
1203 1371 1250 1414 in
1277 1385 1389 1426 esse,
1412 1372 1534 1431 quod
1562 1373 1818 1430 acquiratur
1834 1372 1878 1417 ei
1893 1372 2061 1432 aliquid
2082 1372 2207 1432 quod

244 1441 302 1485 sit
326 1440 600 1499 principium
617 1439 808 1492 essendi,
831 1438 947 1482 sicut
964 1438 1187 1496 contingit
1203 1439 1248 1481 in
1266 1438 1398 1482 rebus
1417 1438 1685 1497 compositis
1702 1453 1756 1482 ex
1772 1439 1963 1483 materia
1984 1447 2028 1484 et
2041 1438 2206 1494 forma,

246 1524 361 1568 quae
388 1517 663 1567 generantur
688 1521 767 1566 per
793 1507 884 1551 hoc
917 1506 1039 1564 quod
1067 1506 1304 1564 acquirunt
1334 1505 1532 1550 formam
1566 1506 1613 1549 in
1646 1515 1773 1560 actu;
1798 1520 1893 1551 non
1919 1506 2043 1551 enim
2068 1504 2207 1552 habet

247 1576 400 1619 anima
427 1574 595 1633 aliquid
617 1574 663 1617 in
690 1574 837 1633 seipsa
863 1573 985 1632 quod
1013 1573 1068 1616 sit
1096 1573 1179 1617 sibi
1200 1573 1470 1632 principium
1498 1573 1689 1628 essendi,
1708 1587 1849 1632 quum
1875 1573 1933 1618 sit
1957 1572 2206 1618 substantia

244 1643 454 1702 simplex,
481 1652 530 1686 ut
552 1656 686 1700 supra
713 1641 773 1699 (c.
807 1654 871 1698 50.
900 1650 944 1684 et
975 1640 1090 1699 seq.)
1119 1651 1354 1684 ostensum
1383 1650 1461 1684 est.
1489 1639 1777 1699 Relinquitur
1801 1640 1939 1699 igitur
1964 1639 2089 1700 quod
2110 1655 2206 1695 non

244 1711 520 1769 producatur
544 1709 591 1759 in
619 1722 717 1752 esse
744 1708 797 1751 ab
826 1707 978 1766 aliquo
1007 1717 1183 1765 agente,
1210 1707 1297 1750 nisi
1322 1721 1402 1766 per
1432 1707 1523 1750 hoc
1551 1707 1673 1765 quod
1700 1702 1990 1767 consequitur
2015 1707 2071 1752 ab
2101 1707 2204 1768 ipso

243 1791 343 1822 esse
377 1775 596 1820 absolute.
628 1775 785 1834 Ipsum
819 1784 972 1818 autem
1010 1788 1106 1817 esse
1141 1784 1208 1817 est
1238 1774 1445 1831 proprius
1473 1772 1660 1818 effectus
1694 1773 1829 1832 primi
1861 1784 1907 1818 et
1938 1772 2233 1820 universalis>

244 1845 443 1902 agentis;
470 1842 670 1887 secunda
697 1842 819 1886 enirn
847 1841 1027 1899 agentia
1055 1850 1196 1898 agunt
1222 1855 1301 1899 per
1326 1841 1416 1884 hoc
1445 1841 1567 1899 quod
1592 1841 1862 1899 imprimunt
1886 1840 2204 1886 similitudines

243 1925 429 1954 suarum
454 1909 708 1953 formarum
735 1910 780 1952 in
806 1908 938 1952 rebus
962 1906 1110 1961 factis,
1137 1922 1253 1965 quae
1275 1917 1380 1950 sunt
1404 1907 1577 1951 formae
1603 1906 1845 1956 factorum.
1871 1907 2043 1952 Anima
2067 1908 2205 1967 igitur

242 1992 337 2022 non
363 1987 513 2036 potest
539 1975 730 2035 produci
754 1976 800 2018 in
828 1989 926 2018 esse
952 1974 1039 2018 nisi
1061 1989 1086 2017 a
1102 1974 1255 2049 primo
1280 1984 1324 2018 et
1355 1973 1598 2017 universali
1621 1983 1797 2032 agente,
1824 1974 1947 2033 quod
1973 1985 2042 2020 est
2063 1975 2206 2020 Deus.

327 2045 587 2088 Praeterea:
613 2042 716 2086 finis
749 2042 815 2086 rei
846 2041 1089 2099 respondet
1111 2041 1338 2116 principio
1372 2043 1491 2100 ejus;
1524 2051 1631 2084 tunc
1666 2041 1789 2084 enim
1815 2055 1886 2089 res
1911 2040 2112 2100 perfecta
2137 2052 2206 2100 est

238 2126 380 2171 quum
407 2111 462 2154 ad
489 2110 686 2169 primum
710 2109 983 2168 principium
1009 2108 1224 2166 pertingit
1240 2106 1312 2151 vel
1330 2122 1409 2166 per
1431 2107 1795 2162 similitudinem,
1812 2107 1887 2152 vel
1912 2123 2204 2176 quocumque

238 2180 395 2223 modo.
422 2178 544 2222 Finis
572 2187 724 2221 autem
753 2177 932 2220 animae
965 2175 1194 2219 humanae
1229 2184 1273 2218 et
1298 2174 1458 2218 ultIma
1485 2176 1580 2233 ejus
1613 2175 1832 2234 perfectio
1865 2186 1934 2221 est
1965 2176 2088 2236 quod
2123 2191 2206 2237 per

238 2246 553 2304 cognitionem
571 2254 615 2288 et
633 2258 841 2288 amorem
858 2242 1148 2286 transcendat
1165 2251 1314 2285 totum
1337 2242 1546 2286 ordinem
1574 2253 1897 2297 creaturarum,
1919 2253 1964 2287 et
1979 2245 2206 2304 pertingat

238 2313 295 2356 ad
320 2313 523 2389 primum
543 2311 830 2370 principium,
858 2309 980 2368 quod
1001 2309 1128 2353 Deus
1156 2318 1234 2353 est.
1261 2308 1404 2367 Igitur
1431 2322 1456 2351 a
1481 2309 1584 2352 Deo
1616 2308 1753 2353 habet
1774 2309 1956 2368 proprie
1982 2323 2091 2355 suae
2118 2311 2207 2356 ori·

239 2380 356 2439 ginis
382 2379 670 2438 principium.

220 2489 227 2496 ,
324 2447 426 2490 Hoc
445 2447 583 2490 etiam
601 2447 786 2489 innuere
804 2444 979 2487 videtur
996 2457 1123 2487 sacra
1143 2442 1374 2502 Scriptura
1387 2441 1526 2500 (Gen.
1545 2442 1580 2486 I.
1600 2443 1706 2500 20..)
1727 2442 1887 2496 Quum
1905 2444 2043 2499 enirn,
2060 2444 2146 2490 de
2134 2460 2198 2490 m-

234 2514 468 2558 stitutione
497 2512 691 2556 aliorum
725 2509 991 2554 animalium
1024 2509 1230 2568 loquens,
1264 2523 1425 2553 eorum
1458 2510 1633 2553 animas
1660 2509 1759 2555 aliis
1787 2511 1934 2556 causis
1961 2511 2202 2565 adscribat,

237 2591 394 2638 utpote
422 2594 563 2639 quum
590 2579 719 2623 dicit:
738 2578 979 2623 Producant
996 2591 1128 2635 aquae
1154 2577 1298 2635 reptile
1315 2577 1481 2620 animae
1506 2578 1699 2628 viventis,
1721 2587 1765 2621 et
1781 2567 1989 2622 similiter
2005 2578 2062 2623 de
2087 2579 2200 2637 aliis,

237 2648 293 2691 ad
311 2647 551 2691 hominem
572 2646 772 2699 veniens,
796 2645 997 2689 animam
1022 2645 1117 2701 ejus
1143 2658 1167 2686 a
1185 2644 1288 2687 Deo
1313 2644 1455 2686 creari
1478 2643 1675 2687 ostendit
1698 2643 1853 2688 dicens
1876 2643 2015 2702 (Gen.
2038 2645 2095 2690 Π.
2114 2646 2198 2704 7.):

234 2711 460 2759 ‘formavit
477 2715 591 2758 Deus
606 2714 813 2757 hominem
831 2712 876 2756 de
893 2712 1161 2764 limaterrae,
1180 2717 1218 2755 et
1234 2711 1460 2768 inspiravit
1476 2712 1519 2754 in
1537 2711 1687 2764 faciem
1705 2714 1791 2769 ejus
1801 2713 2061 2771 spiraculum
2072 2714 2199 2759 vitae.

325 2782 412 2826 Per
433 2781 524 2825 hoc
542 2790 693 2829 autern
714 2778 965 2824 excluditur
981 2792 1106 2822 error
1122 2777 1393 2837 ponentium
1418 2777 1593 2822 animas
1620 2778 1674 2822 ab
1703 2777 1878 2838 angelis
1895 2793 1994 2825 esse
2010 2789 2199 2829 creatas.

867 2909 873 2915 ’
912 2932 1167 2987 CAPUT
1211 2931 1525 2987 LXXXIII.

534 3067 806 3107 RATIONES
841 3066 1065 3106 CONTRA
1097 3067 1537 3106 DETERMINATAM
1567 3069 1900 3110 VERITATEM.

322 3178 438 3221 Sunt
465 3186 617 3220 autem
645 3166 871 3235 quaedam
898 3189 1013 3234 quae
1045 3175 1305 3234 praemissis
1331 3176 1541 3221 videntur
1567 3191 1666 3223 esse
1694 3179 1898 3225 adversa.

326 3244 485 3296 Quum
503 3243 626 3287 enim
652 3243 797 3287 homo
820 3243 877 3286 sit
895 3242 1078 3295 animal,
1095 3242 1141 3286 in
1160 3253 1379 3301 quantum
1397 3243 1534 3288 habet
1552 3245 1754 3290 animam
1775 3247 2055 3303 sensitivam,
2080 3249 2197 3296 ratio

232 3320 386 3355 autem
413 3309 623 3354 animalis
650 3310 845 3354 univoce
871 3309 1050 3353 homini
1077 3319 1121 3353 et
1147 3309 1248 3353 aliis
1277 3309 1547 3355 animalibus
1581 3313 1839 3368 conveniat,
1871 3315 2048 3360 videtur
2072 3316 2197 3376 quod

233 3378 385 3421 anima
413 3378 626 3422 sensitiva
653 3378 855 3421 hominis
882 3377 939 3420 sit
961 3376 1168 3435 ejusdem
1195 3377 1373 3435 generis
1401 3392 1507 3421 cum
1535 3379 1772 3425 animabus
1798 3379 1997 3428 aliorum
2022 3383 2196 3429 aniius-

229 3444 358 3488 lium.
390 3444 523 3497 Quae
556 3455 709 3488 autem
741 3454 845 3488 sunt
875 3443 1008 3487 unius
1042 3443 1221 3502 generis
1254 3443 1467 3488 eumdem
1500 3446 1691 3490 modum
1722 3446 1897 3494 hahent
1919 3448 2195 3510 procedendi

231 3513 279 3555 in
306 3525 417 3556 esse.
443 3511 615 3555 Anima
639 3511 776 3570 igitur
803 3510 1017 3555 sensitiva
1042 3510 1259 3563 hominis,
1276 3510 1392 3555 sicut
1418 3521 1462 3555 et
1488 3511 1683 3557 aliorum
1700 3513 1982 3571 animalium,
2005 3529 2088 3576 per
2110 3515 2197 3561 vir·-

229 3588 375 3624 tutem
402 3592 519 3639 quae
546 3587 613 3624 est
637 3578 683 3623 in
716 3580 890 3623 semine
916 3578 961 3622 in
996 3592 1093 3623 esse
1118 3576 1336 3638 procedit.
1364 3577 1444 3623 Est
1476 3589 1630 3633 autem
1660 3579 1786 3627 idem
1815 3582 2072 3634 secundum
2095 3581 2196 3631 sub·

2156 3656 2167 3672 .
