2332 3854
2 2670 50 2738 ἒξ

6 2824 33 2855 a

10 2888 33 2925 ξ

10 2931 35 2952 ν

12 3018 52 3054 kei&

15 3122 66 3153 tif-“F

16 3178 37 3204 {si
48 3178 55 3205 i*
61 3180 66 3207 ζ

15 3204 61 3231 &M

780 225 934 264 LIBER
970 223 1049 263 111.
1090 223 1210 263 CAP.
1252 222 1440 263 Lxxnn
1978 223 2078 276 393

134 334 207 379 his
237 347 353 395 qnae
382 335 429 379 in
448 334 717 380 necessitate
744 343 937 392 aguntur
967 333 1129 377 frustra
1153 341 1466 377 tractarentur.
1493 330 1623 376 Esset
1644 331 1780 390 igitur
1797 340 1954 375 contra
1987 344 2086 389 pro-

135 402 360 446 videntiae
392 401 615 445 rationem
642 402 678 444 si
704 401 1039 445 subtraheretur
1069 399 1314 444 voluntatis
1338 396 1535 443 libertas.

224 468 342 512 Hinc
377 477 443 512 est
468 467 589 526 quod
620 467 784 510 dicitur
810 466 971 522 (Eccli.
998 464 1097 510 XV.
1132 467 1243 523 14.):
1268 467 1381 511 Deus
1402 467 1453 509 ab
1479 466 1600 509 initio
1628 466 1836 509 constituit
1861 466 2084 517 hominem,

131 540 172 580 et
187 535 354 593 reliquit
369 549 460 578 eum
478 536 522 577 in
538 548 666 578 manu
683 533 846 578 consilii
861 534 925 576 sui
936 548 952 584 ;
972 542 1015 576 et
1031 533 1194 577 iterum
1212 533 1291 591 (ib.
1310 533 1398 589 18.)
1413 548 1423 577 ε
1442 533 1550 576 Ante
1566 532 1775 576 hominem
1792 533 1885 576 vita
1901 538 1940 575 et
1955 546 2083 585 mors,

137 602 290 647 bonum
322 607 357 646 et
382 601 541 645 malum
550 616 565 650 ,·
588 599 696 659 quod
712 600 935 659 placuerit,
959 599 1142 643 dabitur
1152 599 1232 643 illi.

222 668 309 712 Per
340 668 431 711 hoc
458 676 608 711 autem
628 665 881 711 excluditur
908 666 1063 724 opinio
1084 666 1361 724 Stoycorum
1383 665 1460 724 qui
1477 664 1726 709 secundum
1752 663 1963 708 ordinem
1984 677 2087 707 cau-

126 747 285 779 sarum
315 732 787 791 intransgressibilem,
812 745 950 791 quem
979 733 1144 778 Graeci
1169 746 1470 792 ymarmenen
1495 732 1736 785 vocabant,
1763 731 1922 775 omnia
1941 745 1996 775 ex
2012 744 2087 774 ne-

132 800 342 847 cessitate
368 799 579 844 dicebant
599 799 854 858 provenire.

831 953 1085 1009 CAPUT
1119 954 1374 1010 LXXIV.

0 1076 6 1084 ⁵
41 1068 62 1098 ·‘
135 1087 292 1136 Quoi)
326 1088 518 1128 mva
550 1087 924 1127 PkovaN’nA
964 1089 1081 1127 NON
1121 1088 1404 1127 ExcLUmT
1437 1087 1740 1127 FORTUNAM
1777 1088 1847 1126 ET
1882 1086 2081 1126 CASUM.

220 1197 287 1242 Ex
322 1197 582 1256 praemissis
619 1199 755 1241 etiarn
793 1206 991 1255 apparet,
1028 1197 1150 1256 quod
1185 1197 1336 1241 divina
1373 1196 1658 1254 providentia
1682 1210 1776 1239 non
1804 1195 2027 1239 subtrahit
2058 1209 2084 1238 a

132 1263 265 1308 rebus
290 1262 522 1308 fortunam
540 1274 585 1308 et
601 1278 780 1317 casum;
806 1264 851 1307 in
868 1263 940 1307 his
957 1264 1078 1307 enim
1097 1277 1212 1322 quae
1228 1264 1275 1306 in
1292 1263 1460 1307 minori
1485 1273 1611 1322 parte
1629 1262 1855 1315 accidunt,
1875 1261 2085 1306 dicuntur

133 1343 233 1375 esse
256 1329 439 1375 fortuna
466 1340 511 1375 et
540 1345 684 1374 casus.
715 1330 764 1374 Si
789 1340 943 1374 autem
973 1344 1069 1374 non
1094 1330 1387 1389 provenirent
1414 1329 1562 1388 aliqua
1585 1339 1633 1374 ut
1664 1330 1716 1374 in·
1742 1329 1912 1373 minori
1942 1337 2084 1387 parte,

135 1395 292 1440 omnia
325 1410 378 1440 ex
409 1397 678 1441 necessitate
707 1396 987 1449 acciderent;
1013 1410 1120 1439 nam
1148 1411 1201 1440 ea
1228 1410 1342 1454 quae
1369 1405 1473 1440 sunt
1499 1395 1809 1454 contingentia
1835 1394 1884 1438 ut'
1908 1396 1954 1438 in
1989 1394 2083 1452 plu-

133 1461 271 1516 ribus,
317 1462 362 1507 in
405 1462 496 1506 hoc
539 1462 640 1506 solo
683 1462 1013 1509 a.necessariis
1046 1461 1271 1516 differunt,
1298 1462 1420 1521 quod
1462 1471 1653 1520 possunt
1682 1462 1729 1505 in
1762 1461 1930 1505 minori
1952 1471 2079 1520 parte

133 1528 338 1590 deficere.
365 1528 495 1573 Esset
519 1539 672 1573 autem
694 1539 852 1573 contra
883 1528 1109 1572 rationem
1125 1529 1435 1587 providentiae
1457 1529 1652 1582 divinae,
1680 1529 1717 1572 si
1746 1529 1902 1571 omnia
1928 1541 1981 1571 ex
2007 1541 2082 1572 ne-

133 1595 340 1640 cessitate
373 1594 703 1654 contingerent,
745 1605 794 1639 ut
824 1605 1058 1639 ostensum
1091 1605 1158 1639 est
1185 1596 1244 1651 (c.
1273 1594 1378 1652 72.).
1411 1594 1554 1652 Igitur
1586 1604 1631 1638 et
1663 1603 1820 1638 contra
1855 1594 2083 1639 rationem

130 1660 441 1723 providentiae
467 1661 645 1705 divinae
673 1671 805 1715 esset,
838 1661 877 1704 si
902 1660 1015 1704 nihil
1042 1661 1169 1705 fieret
1193 1660 1428 1705 fortuitum
1456 1670 1500 1705 et
1532 1661 1712 1705 casuale
1742 1661 1790 1704 in
1814 1660 1963 1704 rebus.

219 1727 453 1788 Amplius:
482 1738 640 1771 contra
652 1728 877 1772 rationem
899 1727 1208 1786 providentiae
1226 1737 1357 1780 esset,
1371 1728 1408 1771 si
1432 1741 1503 1771 res
1523 1727 1836 1786 providentiae
1851 1727 2081 1785 subjectae

129 1803 226 1839 non
252 1805 438 1853 agerent
460 1804 646 1853 propter
669 1793 832 1838 finem:
861 1806 965 1837 curn
993 1793 1304 1851 providentiae
1337 1795 1393 1837 sit
1424 1794 1582 1837 omnia
1614 1794 1823 1837 ordinare
1849 1793 1895 1836 in
1922 1792 2077 1837 finem.

127 1858 261 1909 Esset
286 1858 424 1906 etiarn
448 1869 607 1904 contra
628 1859 954 1919 perfectionem
970 1860 1181 1914 universi,
1207 1860 1246 1904 si
1269 1859 1394 1903 nulla
1421 1874 1491 1904 res
1512 1859 1815 1918 corruptibilis
1842 1868 1973 1913 esset,
1994 1873 2080 1903 nec

131 1925 281 1986 aliqua
305 1926 447 1971 virtus
480 1925 672 1970 deficere
707 1935 885 1985 potens,
910 1935 960 1970 ut
985 1940 1040 1970 ex
1067 1926 1306 1985 praedictis
1332 1927 1393 1984 (c.
1431 1939 1502 1983 71.
1528 1935 1572 1970 et
1603 1926 1698 1983 72.)
1725 1933 1860 1983 patet.
1887 1925 1954 1969 Ex
1985 1925 2076 1968 hoc

132 2003 285 2039 autem
310 1990 431 2053 quod
454 1993 639 2052 aliquod
657 2006 795 2051 agens
813 2001 995 2052 propter
1017 1993 1157 2037 finem
1182 1993 1333 2037 deficit
1355 1993 1408 2036 ab
1427 2007 1484 2037 eo
1507 1993 1629 2052 quod
1652 1992 1857 2046 intendit,
1879 1992 2081 2051 sequitur

132 2060 283 2120 aliqua
309 2073 418 2104 casu
445 2060 720 2118 contingere.
755 2059 885 2103 Esset
915 2059 1051 2118 igitur
1084 2069 1242 2104 contra
1273 2059 1498 2104 rationem
1530 2059 1842 2119 providentiae
1869 2068 1913 2102 et
1938 2057 2080 2117 perfe-

129 2124 291 2172 ctionis
322 2138 488 2182 rerum,
511 2125 549 2170 si
568 2139 662 2169 non
688 2135 837 2170 essent
863 2124 1012 2184 aliqua
1041 2125 1249 2170 casualia.

219 2191 409 2237 Adhuc:
436 2190 678 2236 multitudo
706 2202 750 2236 et
775 2192 1009 2236 diversitas
1036 2206 1276 2236 causarum
1299 2206 1352 2236 ex
1379 2192 1537 2237 ordine
1564 2191 1744 2237 divinae
1770 2191 2081 2251 providentiae

2 2244 55 2320 Js
131 2269 177 2305 et
210 2258 518 2318 dispositionis
552 2258 770 2317 procedit.
811 2258 1055 2319 Supposita
1092 2269 1245 2304 autem
1284 2274 1525 2304 causarum
1563 2259 1874 2318 dispositione,
1902 2266 2082 2317 oportet

129 2326 271 2375 unam
295 2323 423 2370 alteri
456 2324 729 2384 quandoque
767 2339 1051 2379 concurrere,
1086 2340 1167 2384 per
1200 2340 1339 2384 quarn
1375 2326 1662 2384 impediatur,
1699 2325 1773 2369 vel
1808 2326 1985 2383 juvetur
2026 2324 2082 2367 ad

125 2384 264 2457 §tium
289 2387 502 2436 effectum
526 2390 883 2450 producendum.
910 2391 978 2435 Ex
1005 2405 1229 2436 concursu
1263 2402 1418 2437 autem
1444 2392 1635 2436 duarum
1660 2391 1736 2435 vel
1761 2390 1959 2450 plurium
1982 2404 2083 2434 cau-

16 2456 46 2469 ’
129 2451 297 2512 sarum,
325 2456 546 2516 contingit
572 2457 755 2516 aliquod
783 2457 1023 2502 casualiter
1049 2458 1245 2513 evenire,
1272 2459 1381 2503 dum
1409 2459 1509 2502 finis
1535 2472 1630 2502 non
1663 2458 1862 2502 intentus
1895 2471 1950 2501 ex
1976 2470 2083 2501 con-

131 2531 266 2570 eursu
300 2523 488 2582 alicujus
521 2537 685 2568 causae
721 2525 951 2583 provenit:
985 2525 1103 2568 sicut
1133 2525 1336 2569 inventio
1369 2525 1584 2569 debitoris
1618 2525 1672 2568 ab
1705 2538 1762 2568 eo
1796 2523 1872 2583 qui
1904 2523 1998 2567 ibat
2024 2522 2080 2566 ad

127 2589 280 2636 forum
306 2604 444 2635 causa
470 2590 652 2634 emendi
678 2590 845 2649 aliquid
875 2591 1085 2649 provenit
1110 2604 1164 2634 ex
1193 2591 1284 2635 hoc
1313 2591 1435 2650 quod
1468 2591 1644 2635 debitor
1677 2591 1814 2635 etiam
1841 2590 1897 2633 ad
1928 2588 2081 2633 forum

129 2656 267 2703 venit.
290 2653 399 2701 Non
424 2666 492 2701 est
514 2655 652 2715 igitur
677 2655 856 2701 divinae
880 2657 1191 2716 providentiae
1224 2658 1503 2702 contrarium
1535 2657 1658 2716 quod
1690 2658 1779 2701 sint
1811 2655 1962 2715 aliqua
1993 2655 2083 2700 for-

128 2720 244 2768 tuita
268 2732 314 2768 et
337 2721 571 2767 casualia
559 2736 606 2766 m
630 2722 777 2766 rebus.

218 2789 357 2834 Item.
385 2787 507 2847 quod
531 2801 625 2832 non
660 2798 741 2842 est,
765 2802 860 2833 non
893 2798 1043 2847 potest
1068 2803 1165 2833 esse
1193 2789 1383 2847 alicujus
1410 2803 1560 2834 causa.
1587 2789 1723 2833 Unde
1750 2797 1932 2847 oportet
1957 2787 2080 2847 quod

130 2852 486 2917 unumquodque
512 2854 628 2898 sicut
652 2868 700 2898 se
732 2854 869 2898 habet
900 2855 955 2899 ad
989 2869 1101 2908 esse,
1127 2856 1187 2898 ita
1214 2869 1262 2899 se
1286 2855 1455 2899 habeat
1481 2856 1535 2899 ad
1564 2855 1654 2899 hoc
1683 2854 1806 2913 quod
1833 2855 1891 2898 sit
1923 2868 2074 2899 causa.

222 2919 419 2980 Oportet
442 2919 577 2978 igitur
601 2920 723 2979 quod
749 2921 1000 2965 secundum
1033 2921 1339 2966 diversitatem
1371 2922 1542 2966 ordinis
1574 2923 1621 2966 in
1654 2922 1830 2965 entibus
1857 2922 1915 2966 sit
1940 2921 2080 2965 etiam

130 2986 363 3032 diversitas
388 2985 558 3030 ordinis
583 2986 629 3030 in
657 2986 816 3030 causis.
850 2986 923 3031 Ad
949 2987 1277 3045 perfectionem
1311 2998 1464 3032 autem
1490 3002 1644 3032 rerum
1672 2988 1928 3046 requiritur,
1954 2988 2079 3047 quod

131 3064 224 3098 non
251 3051 400 3098 solum
427 3051 516 3096 sint
539 3052 585 3096 in
610 3052 743 3097 rebus
770 3052 890 3097 entia
916 3067 996 3112 per
1012 3067 1074 3107 se,
1097 3054 1175 3098 sed
1194 3054 1332 3098 etiam
1351 3054 1470 3099 entia
1493 3069 1573 3114 per
1595 3054 1821 3098 accidens.
1847 3053 1938 3098 Res
1956 3054 2079 3098 enim

131 3132 246 3180 quae
270 3132 365 3163 non
390 3117 594 3162 habent
582 3132 630 3162 m
655 3133 736 3163 sua
762 3119 1011 3163 substantia
1033 3120 1242 3164 ultimam
1265 3120 1609 3179 perfectionem,
1637 3130 1819 3179 oportet
1843 3120 1966 3179 quod
1985 3134 2082 3179 per-

129 3183 376 3230 fectionem
410 3183 609 3243 aliquam
636 3196 970 3244 consequantur
995 3200 1073 3244 per
1106 3187 1370 3240 accidentia,
1402 3196 1445 3231 et
1476 3201 1554 3246 per
1586 3196 1713 3232 tanto
1746 3186 1874 3245 plura
1906 3196 2076 3245 quanto

22 3251 81 3311 ἥ
130 3251 278 3311 magis
304 3251 470 3295 distant
495 3265 521 3294 a
546 3250 833 3310 simplicitate
858 3252 960 3298 Dei.
980 3252 1043 3296 Ex
1056 3252 1147 3296 hoc
1167 3262 1317 3296 autem
1337 3253 1459 3311 quod
1483 3253 1650 3311 aliquid
1672 3253 1926 3311 subjectum
1944 3253 2080 3297 habet

131 3312 275 3363 multa
302 3317 568 3371 accidentia,
595 3317 795 3376 sequitur
819 3319 940 3377 quod
963 3318 1019 3362 sit
1036 3318 1220 3395 aliquod
1239 3332 1317 3363 ens
1335 3333 1413 3378 per
1431 3320 1664 3374 accidens;
1691 3333 1799 3363 nam
1823 3319 2079 3377 subiectum

47 3378 96 3423 ἶ
102 3393 179 3431 et
203 3383 429 3437 accidens,
444 3393 499 3431 et
526 3383 662 3427 etiam
689 3383 779 3428 duo
822 3384 1071 3428 accidentia
1108 3386 1239 3428 unius
1265 3386 1454 3442 subjecti
1486 3395 1588 3430 sunt
1615 3400 1756 3429 unum
1788 3386 1834 3429 in
1867 3385 2079 3430 omnibus

100 3442 238 3568 etr
239 3449 464 3503 accidens,
489 3449 606 3493 sicut
631 3449 775 3494 homo
801 3449 942 3504 albus,
968 3461 1013 3494 et
1044 3451 1271 3495 musicum
1304 3451 1472 3495 album.
1507 3452 1704 3510 Oportet
1728 3452 1866 3509 igitur
1898 3451 1953 3495 ad
1986 3466 2080 3511 per-

205 3516 383 3562 tionem
408 3529 575 3569 rerum,
601 3516 723 3575 quod
748 3515 839 3561 sint
863 3516 1000 3561 etiam
1027 3517 1251 3576 quaedam
1279 3530 1444 3562 causae
1470 3530 1550 3576 per
1576 3518 1800 3563 accidens
1829 3517 1892 3562 Ea
1926 3528 2077 3563 autem

107 3574 250 3642 'quae
277 3596 332 3628 ex
357 3581 504 3627 causis
530 3581 754 3641 aliquibus
784 3582 1050 3642 procedunt
1068 3597 1147 3643 per
1174 3584 1398 3638 accidens,
1425 3583 1635 3629 dicuntur
1669 3584 1876 3630 accidere
1907 3598 1934 3630 a
1970 3598 2078 3630 casu
