<?xml version="1.0" encoding="UTF-8"?>
<!DOCTYPE html PUBLIC "-//W3C//DTD XHTML 1.0 Transitional//EN"
    "http://www.w3.org/TR/xhtml1/DTD/xhtml1-transitional.dtd">
<html xmlns="http://www.w3.org/1999/xhtml" xml:lang="en" lang="en">
 <head>
  <title>
</title>
<meta http-equiv="Content-Type" content="text/html;charset=utf-8" />
  <meta name='ocr-system' content='tesseract 3.04.00' />
  <meta name='ocr-capabilities' content='ocr_page ocr_carea ocr_par ocr_line ocrx_word'/>
</head>
<body>
  <div class='ocr_page' id='page_1' title='image "./divithomaeaquina00thom_0088.png"; bbox 0 0 2332 3854; ppageno 0'>
   <div class='ocr_carea' id='block_1_1' title="bbox 273 177 1532 244">
    <p class='ocr_par' dir='ltr' id='par_1_1' title="bbox 273 177 1532 244">
     <span class='ocr_line' id='line_1_1' title="bbox 273 177 1532 244; baseline 0.001 -16"><span class='ocrx_word' id='word_1_1' title='bbox 273 177 346 244; x_wconf 87' lang='lat'>76</span> <span class='ocrx_word' id='word_1_2' title='bbox 972 189 1127 229; x_wconf 80' lang='lat' dir='ltr'>LIBER</span> <span class='ocrx_word' id='word_1_3' title='bbox 1167 190 1204 228; x_wconf 91' lang='lat'>1.</span> <span class='ocrx_word' id='word_1_4' title='bbox 1245 190 1366 228; x_wconf 86' lang='lat' dir='ltr'><strong>CAP.</strong></span> <span class='ocrx_word' id='word_1_5' title='bbox 1406 188 1532 229; x_wconf 80' lang='lat' dir='ltr'>LXV.-</span> 
     </span>
    </p>
   </div>
   <div class='ocr_carea' id='block_1_2' title="bbox 258 290 2268 3571">
    <p class='ocr_par' dir='ltr' id='par_1_2' title="bbox 269 290 2230 417">
     <span class='ocr_line' id='line_1_2' title="bbox 270 290 2230 352; baseline 0.001 -17"><span class='ocrx_word' id='word_1_6' title='bbox 270 291 310 335; x_wconf 91' lang='lat' dir='ltr'>si</span> <span class='ocrx_word' id='word_1_7' title='bbox 335 290 377 335; x_wconf 92' lang='lat' dir='ltr'>ei</span> <span class='ocrx_word' id='word_1_8' title='bbox 401 290 703 350; x_wconf 83' lang='lat' dir='ltr'>singularium</span> <span class='ocrx_word' id='word_1_9' title='bbox 724 291 887 336; x_wconf 90' lang='lat' dir='ltr'>notitia</span> <span class='ocrx_word' id='word_1_10' title='bbox 913 291 1104 346; x_wconf 85' lang='lat' dir='ltr'>deesset,</span> <span class='ocrx_word' id='word_1_11' title='bbox 1133 305 1239 335; x_wconf 92' lang='lat' dir='ltr'>cum</span> <span class='ocrx_word' id='word_1_12' title='bbox 1263 291 1311 334; x_wconf 92' lang='lat' dir='ltr'>in</span> <span class='ocrx_word' id='word_1_13' title='bbox 1331 291 1423 335; x_wconf 93' lang='lat' dir='ltr'>hoc</span> <span class='ocrx_word' id='word_1_14' title='bbox 1451 291 1710 351; x_wconf 89' lang='lat' dir='ltr'>aliquorum</span> <span class='ocrx_word' id='word_1_15' title='bbox 1728 292 2108 350; x_wconf 87' lang='lat' dir='ltr'>cognoscentium</span> <span class='ocrx_word' id='word_1_16' title='bbox 2131 306 2230 352; x_wconf 80' lang='lat' dir='ltr'>per-</span> 
     </span>
     <span class='ocr_line' id='line_1_3' title="bbox 269 357 2228 417; baseline 0.001 -15"><span class='ocrx_word' id='word_1_17' title='bbox 269 357 408 402; x_wconf 91' lang='lat' dir='ltr'>fectio</span> <span class='ocrx_word' id='word_1_18' title='bbox 436 358 678 413; x_wconf 89' lang='lat' dir='ltr'>consistat;</span> <span class='ocrx_word' id='word_1_19' title='bbox 703 357 987 417; x_wconf 90' lang='lat' dir='ltr'>impossibile</span> <span class='ocrx_word' id='word_1_20' title='bbox 1015 367 1080 402; x_wconf 89' lang='lat' dir='ltr'>est</span> <span class='ocrx_word' id='word_1_21' title='bbox 1102 359 1240 417; x_wconf 90' lang='lat' dir='ltr'>igitur</span> <span class='ocrx_word' id='word_1_22' title='bbox 1258 371 1365 402; x_wconf 90' lang='lat' dir='ltr'>eum</span> <span class='ocrx_word' id='word_1_23' title='bbox 1381 357 1682 416; x_wconf 83' lang='lat' dir='ltr'>singularium</span> <span class='ocrx_word' id='word_1_24' title='bbox 1698 359 1911 403; x_wconf 85' lang='lat' dir='ltr'>notitiam</span> <span class='ocrx_word' id='word_1_25' title='bbox 1933 372 2028 402; x_wconf 88' lang='lat' dir='ltr'>non</span> <span class='ocrx_word' id='word_1_26' title='bbox 2043 358 2228 404; x_wconf 83' lang='lat' dir='ltr'>habere.</span> 
     </span>
    </p>

    <p class='ocr_par' dir='ltr' id='par_1_3' title="bbox 267 424 2232 1016">
     <span class='ocr_line' id='line_1_4' title="bbox 358 424 2226 484; baseline 0.001 -16"><span class='ocrx_word' id='word_1_27' title='bbox 358 425 622 470; x_wconf 89' lang='lat' dir='ltr'>Praeterea:</span> <span class='ocrx_word' id='word_1_28' title='bbox 650 425 697 468; x_wconf 89' lang='lat' dir='ltr'>in</span> <span class='ocrx_word' id='word_1_29' title='bbox 725 425 937 469; x_wconf 91' lang='lat' dir='ltr'>omnibus</span> <span class='ocrx_word' id='word_1_30' title='bbox 968 425 1207 469; x_wconf 91' lang='lat' dir='ltr'>virtutibus</span> <span class='ocrx_word' id='word_1_31' title='bbox 1240 424 1460 469; x_wconf 89' lang='lat' dir='ltr'>ordinatis</span> <span class='ocrx_word' id='word_1_32' title='bbox 1493 426 1800 470; x_wconf 88' lang='lat' dir='ltr'>communiter</span> <span class='ocrx_word' id='word_1_33' title='bbox 1830 425 2072 479; x_wconf 86' lang='lat' dir='ltr'>invenitur,</span> <span class='ocrx_word' id='word_1_34' title='bbox 2103 425 2226 484; x_wconf 81' lang='lat' dir='ltr'>quod</span> 
     </span>
     <span class='ocr_line' id='line_1_5' title="bbox 271 491 2230 550; baseline 0.001 -16"><span class='ocrx_word' id='word_1_35' title='bbox 271 491 410 536; x_wconf 90' lang='lat' dir='ltr'>virtus</span> <span class='ocrx_word' id='word_1_36' title='bbox 438 494 644 550; x_wconf 89' lang='lat' dir='ltr'>superior</span> <span class='ocrx_word' id='word_1_37' title='bbox 671 492 726 535; x_wconf 88' lang='lat' dir='ltr'>ad</span> <span class='ocrx_word' id='word_1_38' title='bbox 752 491 880 550; x_wconf 92' lang='lat' dir='ltr'>plura</span> <span class='ocrx_word' id='word_1_39' title='bbox 906 506 954 535; x_wconf 91' lang='lat' dir='ltr'>se</span> <span class='ocrx_word' id='word_1_40' title='bbox 982 491 1195 545; x_wconf 79' lang='lat' dir='ltr'>extendit,</span> <span class='ocrx_word' id='word_1_41' title='bbox 1219 500 1263 535; x_wconf 92' lang='lat' dir='ltr'>et</span> <span class='ocrx_word' id='word_1_42' title='bbox 1287 501 1442 536; x_wconf 88' lang='lat' dir='ltr'>tamen</span> <span class='ocrx_word' id='word_1_43' title='bbox 1469 502 1537 537; x_wconf 90' lang='lat' dir='ltr'>est</span> <span class='ocrx_word' id='word_1_44' title='bbox 1557 493 1715 536; x_wconf 88' lang='lat' dir='ltr'>unica:</span> <span class='ocrx_word' id='word_1_45' title='bbox 1742 493 1883 536; x_wconf 88' lang='lat' dir='ltr'>virtus</span> <span class='ocrx_word' id='word_1_46' title='bbox 1908 505 2018 536; x_wconf 92' lang='lat' dir='ltr'>vero</span> <span class='ocrx_word' id='word_1_47' title='bbox 2042 491 2230 537; x_wconf 86' lang='lat' dir='ltr'>inferior</span> 
     </span>
     <span class='ocr_line' id='line_1_6' title="bbox 270 557 2228 618; baseline 0.001 -16"><span class='ocrx_word' id='word_1_48' title='bbox 270 572 317 602; x_wconf 89' lang='lat' dir='ltr'>se</span> <span class='ocrx_word' id='word_1_49' title='bbox 345 559 543 602; x_wconf 87' lang='lat' dir='ltr'>extendit</span> <span class='ocrx_word' id='word_1_50' title='bbox 570 559 625 602; x_wconf 89' lang='lat' dir='ltr'>ad</span> <span class='ocrx_word' id='word_1_51' title='bbox 648 558 879 617; x_wconf 84' lang='lat' dir='ltr'>pauciora,</span> <span class='ocrx_word' id='word_1_52' title='bbox 908 567 952 601; x_wconf 95' lang='lat' dir='ltr'>et</span> <span class='ocrx_word' id='word_1_53' title='bbox 972 567 1129 602; x_wconf 89' lang='lat' dir='ltr'>tamen</span> <span class='ocrx_word' id='word_1_54' title='bbox 1150 557 1479 617; x_wconf 87' lang='lat' dir='ltr'>multiplicatur</span> <span class='ocrx_word' id='word_1_55' title='bbox 1504 569 1712 618; x_wconf 89' lang='lat' dir='ltr'>respectu</span> <span class='ocrx_word' id='word_1_56' title='bbox 1739 558 1941 613; x_wconf 90' lang='lat' dir='ltr'>illorum,</span> <span class='ocrx_word' id='word_1_57' title='bbox 1967 558 2084 603; x_wconf 91' lang='lat' dir='ltr'>sicut</span> <span class='ocrx_word' id='word_1_58' title='bbox 2103 561 2228 617; x_wconf 86' lang='lat' dir='ltr'>patet</span> 
     </span>
     <span class='ocr_line' id='line_1_7' title="bbox 269 625 2228 684; baseline 0.001 -17"><span class='ocrx_word' id='word_1_59' title='bbox 269 625 315 667; x_wconf 90' lang='lat' dir='ltr'>in</span> <span class='ocrx_word' id='word_1_60' title='bbox 341 625 672 683; x_wconf 83' lang='lat' dir='ltr'>imaginatione</span> <span class='ocrx_word' id='word_1_61' title='bbox 700 634 743 668; x_wconf 96' lang='lat' dir='ltr'>et</span> <span class='ocrx_word' id='word_1_62' title='bbox 769 638 926 678; x_wconf 81' lang='lat' dir='ltr'>sensu3</span> <span class='ocrx_word' id='word_1_63' title='bbox 952 639 1062 668; x_wconf 90' lang='lat' dir='ltr'>nam</span> <span class='ocrx_word' id='word_1_64' title='bbox 1088 639 1179 668; x_wconf 92' lang='lat' dir='ltr'>una</span> <span class='ocrx_word' id='word_1_65' title='bbox 1203 625 1271 669; x_wconf 91' lang='lat' dir='ltr'>vis</span> <span class='ocrx_word' id='word_1_66' title='bbox 1303 625 1646 684; x_wconf 87' lang='lat' dir='ltr'>imaginationis</span> <span class='ocrx_word' id='word_1_67' title='bbox 1680 640 1727 670; x_wconf 91' lang='lat' dir='ltr'>se</span> <span class='ocrx_word' id='word_1_68' title='bbox 1755 625 1954 670; x_wconf 84' lang='lat' dir='ltr'>extendit</span> <span class='ocrx_word' id='word_1_69' title='bbox 1986 625 2045 678; x_wconf 37' lang='lat' dir='ltr'>ad,</span> <span class='ocrx_word' id='word_1_70' title='bbox 2073 626 2228 670; x_wconf 89' lang='lat' dir='ltr'>omnia</span> 
     </span>
     <span class='ocr_line' id='line_1_8' title="bbox 270 692 2228 752; baseline 0 -17"><span class='ocrx_word' id='word_1_71' title='bbox 270 705 386 750; x_wconf 88' lang='lat' dir='ltr'>quae</span> <span class='ocrx_word' id='word_1_72' title='bbox 413 692 611 750; x_wconf 91' lang='lat' dir='ltr'>quinque</span> <span class='ocrx_word' id='word_1_73' title='bbox 636 692 754 735; x_wconf 89' lang='lat' dir='ltr'>vires</span> <span class='ocrx_word' id='word_1_74' title='bbox 782 705 998 735; x_wconf 90' lang='lat' dir='ltr'>sensuum</span> <span class='ocrx_word' id='word_1_75' title='bbox 1026 702 1326 751; x_wconf 86' lang='lat' dir='ltr'>cognoscunt,</span> <span class='ocrx_word' id='word_1_76' title='bbox 1355 703 1399 736; x_wconf 91' lang='lat' dir='ltr'>et</span> <span class='ocrx_word' id='word_1_77' title='bbox 1425 693 1480 737; x_wconf 89' lang='lat' dir='ltr'>ad</span> <span class='ocrx_word' id='word_1_78' title='bbox 1514 693 1656 752; x_wconf 90' lang='lat' dir='ltr'>plura.</span> <span class='ocrx_word' id='word_1_79' title='bbox 1691 693 1781 736; x_wconf 90' lang='lat' dir='ltr'>Sed</span> <span class='ocrx_word' id='word_1_80' title='bbox 1813 693 1880 736; x_wconf 91' lang='lat' dir='ltr'>vis</span> <span class='ocrx_word' id='word_1_81' title='bbox 1914 692 2228 751; x_wconf 86' lang='lat' dir='ltr'>cognoscitiva</span> 
     </span>
     <span class='ocr_line' id='line_1_9' title="bbox 268 754 2227 818; baseline 0.001 -16"><span class='ocrx_word' id='word_1_82' title='bbox 268 758 315 802; x_wconf 91' lang='lat' dir='ltr'>in</span> <span class='ocrx_word' id='word_1_83' title='bbox 340 758 444 802; x_wconf 92' lang='lat' dir='ltr'>Deo</span> <span class='ocrx_word' id='word_1_84' title='bbox 473 769 540 802; x_wconf 89' lang='lat' dir='ltr'>est</span> <span class='ocrx_word' id='word_1_85' title='bbox 565 758 773 816; x_wconf 87' lang='lat' dir='ltr'>superior</span> <span class='ocrx_word' id='word_1_86' title='bbox 799 759 938 816; x_wconf 86' lang='lat' dir='ltr'>quam</span> <span class='ocrx_word' id='word_1_87' title='bbox 964 760 1010 802; x_wconf 89' lang='lat' dir='ltr'>in</span> <span class='ocrx_word' id='word_1_88' title='bbox 1035 758 1251 814; x_wconf 91' lang='lat' dir='ltr'>homine;</span> <span class='ocrx_word' id='word_1_89' title='bbox 1278 759 1496 818; x_wconf 90' lang='lat' dir='ltr'>quidquid</span> <span class='ocrx_word' id='word_1_90' title='bbox 1523 773 1633 818; x_wconf 90' lang='lat' dir='ltr'>ergo</span> <span class='ocrx_word' id='word_1_91' title='bbox 1659 759 1805 804; x_wconf 92' lang='lat' dir='ltr'>homo</span> <span class='ocrx_word' id='word_1_92' title='bbox 1840 759 2026 803; x_wconf 86' lang='lat' dir='ltr'>diversis</span> <span class='ocrx_word' id='word_1_93' title='bbox 2057 754 2227 804; x_wconf 83' lang='lat' dir='ltr'>viribus</span> 
     </span>
     <span class='ocr_line' id='line_1_10' title="bbox 271 824 2226 884; baseline 0.001 -16"><span class='ocrx_word' id='word_1_94' title='bbox 271 825 511 883; x_wconf 86' lang='lat' dir='ltr'>cognoscit</span> <span class='ocrx_word' id='word_1_95' title='bbox 535 824 784 877; x_wconf 76' lang='lat' dir='ltr'>intellectU,</span> <span class='ocrx_word' id='word_1_96' title='bbox 812 825 1156 883; x_wconf 85' lang='lat' dir='ltr'>imaginatione,</span> <span class='ocrx_word' id='word_1_97' title='bbox 1183 835 1228 870; x_wconf 89' lang='lat' dir='ltr'>et</span> <span class='ocrx_word' id='word_1_98' title='bbox 1252 839 1403 880; x_wconf 91' lang='lat' dir='ltr'>sensu,</span> <span class='ocrx_word' id='word_1_99' title='bbox 1426 826 1516 870; x_wconf 91' lang='lat' dir='ltr'>hoc</span> <span class='ocrx_word' id='word_1_100' title='bbox 1542 826 1670 870; x_wconf 90' lang='lat' dir='ltr'>Deus</span> <span class='ocrx_word' id='word_1_101' title='bbox 1702 840 1795 870; x_wconf 92' lang='lat' dir='ltr'>uno</span> <span class='ocrx_word' id='word_1_102' title='bbox 1822 840 1906 870; x_wconf 92' lang='lat' dir='ltr'>suo</span> <span class='ocrx_word' id='word_1_103' title='bbox 1933 824 2133 884; x_wconf 87' lang='lat' dir='ltr'>simplici</span> <span class='ocrx_word' id='word_1_104' title='bbox 2162 825 2226 884; x_wconf 83' lang='lat' dir='ltr'>in-</span> 
     </span>
     <span class='ocr_line' id='line_1_11' title="bbox 268 891 2232 952; baseline 0.001 -18"><span class='ocrx_word' id='word_1_105' title='bbox 268 891 452 935; x_wconf 90' lang='lat' dir='ltr'>tellectu</span> <span class='ocrx_word' id='word_1_106' title='bbox 481 891 760 945; x_wconf 81' lang='lat' dir='ltr'>considerat3</span> <span class='ocrx_word' id='word_1_107' title='bbox 789 900 857 934; x_wconf 93' lang='lat' dir='ltr'>est</span> <span class='ocrx_word' id='word_1_108' title='bbox 887 891 1023 950; x_wconf 87' lang='lat' dir='ltr'>igitur</span> <span class='ocrx_word' id='word_1_109' title='bbox 1055 891 1357 952; x_wconf 86' lang='lat' dir='ltr'>singularium</span> <span class='ocrx_word' id='word_1_110' title='bbox 1390 893 1731 952; x_wconf 88' lang='lat' dir='ltr'>cognoscitivus</span> <span class='ocrx_word' id='word_1_111' title='bbox 1764 907 1880 952; x_wconf 91' lang='lat' dir='ltr'>quae</span> <span class='ocrx_word' id='word_1_112' title='bbox 1906 907 1992 937; x_wconf 91' lang='lat' dir='ltr'>nos</span> <span class='ocrx_word' id='word_1_113' title='bbox 2019 906 2154 938; x_wconf 88' lang='lat' dir='ltr'>sensu</span> <span class='ocrx_word' id='word_1_114' title='bbox 2187 902 2232 937; x_wconf 88' lang='lat' dir='ltr'>et</span> 
     </span>
     <span class='ocr_line' id='line_1_12' title="bbox 267 958 1023 1016; baseline 0.003 -15"><span class='ocrx_word' id='word_1_115' title='bbox 267 958 598 1016; x_wconf 87' lang='lat' dir='ltr'>imaginatione</span> <span class='ocrx_word' id='word_1_116' title='bbox 623 958 1023 1016; x_wconf 86' lang='lat' dir='ltr'>apprehendimus.</span> 
     </span>
    </p>

    <p class='ocr_par' dir='ltr' id='par_1_4' title="bbox 265 1024 2231 1485">
     <span class='ocr_line' id='line_1_13' title="bbox 359 1024 2230 1085; baseline 0.002 -18"><span class='ocrx_word' id='word_1_117' title='bbox 359 1024 591 1084; x_wconf 88' lang='lat' dir='ltr'>Amplius:</span> <span class='ocrx_word' id='word_1_118' title='bbox 621 1024 798 1069; x_wconf 89' lang='lat' dir='ltr'>divinus</span> <span class='ocrx_word' id='word_1_119' title='bbox 820 1024 1077 1070; x_wconf 89' lang='lat' dir='ltr'>intellectus</span> <span class='ocrx_word' id='word_1_120' title='bbox 1096 1039 1149 1069; x_wconf 83' lang='lat' dir='ltr'>ex</span> <span class='ocrx_word' id='word_1_121' title='bbox 1171 1026 1305 1070; x_wconf 89' lang='lat' dir='ltr'>rebus</span> <span class='ocrx_word' id='word_1_122' title='bbox 1323 1027 1638 1085; x_wconf 90' lang='lat' dir='ltr'>cognitionem</span> <span class='ocrx_word' id='word_1_123' title='bbox 1658 1041 1753 1070; x_wconf 90' lang='lat' dir='ltr'>non</span> <span class='ocrx_word' id='word_1_124' title='bbox 1770 1027 1909 1071; x_wconf 90' lang='lat' dir='ltr'>sumit</span> <span class='ocrx_word' id='word_1_125' title='bbox 1924 1026 2041 1071; x_wconf 88' lang='lat' dir='ltr'>sicut</span> <span class='ocrx_word' id='word_1_126' title='bbox 2059 1037 2230 1081; x_wconf 90' lang='lat' dir='ltr'>noster,</span> 
     </span>
     <span class='ocr_line' id='line_1_14' title="bbox 267 1092 2230 1152; baseline 0.001 -16"><span class='ocrx_word' id='word_1_127' title='bbox 267 1093 346 1136; x_wconf 91' lang='lat' dir='ltr'>sed</span> <span class='ocrx_word' id='word_1_128' title='bbox 369 1092 516 1149; x_wconf 86' lang='lat' dir='ltr'>magis</span> <span class='ocrx_word' id='word_1_129' title='bbox 537 1106 616 1150; x_wconf 91' lang='lat' dir='ltr'>per</span> <span class='ocrx_word' id='word_1_130' title='bbox 643 1106 774 1135; x_wconf 90' lang='lat' dir='ltr'>suam</span> <span class='ocrx_word' id='word_1_131' title='bbox 800 1092 1116 1151; x_wconf 84' lang='lat' dir='ltr'>cognitionem</span> <span class='ocrx_word' id='word_1_132' title='bbox 1134 1102 1202 1136; x_wconf 91' lang='lat' dir='ltr'>est</span> <span class='ocrx_word' id='word_1_133' title='bbox 1218 1106 1356 1136; x_wconf 88' lang='lat' dir='ltr'>causa</span> <span class='ocrx_word' id='word_1_134' title='bbox 1372 1107 1539 1147; x_wconf 91' lang='lat' dir='ltr'>rerum,</span> <span class='ocrx_word' id='word_1_135' title='bbox 1557 1103 1607 1137; x_wconf 89' lang='lat' dir='ltr'>ut</span> <span class='ocrx_word' id='word_1_136' title='bbox 1622 1092 1738 1137; x_wconf 90' lang='lat' dir='ltr'>infra</span> <span class='ocrx_word' id='word_1_137' title='bbox 1755 1093 2019 1138; x_wconf 85' lang='lat' dir='ltr'>ostendetur</span> <span class='ocrx_word' id='word_1_138' title='bbox 2035 1093 2155 1152; x_wconf 86' lang='lat' dir='ltr'>(Lib.</span> <span class='ocrx_word' id='word_1_139' title='bbox 2173 1094 2230 1138; x_wconf 94' lang='lat' dir='ltr'>II.</span> 
     </span>
     <span class='ocr_line' id='line_1_15' title="bbox 267 1159 2228 1220; baseline 0.002 -18"><span class='ocrx_word' id='word_1_140' title='bbox 267 1173 305 1202; x_wconf 91' lang='lat' dir='ltr'>c.</span> <span class='ocrx_word' id='word_1_141' title='bbox 329 1159 438 1215; x_wconf 63' lang='lat'>24),</span> <span class='ocrx_word' id='word_1_142' title='bbox 465 1168 509 1202; x_wconf 92' lang='lat' dir='ltr'>et</span> <span class='ocrx_word' id='word_1_143' title='bbox 535 1159 600 1202; x_wconf 93' lang='lat' dir='ltr'>sic</span> <span class='ocrx_word' id='word_1_144' title='bbox 628 1159 724 1216; x_wconf 87' lang='lat' dir='ltr'>ejus</span> <span class='ocrx_word' id='word_1_145' title='bbox 751 1159 970 1217; x_wconf 89' lang='lat' dir='ltr'>cognitio,</span> <span class='ocrx_word' id='word_1_146' title='bbox 999 1173 1137 1217; x_wconf 89' lang='lat' dir='ltr'>quam</span> <span class='ocrx_word' id='word_1_147' title='bbox 1164 1159 1219 1203; x_wconf 92' lang='lat' dir='ltr'>de</span> <span class='ocrx_word' id='word_1_148' title='bbox 1245 1160 1379 1203; x_wconf 91' lang='lat' dir='ltr'>rebus</span> <span class='ocrx_word' id='word_1_149' title='bbox 1407 1159 1505 1203; x_wconf 89' lang='lat' dir='ltr'>aliis</span> <span class='ocrx_word' id='word_1_150' title='bbox 1525 1160 1678 1214; x_wconf 90' lang='lat' dir='ltr'>habet,</span> <span class='ocrx_word' id='word_1_151' title='bbox 1705 1170 1773 1204; x_wconf 89' lang='lat' dir='ltr'>est</span> <span class='ocrx_word' id='word_1_152' title='bbox 1798 1160 1855 1204; x_wconf 87' lang='lat' dir='ltr'>ad</span> <span class='ocrx_word' id='word_1_153' title='bbox 1880 1160 2074 1205; x_wconf 89' lang='lat' dir='ltr'>modum</span> <span class='ocrx_word' id='word_1_154' title='bbox 2101 1175 2228 1220; x_wconf 85' lang='lat' dir='ltr'>prac-</span> 
     </span>
     <span class='ocr_line' id='line_1_16' title="bbox 265 1226 2230 1286; baseline 0.001 -17"><span class='ocrx_word' id='word_1_155' title='bbox 265 1226 382 1270; x_wconf 88' lang='lat' dir='ltr'>ticae</span> <span class='ocrx_word' id='word_1_156' title='bbox 422 1226 712 1284; x_wconf 87' lang='lat' dir='ltr'>cognitionis.</span> <span class='ocrx_word' id='word_1_157' title='bbox 748 1226 956 1270; x_wconf 89' lang='lat' dir='ltr'>Practica</span> <span class='ocrx_word' id='word_1_158' title='bbox 993 1235 1147 1270; x_wconf 90' lang='lat' dir='ltr'>autem</span> <span class='ocrx_word' id='word_1_159' title='bbox 1174 1227 1378 1284; x_wconf 89' lang='lat' dir='ltr'>cognitio</span> <span class='ocrx_word' id='word_1_160' title='bbox 1410 1240 1506 1270; x_wconf 91' lang='lat' dir='ltr'>non</span> <span class='ocrx_word' id='word_1_161' title='bbox 1538 1237 1606 1270; x_wconf 90' lang='lat' dir='ltr'>est</span> <span class='ocrx_word' id='word_1_162' title='bbox 1637 1226 1851 1285; x_wconf 88' lang='lat' dir='ltr'>perfecta,</span> <span class='ocrx_word' id='word_1_163' title='bbox 1878 1227 1966 1271; x_wconf 85' lang='lat' dir='ltr'>nisi</span> <span class='ocrx_word' id='word_1_164' title='bbox 1991 1227 2048 1271; x_wconf 89' lang='lat' dir='ltr'>ad</span> <span class='ocrx_word' id='word_1_165' title='bbox 2080 1228 2230 1286; x_wconf 84' lang='lat' dir='ltr'>singu-</span> 
     </span>
     <span class='ocr_line' id='line_1_17' title="bbox 266 1292 2231 1353; baseline 0.001 -17"><span class='ocrx_word' id='word_1_166' title='bbox 266 1292 378 1336; x_wconf 87' lang='lat' dir='ltr'>laria</span> <span class='ocrx_word' id='word_1_167' title='bbox 404 1293 707 1351; x_wconf 91' lang='lat' dir='ltr'>perveniatur,</span> <span class='ocrx_word' id='word_1_168' title='bbox 733 1307 843 1337; x_wconf 90' lang='lat' dir='ltr'>nam</span> <span class='ocrx_word' id='word_1_169' title='bbox 876 1293 1104 1352; x_wconf 87' lang='lat' dir='ltr'>practicae</span> <span class='ocrx_word' id='word_1_170' title='bbox 1132 1293 1409 1352; x_wconf 90' lang='lat' dir='ltr'>cognitionis</span> <span class='ocrx_word' id='word_1_171' title='bbox 1435 1293 1538 1337; x_wconf 88' lang='lat' dir='ltr'>finis</span> <span class='ocrx_word' id='word_1_172' title='bbox 1565 1303 1633 1337; x_wconf 89' lang='lat' dir='ltr'>est</span> <span class='ocrx_word' id='word_1_173' title='bbox 1664 1294 1886 1351; x_wconf 89' lang='lat' dir='ltr'>operatio,</span> <span class='ocrx_word' id='word_1_174' title='bbox 1918 1307 2036 1353; x_wconf 89' lang='lat' dir='ltr'>quae</span> <span class='ocrx_word' id='word_1_175' title='bbox 2060 1294 2109 1338; x_wconf 90' lang='lat' dir='ltr'>in</span> <span class='ocrx_word' id='word_1_176' title='bbox 2138 1294 2231 1338; x_wconf 88' lang='lat' dir='ltr'>sin-</span> 
     </span>
     <span class='ocr_line' id='line_1_18' title="bbox 265 1359 2230 1421; baseline 0.001 -18"><span class='ocrx_word' id='word_1_177' title='bbox 265 1359 494 1419; x_wconf 88' lang='lat' dir='ltr'>gularibus</span> <span class='ocrx_word' id='word_1_178' title='bbox 521 1369 602 1404; x_wconf 91' lang='lat' dir='ltr'>est.</span> <span class='ocrx_word' id='word_1_179' title='bbox 628 1360 798 1404; x_wconf 89' lang='lat' dir='ltr'>Divina</span> <span class='ocrx_word' id='word_1_180' title='bbox 823 1361 962 1419; x_wconf 89' lang='lat' dir='ltr'>igitur</span> <span class='ocrx_word' id='word_1_181' title='bbox 988 1360 1192 1419; x_wconf 91' lang='lat' dir='ltr'>cognitio</span> <span class='ocrx_word' id='word_1_182' title='bbox 1220 1374 1358 1419; x_wconf 88' lang='lat' dir='ltr'>quam</span> <span class='ocrx_word' id='word_1_183' title='bbox 1385 1361 1440 1404; x_wconf 94' lang='lat' dir='ltr'>de</span> <span class='ocrx_word' id='word_1_184' title='bbox 1466 1359 1568 1404; x_wconf 90' lang='lat' dir='ltr'>aliis</span> <span class='ocrx_word' id='word_1_185' title='bbox 1594 1360 1728 1404; x_wconf 89' lang='lat' dir='ltr'>rebus</span> <span class='ocrx_word' id='word_1_186' title='bbox 1755 1361 1908 1415; x_wconf 85' lang='lat' dir='ltr'>habet,</span> <span class='ocrx_word' id='word_1_187' title='bbox 1934 1375 1984 1406; x_wconf 86' lang='lat' dir='ltr'>se</span> <span class='ocrx_word' id='word_1_188' title='bbox 2009 1374 2152 1421; x_wconf 84' lang='lat' dir='ltr'>usque</span> <span class='ocrx_word' id='word_1_189' title='bbox 2174 1361 2230 1405; x_wconf 88' lang='lat' dir='ltr'>ad</span> 
     </span>
     <span class='ocr_line' id='line_1_19' title="bbox 266 1426 755 1485; baseline 0.002 -15"><span class='ocrx_word' id='word_1_190' title='bbox 266 1426 514 1485; x_wconf 88' lang='lat' dir='ltr'>singularia</span> <span class='ocrx_word' id='word_1_191' title='bbox 541 1427 755 1471; x_wconf 87' lang='lat' dir='ltr'>extendit.</span> 
     </span>
    </p>

    <p class='ocr_par' dir='ltr' id='par_1_5' title="bbox 260 1493 2232 2090">
     <span class='ocr_line' id='line_1_20' title="bbox 354 1493 2231 1554; baseline 0.001 -16"><span class='ocrx_word' id='word_1_192' title='bbox 354 1494 545 1539; x_wconf 87' lang='lat' dir='ltr'>Adhuc:</span> <span class='ocrx_word' id='word_1_193' title='bbox 574 1495 775 1553; x_wconf 91' lang='lat' dir='ltr'>primum</span> <span class='ocrx_word' id='word_1_194' title='bbox 801 1493 973 1538; x_wconf 88' lang='lat' dir='ltr'>mobile</span> <span class='ocrx_word' id='word_1_195' title='bbox 1000 1503 1212 1538; x_wconf 90' lang='lat' dir='ltr'>movetur</span> <span class='ocrx_word' id='word_1_196' title='bbox 1238 1508 1264 1538; x_wconf 91' lang='lat' dir='ltr'>a</span> <span class='ocrx_word' id='word_1_197' title='bbox 1295 1504 1476 1538; x_wconf 90' lang='lat' dir='ltr'>motore</span> <span class='ocrx_word' id='word_1_198' title='bbox 1509 1504 1725 1539; x_wconf 90' lang='lat' dir='ltr'>movente</span> <span class='ocrx_word' id='word_1_199' title='bbox 1757 1508 1837 1554; x_wconf 89' lang='lat' dir='ltr'>per</span> <span class='ocrx_word' id='word_1_200' title='bbox 1867 1493 2154 1540; x_wconf 86' lang='lat' dir='ltr'>intellectum</span> <span class='ocrx_word' id='word_1_201' title='bbox 2186 1504 2231 1539; x_wconf 88' lang='lat' dir='ltr'>et</span> 
     </span>
     <span class='ocr_line' id='line_1_21' title="bbox 269 1561 2227 1621; baseline 0.001 -17"><span class='ocrx_word' id='word_1_202' title='bbox 269 1561 533 1620; x_wconf 89' lang='lat' dir='ltr'>appetitum,</span> <span class='ocrx_word' id='word_1_203' title='bbox 560 1571 609 1605; x_wconf 92' lang='lat' dir='ltr'>ut</span> <span class='ocrx_word' id='word_1_204' title='bbox 629 1576 766 1620; x_wconf 89' lang='lat' dir='ltr'>supra</span> <span class='ocrx_word' id='word_1_205' title='bbox 793 1571 1029 1606; x_wconf 88' lang='lat' dir='ltr'>ostensum</span> <span class='ocrx_word' id='word_1_206' title='bbox 1052 1571 1119 1605; x_wconf 91' lang='lat' dir='ltr'>est</span> <span class='ocrx_word' id='word_1_207' title='bbox 1141 1563 1201 1619; x_wconf 88' lang='lat' dir='ltr'>(c.</span> <span class='ocrx_word' id='word_1_208' title='bbox 1234 1562 1353 1618; x_wconf 82' lang='lat'>44.);</span> <span class='ocrx_word' id='word_1_209' title='bbox 1380 1576 1475 1606; x_wconf 90' lang='lat' dir='ltr'>non</span> <span class='ocrx_word' id='word_1_210' title='bbox 1505 1571 1657 1607; x_wconf 88' lang='lat' dir='ltr'>autem</span> <span class='ocrx_word' id='word_1_211' title='bbox 1688 1571 1843 1621; x_wconf 90' lang='lat' dir='ltr'>posset</span> <span class='ocrx_word' id='word_1_212' title='bbox 1876 1572 2033 1606; x_wconf 85' lang='lat' dir='ltr'>motor</span> <span class='ocrx_word' id='word_1_213' title='bbox 2065 1561 2227 1621; x_wconf 88' lang='lat' dir='ltr'>aliquis</span> 
     </span>
     <span class='ocr_line' id='line_1_22' title="bbox 266 1628 2229 1688; baseline 0.001 -17"><span class='ocrx_word' id='word_1_214' title='bbox 266 1643 345 1687; x_wconf 91' lang='lat' dir='ltr'>per</span> <span class='ocrx_word' id='word_1_215' title='bbox 370 1628 653 1673; x_wconf 88' lang='lat' dir='ltr'>intellectum</span> <span class='ocrx_word' id='word_1_216' title='bbox 681 1642 868 1672; x_wconf 89' lang='lat' dir='ltr'>causare</span> <span class='ocrx_word' id='word_1_217' title='bbox 894 1639 1090 1682; x_wconf 84' lang='lat' dir='ltr'>motum,</span> <span class='ocrx_word' id='word_1_218' title='bbox 1122 1629 1210 1672; x_wconf 91' lang='lat' dir='ltr'>nisi</span> <span class='ocrx_word' id='word_1_219' title='bbox 1242 1639 1545 1686; x_wconf 90' lang='lat' dir='ltr'>cognosceret</span> <span class='ocrx_word' id='word_1_220' title='bbox 1571 1628 1741 1672; x_wconf 92' lang='lat' dir='ltr'>mobile</span> <span class='ocrx_word' id='word_1_221' title='bbox 1757 1629 1805 1672; x_wconf 93' lang='lat' dir='ltr'>in</span> <span class='ocrx_word' id='word_1_222' title='bbox 1832 1639 2054 1688; x_wconf 87' lang='lat' dir='ltr'>quantum</span> <span class='ocrx_word' id='word_1_223' title='bbox 2069 1638 2229 1673; x_wconf 85' lang='lat' dir='ltr'>natum</span> 
     </span>
     <span class='ocr_line' id='line_1_23' title="bbox 267 1691 2231 1755; baseline -0.001 -15"><span class='ocrx_word' id='word_1_224' title='bbox 267 1705 334 1740; x_wconf 90' lang='lat' dir='ltr'>est</span> <span class='ocrx_word' id='word_1_225' title='bbox 360 1697 538 1740; x_wconf 86' lang='lat' dir='ltr'>moveri</span> <span class='ocrx_word' id='word_1_226' title='bbox 569 1696 821 1740; x_wconf 90' lang='lat' dir='ltr'>secundum</span> <span class='ocrx_word' id='word_1_227' title='bbox 839 1695 1019 1740; x_wconf 87' lang='lat' dir='ltr'>locum:</span> <span class='ocrx_word' id='word_1_228' title='bbox 1057 1691 1148 1740; x_wconf 86' lang='lat' dir='ltr'>hoc</span> <span class='ocrx_word' id='word_1_229' title='bbox 1168 1695 1267 1749; x_wconf 85' lang='lat' dir='ltr'>est,</span> <span class='ocrx_word' id='word_1_230' title='bbox 1292 1696 1340 1739; x_wconf 90' lang='lat' dir='ltr'>in</span> <span class='ocrx_word' id='word_1_231' title='bbox 1376 1706 1597 1754; x_wconf 89' lang='lat' dir='ltr'>quantum</span> <span class='ocrx_word' id='word_1_232' title='bbox 1635 1706 1703 1740; x_wconf 90' lang='lat' dir='ltr'>est</span> <span class='ocrx_word' id='word_1_233' title='bbox 1737 1696 1812 1740; x_wconf 90' lang='lat' dir='ltr'>hic</span> <span class='ocrx_word' id='word_1_234' title='bbox 1841 1706 1885 1740; x_wconf 89' lang='lat' dir='ltr'>et</span> <span class='ocrx_word' id='word_1_235' title='bbox 1916 1709 2053 1750; x_wconf 89' lang='lat' dir='ltr'>nunc,</span> <span class='ocrx_word' id='word_1_236' title='bbox 2080 1706 2124 1741; x_wconf 89' lang='lat' dir='ltr'>et</span> <span class='ocrx_word' id='word_1_237' title='bbox 2150 1709 2231 1755; x_wconf 89' lang='lat' dir='ltr'>per</span> 
     </span>
     <span class='ocr_line' id='line_1_24' title="bbox 267 1762 2232 1823; baseline -0.001 -16"><span class='ocrx_word' id='word_1_238' title='bbox 267 1777 551 1823; x_wconf 89' lang='lat' dir='ltr'>consequens</span> <span class='ocrx_word' id='word_1_239' title='bbox 578 1764 626 1807; x_wconf 90' lang='lat' dir='ltr'>in</span> <span class='ocrx_word' id='word_1_240' title='bbox 659 1774 880 1822; x_wconf 89' lang='lat' dir='ltr'>quantum</span> <span class='ocrx_word' id='word_1_241' title='bbox 903 1774 971 1808; x_wconf 91' lang='lat' dir='ltr'>est</span> <span class='ocrx_word' id='word_1_242' title='bbox 996 1763 1240 1822; x_wconf 85' lang='lat' dir='ltr'>singulare.</span> <span class='ocrx_word' id='word_1_243' title='bbox 1273 1762 1535 1807; x_wconf 89' lang='lat' dir='ltr'>Intellectus</span> <span class='ocrx_word' id='word_1_244' title='bbox 1557 1764 1705 1821; x_wconf 90' lang='lat' dir='ltr'>igitur,</span> <span class='ocrx_word' id='word_1_245' title='bbox 1729 1763 1807 1821; x_wconf 90' lang='lat' dir='ltr'>qui</span> <span class='ocrx_word' id='word_1_246' title='bbox 1832 1771 1899 1807; x_wconf 85' lang='lat' dir='ltr'>est</span> <span class='ocrx_word' id='word_1_247' title='bbox 1921 1772 2076 1807; x_wconf 87' lang='lat' dir='ltr'>motor</span> <span class='ocrx_word' id='word_1_248' title='bbox 2095 1763 2232 1821; x_wconf 86' lang='lat' dir='ltr'>primi</span> 
     </span>
     <span class='ocr_line' id='line_1_25' title="bbox 264 1827 2230 1890; baseline -0.001 -16"><span class='ocrx_word' id='word_1_249' title='bbox 264 1830 462 1884; x_wconf 89' lang='lat' dir='ltr'>mobilis,</span> <span class='ocrx_word' id='word_1_250' title='bbox 501 1833 741 1890; x_wconf 89' lang='lat' dir='ltr'>cognoscit</span> <span class='ocrx_word' id='word_1_251' title='bbox 773 1831 972 1889; x_wconf 85' lang='lat' dir='ltr'>primum</span> <span class='ocrx_word' id='word_1_252' title='bbox 1014 1830 1185 1874; x_wconf 91' lang='lat' dir='ltr'>mobile</span> <span class='ocrx_word' id='word_1_253' title='bbox 1211 1831 1258 1873; x_wconf 89' lang='lat' dir='ltr'>in</span> <span class='ocrx_word' id='word_1_254' title='bbox 1296 1840 1516 1889; x_wconf 89' lang='lat' dir='ltr'>quantum</span> <span class='ocrx_word' id='word_1_255' title='bbox 1554 1840 1622 1874; x_wconf 92' lang='lat' dir='ltr'>est</span> <span class='ocrx_word' id='word_1_256' title='bbox 1658 1829 1912 1888; x_wconf 79' lang='lat' dir='ltr'>singulare3</span> <span class='ocrx_word' id='word_1_257' title='bbox 1939 1827 2230 1889; x_wconf 88' lang='lat' dir='ltr'>quiquidem</span> 
     </span>
     <span class='ocr_line' id='line_1_26' title="bbox 264 1895 2230 1956; baseline 0 -16"><span class='ocrx_word' id='word_1_258' title='bbox 264 1906 419 1941; x_wconf 90' lang='lat' dir='ltr'>motor</span> <span class='ocrx_word' id='word_1_259' title='bbox 438 1897 513 1941; x_wconf 91' lang='lat' dir='ltr'>vel</span> <span class='ocrx_word' id='word_1_260' title='bbox 534 1900 716 1956; x_wconf 90' lang='lat' dir='ltr'>ponitur</span> <span class='ocrx_word' id='word_1_261' title='bbox 737 1898 877 1952; x_wconf 88' lang='lat' dir='ltr'>Deus,</span> <span class='ocrx_word' id='word_1_262' title='bbox 899 1907 943 1941; x_wconf 91' lang='lat' dir='ltr'>et</span> <span class='ocrx_word' id='word_1_263' title='bbox 968 1898 1032 1941; x_wconf 89' lang='lat' dir='ltr'>sic</span> <span class='ocrx_word' id='word_1_264' title='bbox 1054 1897 1247 1941; x_wconf 89' lang='lat' dir='ltr'>habetur</span> <span class='ocrx_word' id='word_1_265' title='bbox 1269 1897 1571 1956; x_wconf 90' lang='lat' dir='ltr'>propositum,</span> <span class='ocrx_word' id='word_1_266' title='bbox 1597 1896 1672 1940; x_wconf 89' lang='lat' dir='ltr'>vel</span> <span class='ocrx_word' id='word_1_267' title='bbox 1695 1896 1864 1956; x_wconf 89' lang='lat' dir='ltr'>aliquid</span> <span class='ocrx_word' id='word_1_268' title='bbox 1890 1896 2014 1955; x_wconf 92' lang='lat' dir='ltr'>quod</span> <span class='ocrx_word' id='word_1_269' title='bbox 2031 1906 2099 1941; x_wconf 88' lang='lat' dir='ltr'>est</span> <span class='ocrx_word' id='word_1_270' title='bbox 2113 1895 2230 1941; x_wconf 86' lang='lat' dir='ltr'>infra</span> 
     </span>
     <span class='ocr_line' id='line_1_27' title="bbox 262 1962 2230 2024; baseline 0 -17"><span class='ocrx_word' id='word_1_271' title='bbox 262 1964 429 2018; x_wconf 90' lang='lat' dir='ltr'>Deum,</span> <span class='ocrx_word' id='word_1_272' title='bbox 453 1966 580 2023; x_wconf 88' lang='lat' dir='ltr'>cujus</span> <span class='ocrx_word' id='word_1_273' title='bbox 606 1964 863 2009; x_wconf 87' lang='lat' dir='ltr'>intellectus</span> <span class='ocrx_word' id='word_1_274' title='bbox 896 1964 935 2008; x_wconf 89' lang='lat' dir='ltr'>si</span> <span class='ocrx_word' id='word_1_275' title='bbox 961 1973 1112 2024; x_wconf 88' lang='lat' dir='ltr'>potest</span> <span class='ocrx_word' id='word_1_276' title='bbox 1138 1978 1421 2023; x_wconf 89' lang='lat' dir='ltr'>cognoscere</span> <span class='ocrx_word' id='word_1_277' title='bbox 1455 1963 1684 2022; x_wconf 89' lang='lat' dir='ltr'>singulare</span> <span class='ocrx_word' id='word_1_278' title='bbox 1711 1977 1793 2008; x_wconf 89' lang='lat' dir='ltr'>sua</span> <span class='ocrx_word' id='word_1_279' title='bbox 1814 1963 1994 2017; x_wconf 87' lang='lat' dir='ltr'>virtute,</span> <span class='ocrx_word' id='word_1_280' title='bbox 2017 1962 2141 2022; x_wconf 90' lang='lat' dir='ltr'>quod</span> <span class='ocrx_word' id='word_1_281' title='bbox 2165 1963 2230 2007; x_wconf 89' lang='lat' dir='ltr'>in·</span> 
     </span>
     <span class='ocr_line' id='line_1_28' title="bbox 260 2030 2050 2090; baseline 0 -16"><span class='ocrx_word' id='word_1_282' title='bbox 260 2030 468 2075; x_wconf 89' lang='lat' dir='ltr'>tellectus</span> <span class='ocrx_word' id='word_1_283' title='bbox 493 2042 648 2076; x_wconf 90' lang='lat' dir='ltr'>noster</span> <span class='ocrx_word' id='word_1_284' title='bbox 672 2046 766 2076; x_wconf 89' lang='lat' dir='ltr'>non</span> <span class='ocrx_word' id='word_1_285' title='bbox 799 2041 962 2090; x_wconf 92' lang='lat' dir='ltr'>potest,</span> <span class='ocrx_word' id='word_1_286' title='bbox 996 2030 1142 2075; x_wconf 90' lang='lat' dir='ltr'>multo</span> <span class='ocrx_word' id='word_1_287' title='bbox 1175 2031 1323 2090; x_wconf 89' lang='lat' dir='ltr'>magis</span> <span class='ocrx_word' id='word_1_288' title='bbox 1347 2031 1437 2075; x_wconf 92' lang='lat' dir='ltr'>hoc</span> <span class='ocrx_word' id='word_1_289' title='bbox 1464 2031 1633 2089; x_wconf 91' lang='lat' dir='ltr'>poterit</span> <span class='ocrx_word' id='word_1_290' title='bbox 1663 2030 1923 2075; x_wconf 86' lang='lat' dir='ltr'>intellectus</span> <span class='ocrx_word' id='word_1_291' title='bbox 1948 2030 2050 2074; x_wconf 86' lang='lat' dir='ltr'>Dei.</span> 
     </span>
    </p>

    <p class='ocr_par' dir='ltr' id='par_1_6' title="bbox 258 2097 2268 3422">
     <span class='ocr_line' id='line_1_29' title="bbox 350 2097 2229 2158; baseline -0.001 -16"><span class='ocrx_word' id='word_1_292' title='bbox 350 2099 487 2142; x_wconf 87' lang='lat' dir='ltr'>Item:</span> <span class='ocrx_word' id='word_1_293' title='bbox 517 2113 656 2158; x_wconf 86' lang='lat' dir='ltr'>agens</span> <span class='ocrx_word' id='word_1_294' title='bbox 682 2099 998 2143; x_wconf 90' lang='lat' dir='ltr'>honorabilius</span> <span class='ocrx_word' id='word_1_295' title='bbox 1018 2109 1085 2143; x_wconf 91' lang='lat' dir='ltr'>est</span> <span class='ocrx_word' id='word_1_296' title='bbox 1103 2099 1302 2158; x_wconf 90' lang='lat' dir='ltr'>patiente</span> <span class='ocrx_word' id='word_1_297' title='bbox 1322 2108 1366 2142; x_wconf 86' lang='lat' dir='ltr'>et</span> <span class='ocrx_word' id='word_1_298' title='bbox 1391 2109 1510 2152; x_wconf 88' lang='lat' dir='ltr'>acto,</span> <span class='ocrx_word' id='word_1_299' title='bbox 1528 2098 1644 2142; x_wconf 90' lang='lat' dir='ltr'>sicut</span> <span class='ocrx_word' id='word_1_300' title='bbox 1671 2107 1798 2142; x_wconf 89' lang='lat' dir='ltr'>actus</span> <span class='ocrx_word' id='word_1_301' title='bbox 1823 2097 2043 2156; x_wconf 87' lang='lat' dir='ltr'>potentia.</span> <span class='ocrx_word' id='word_1_302' title='bbox 2060 2097 2229 2141; x_wconf 86' lang='lat' dir='ltr'>Forma</span> 
     </span>
     <span class='ocr_line' id='line_1_30' title="bbox 261 2164 2231 2225; baseline 0 -17"><span class='ocrx_word' id='word_1_303' title='bbox 261 2165 399 2224; x_wconf 89' lang='lat' dir='ltr'>igitur</span> <span class='ocrx_word' id='word_1_304' title='bbox 425 2180 541 2224; x_wconf 91' lang='lat' dir='ltr'>quae</span> <span class='ocrx_word' id='word_1_305' title='bbox 569 2176 637 2210; x_wconf 92' lang='lat' dir='ltr'>est</span> <span class='ocrx_word' id='word_1_306' title='bbox 662 2165 886 2211; x_wconf 88' lang='lat' dir='ltr'>inferioris</span> <span class='ocrx_word' id='word_1_307' title='bbox 913 2166 1079 2224; x_wconf 89' lang='lat' dir='ltr'>gradus</span> <span class='ocrx_word' id='word_1_308' title='bbox 1111 2180 1206 2210; x_wconf 90' lang='lat' dir='ltr'>non</span> <span class='ocrx_word' id='word_1_309' title='bbox 1232 2176 1382 2225; x_wconf 90' lang='lat' dir='ltr'>potest</span> <span class='ocrx_word' id='word_1_310' title='bbox 1409 2165 1588 2224; x_wconf 91' lang='lat' dir='ltr'>agendo</span> <span class='ocrx_word' id='word_1_311' title='bbox 1626 2165 1881 2223; x_wconf 89' lang='lat' dir='ltr'>producere</span> <span class='ocrx_word' id='word_1_312' title='bbox 1917 2179 2050 2209; x_wconf 89' lang='lat' dir='ltr'>suam</span> <span class='ocrx_word' id='word_1_313' title='bbox 2074 2164 2231 2208; x_wconf 87' lang='lat' dir='ltr'>simili-</span> 
     </span>
     <span class='ocr_line' id='line_1_31' title="bbox 263 2231 2229 2292; baseline 0.001 -17"><span class='ocrx_word' id='word_1_314' title='bbox 263 2232 470 2277; x_wconf 91' lang='lat' dir='ltr'>tudinem</span> <span class='ocrx_word' id='word_1_315' title='bbox 502 2233 549 2276; x_wconf 93' lang='lat' dir='ltr'>in</span> <span class='ocrx_word' id='word_1_316' title='bbox 577 2233 770 2292; x_wconf 86' lang='lat' dir='ltr'>gradum</span> <span class='ocrx_word' id='word_1_317' title='bbox 797 2233 1033 2288; x_wconf 83' lang='lat' dir='ltr'>altiorem3</span> <span class='ocrx_word' id='word_1_318' title='bbox 1061 2233 1140 2277; x_wconf 92' lang='lat' dir='ltr'>sed</span> <span class='ocrx_word' id='word_1_319' title='bbox 1165 2232 1316 2276; x_wconf 89' lang='lat' dir='ltr'>forma</span> <span class='ocrx_word' id='word_1_320' title='bbox 1349 2233 1554 2291; x_wconf 88' lang='lat' dir='ltr'>superior</span> <span class='ocrx_word' id='word_1_321' title='bbox 1583 2232 1751 2291; x_wconf 91' lang='lat' dir='ltr'>poterit</span> <span class='ocrx_word' id='word_1_322' title='bbox 1771 2232 2023 2291; x_wconf 87' lang='lat' dir='ltr'>producere</span> <span class='ocrx_word' id='word_1_323' title='bbox 2048 2231 2229 2290; x_wconf 87' lang='lat' dir='ltr'>agendo</span> 
     </span>
     <span class='ocr_line' id='line_1_32' title="bbox 263 2298 2230 2359; baseline 0 -17"><span class='ocrx_word' id='word_1_324' title='bbox 263 2313 395 2343; x_wconf 90' lang='lat' dir='ltr'>suam</span> <span class='ocrx_word' id='word_1_325' title='bbox 421 2300 769 2344; x_wconf 90' lang='lat' dir='ltr'>similitudinem</span> <span class='ocrx_word' id='word_1_326' title='bbox 795 2301 842 2343; x_wconf 92' lang='lat' dir='ltr'>in</span> <span class='ocrx_word' id='word_1_327' title='bbox 869 2301 1062 2359; x_wconf 90' lang='lat' dir='ltr'>gradum</span> <span class='ocrx_word' id='word_1_328' title='bbox 1099 2299 1376 2353; x_wconf 91' lang='lat' dir='ltr'>inferiorem,</span> <span class='ocrx_word' id='word_1_329' title='bbox 1415 2300 1532 2344; x_wconf 90' lang='lat' dir='ltr'>sicut</span> <span class='ocrx_word' id='word_1_330' title='bbox 1564 2314 1619 2343; x_wconf 84' lang='lat' dir='ltr'>ex</span> <span class='ocrx_word' id='word_1_331' title='bbox 1649 2299 1887 2343; x_wconf 90' lang='lat' dir='ltr'>virtutibus</span> <span class='ocrx_word' id='word_1_332' title='bbox 1918 2298 2230 2358; x_wconf 85' lang='lat' dir='ltr'>incorruptibi-</span> 
     </span>
     <span class='ocr_line' id='line_1_33' title="bbox 262 2365 2229 2426; baseline 0.001 -17"><span class='ocrx_word' id='word_1_333' title='bbox 262 2365 378 2410; x_wconf 88' lang='lat' dir='ltr'>libus</span> <span class='ocrx_word' id='word_1_334' title='bbox 400 2367 631 2411; x_wconf 90' lang='lat' dir='ltr'>stellarum</span> <span class='ocrx_word' id='word_1_335' title='bbox 661 2368 973 2426; x_wconf 87' lang='lat' dir='ltr'>producuntur</span> <span class='ocrx_word' id='word_1_336' title='bbox 998 2367 1177 2411; x_wconf 89' lang='lat' dir='ltr'>formae</span> <span class='ocrx_word' id='word_1_337' title='bbox 1205 2366 1518 2426; x_wconf 89' lang='lat' dir='ltr'>corruptibiles</span> <span class='ocrx_word' id='word_1_338' title='bbox 1544 2367 1590 2409; x_wconf 89' lang='lat' dir='ltr'>in</span> <span class='ocrx_word' id='word_1_339' title='bbox 1623 2366 1720 2410; x_wconf 91' lang='lat' dir='ltr'>istis</span> <span class='ocrx_word' id='word_1_340' title='bbox 1747 2366 2052 2411; x_wconf 85' lang='lat' dir='ltr'>inferioribus.</span> <span class='ocrx_word' id='word_1_341' title='bbox 2072 2365 2229 2411; x_wconf 85' lang='lat' dir='ltr'>Virtus</span> 
     </span>
     <span class='ocr_line' id='line_1_34' title="bbox 264 2433 2228 2494; baseline 0 -17"><span class='ocrx_word' id='word_1_342' title='bbox 264 2443 417 2477; x_wconf 88' lang='lat' dir='ltr'>autem</span> <span class='ocrx_word' id='word_1_343' title='bbox 450 2434 754 2494; x_wconf 90' lang='lat' dir='ltr'>corruptibilis</span> <span class='ocrx_word' id='word_1_344' title='bbox 785 2449 879 2478; x_wconf 91' lang='lat' dir='ltr'>non</span> <span class='ocrx_word' id='word_1_345' title='bbox 907 2444 1058 2493; x_wconf 91' lang='lat' dir='ltr'>potest</span> <span class='ocrx_word' id='word_1_346' title='bbox 1083 2434 1336 2493; x_wconf 89' lang='lat' dir='ltr'>producere</span> <span class='ocrx_word' id='word_1_347' title='bbox 1362 2434 1562 2478; x_wconf 90' lang='lat' dir='ltr'>formam</span> <span class='ocrx_word' id='word_1_348' title='bbox 1579 2433 1987 2492; x_wconf 87' lang='lat' dir='ltr'>incorruptibilem.</span> <span class='ocrx_word' id='word_1_349' title='bbox 2006 2433 2228 2492; x_wconf 70' lang='lat' dir='ltr'>Cognitio</span> 
     </span>
     <span class='ocr_line' id='line_1_35' title="bbox 264 2501 2227 2560; baseline 0 -16"><span class='ocrx_word' id='word_1_350' title='bbox 264 2511 417 2545; x_wconf 88' lang='lat' dir='ltr'>autem</span> <span class='ocrx_word' id='word_1_351' title='bbox 451 2503 601 2546; x_wconf 90' lang='lat' dir='ltr'>omnis</span> <span class='ocrx_word' id='word_1_352' title='bbox 629 2501 678 2546; x_wconf 91' lang='lat' dir='ltr'>fit</span> <span class='ocrx_word' id='word_1_353' title='bbox 708 2516 787 2560; x_wconf 92' lang='lat' dir='ltr'>per</span> <span class='ocrx_word' id='word_1_354' title='bbox 821 2501 1197 2546; x_wconf 86' lang='lat' dir='ltr'>assimilationem</span> <span class='ocrx_word' id='word_1_355' title='bbox 1223 2502 1544 2560; x_wconf 91' lang='lat' dir='ltr'>cognoscentis</span> <span class='ocrx_word' id='word_1_356' title='bbox 1572 2511 1615 2545; x_wconf 88' lang='lat' dir='ltr'>et</span> <span class='ocrx_word' id='word_1_357' title='bbox 1641 2501 1836 2560; x_wconf 83' lang='lat' dir='ltr'>cogniti3</span> <span class='ocrx_word' id='word_1_358' title='bbox 1877 2501 1924 2544; x_wconf 91' lang='lat' dir='ltr'>in</span> <span class='ocrx_word' id='word_1_359' title='bbox 1949 2501 2042 2545; x_wconf 91' lang='lat' dir='ltr'>hoc</span> <span class='ocrx_word' id='word_1_360' title='bbox 2072 2509 2227 2546; x_wconf 85' lang='lat' dir='ltr'>tamen</span> 
     </span>
     <span class='ocr_line' id='line_1_36' title="bbox 263 2567 2227 2627; baseline 0 -16"><span class='ocrx_word' id='word_1_361' title='bbox 263 2567 488 2623; x_wconf 86' lang='lat' dir='ltr'>differunt,</span> <span class='ocrx_word' id='word_1_362' title='bbox 526 2569 648 2627; x_wconf 91' lang='lat' dir='ltr'>quod</span> <span class='ocrx_word' id='word_1_363' title='bbox 684 2569 950 2613; x_wconf 86' lang='lat' dir='ltr'>assimilatio</span> <span class='ocrx_word' id='word_1_364' title='bbox 978 2570 1024 2612; x_wconf 92' lang='lat' dir='ltr'>in</span> <span class='ocrx_word' id='word_1_365' title='bbox 1062 2569 1326 2627; x_wconf 89' lang='lat' dir='ltr'>cognitione</span> <span class='ocrx_word' id='word_1_366' title='bbox 1362 2569 1566 2612; x_wconf 89' lang='lat' dir='ltr'>humana</span> <span class='ocrx_word' id='word_1_367' title='bbox 1602 2567 1652 2611; x_wconf 90' lang='lat' dir='ltr'>fit</span> <span class='ocrx_word' id='word_1_368' title='bbox 1693 2582 1772 2626; x_wconf 91' lang='lat' dir='ltr'>per</span> <span class='ocrx_word' id='word_1_369' title='bbox 1813 2567 2045 2612; x_wconf 89' lang='lat' dir='ltr'>actionem</span> <span class='ocrx_word' id='word_1_370' title='bbox 2074 2581 2227 2612; x_wconf 86' lang='lat' dir='ltr'>rerum</span> 
     </span>
     <span class='ocr_line' id='line_1_37' title="bbox 262 2629 2227 2694; baseline 0.001 -16"><span class='ocrx_word' id='word_1_371' title='bbox 262 2635 544 2679; x_wconf 90' lang='lat' dir='ltr'>sensibilium</span> <span class='ocrx_word' id='word_1_372' title='bbox 571 2636 618 2679; x_wconf 92' lang='lat' dir='ltr'>in</span> <span class='ocrx_word' id='word_1_373' title='bbox 644 2636 763 2679; x_wconf 89' lang='lat' dir='ltr'>vires</span> <span class='ocrx_word' id='word_1_374' title='bbox 791 2636 1126 2694; x_wconf 86' lang='lat' dir='ltr'>cognoscitivas</span> <span class='ocrx_word' id='word_1_375' title='bbox 1159 2636 1409 2690; x_wconf 88' lang='lat' dir='ltr'>humanas;</span> <span class='ocrx_word' id='word_1_376' title='bbox 1436 2636 1483 2679; x_wconf 91' lang='lat' dir='ltr'>in</span> <span class='ocrx_word' id='word_1_377' title='bbox 1511 2635 1775 2694; x_wconf 87' lang='lat' dir='ltr'>cognitione</span> <span class='ocrx_word' id='word_1_378' title='bbox 1809 2645 1962 2679; x_wconf 91' lang='lat' dir='ltr'>autem</span> <span class='ocrx_word' id='word_1_379' title='bbox 1993 2634 2084 2680; x_wconf 89' lang='lat' dir='ltr'>Dei</span> <span class='ocrx_word' id='word_1_380' title='bbox 2115 2629 2227 2679; x_wconf 84' lang='lat' dir='ltr'>este</span> 
     </span>
     <span class='ocr_line' id='line_1_38' title="bbox 262 2701 2228 2761; baseline 0 -16"><span class='ocrx_word' id='word_1_381' title='bbox 262 2716 503 2758; x_wconf 87' lang='lat' dir='ltr'>converso,</span> <span class='ocrx_word' id='word_1_382' title='bbox 521 2717 601 2761; x_wconf 90' lang='lat' dir='ltr'>per</span> <span class='ocrx_word' id='word_1_383' title='bbox 619 2703 849 2747; x_wconf 88' lang='lat' dir='ltr'>actionem</span> <span class='ocrx_word' id='word_1_384' title='bbox 871 2702 1046 2747; x_wconf 90' lang='lat' dir='ltr'>formae</span> <span class='ocrx_word' id='word_1_385' title='bbox 1073 2702 1332 2747; x_wconf 87' lang='lat' dir='ltr'>intellectus</span> <span class='ocrx_word' id='word_1_386' title='bbox 1354 2703 1494 2746; x_wconf 88' lang='lat' dir='ltr'>divini</span> <span class='ocrx_word' id='word_1_387' title='bbox 1510 2703 1557 2746; x_wconf 92' lang='lat' dir='ltr'>in</span> <span class='ocrx_word' id='word_1_388' title='bbox 1574 2716 1645 2746; x_wconf 91' lang='lat' dir='ltr'>res</span> <span class='ocrx_word' id='word_1_389' title='bbox 1665 2702 1885 2761; x_wconf 89' lang='lat' dir='ltr'>cognitas.</span> <span class='ocrx_word' id='word_1_390' title='bbox 1902 2701 2071 2746; x_wconf 86' lang='lat' dir='ltr'>Forma</span> <span class='ocrx_word' id='word_1_391' title='bbox 2090 2701 2228 2760; x_wconf 84' lang='lat' dir='ltr'>igitur</span> 
     </span>
     <span class='ocr_line' id='line_1_39' title="bbox 265 2768 2227 2829; baseline 0 -16"><span class='ocrx_word' id='word_1_392' title='bbox 265 2770 331 2813; x_wconf 91' lang='lat' dir='ltr'>rei</span> <span class='ocrx_word' id='word_1_393' title='bbox 356 2770 581 2814; x_wconf 90' lang='lat' dir='ltr'>sensibilis</span> <span class='ocrx_word' id='word_1_394' title='bbox 606 2785 711 2814; x_wconf 91' lang='lat' dir='ltr'>cum</span> <span class='ocrx_word' id='word_1_395' title='bbox 729 2771 786 2815; x_wconf 92' lang='lat' dir='ltr'>sit</span> <span class='ocrx_word' id='word_1_396' title='bbox 802 2785 882 2829; x_wconf 91' lang='lat' dir='ltr'>per</span> <span class='ocrx_word' id='word_1_397' title='bbox 899 2785 1030 2814; x_wconf 89' lang='lat' dir='ltr'>suam</span> <span class='ocrx_word' id='word_1_398' title='bbox 1048 2771 1419 2814; x_wconf 87' lang='lat' dir='ltr'>materialitatem</span> <span class='ocrx_word' id='word_1_399' title='bbox 1445 2770 1740 2823; x_wconf 65' lang='lat' dir='ltr'>individuam,</span> <span class='ocrx_word' id='word_1_400' title='bbox 1768 2784 1877 2813; x_wconf 87' lang='lat' dir='ltr'>suae</span> <span class='ocrx_word' id='word_1_401' title='bbox 1903 2768 2227 2828; x_wconf 84' lang='lat' dir='ltr'>singularitatis</span> 
     </span>
     <span class='ocr_line' id='line_1_40' title="bbox 267 2835 2226 2897; baseline -0.001 -16"><span class='ocrx_word' id='word_1_402' title='bbox 267 2838 611 2882; x_wconf 89' lang='lat' dir='ltr'>similitudinem</span> <span class='ocrx_word' id='word_1_403' title='bbox 644 2839 897 2897; x_wconf 91' lang='lat' dir='ltr'>producere</span> <span class='ocrx_word' id='word_1_404' title='bbox 928 2853 1022 2882; x_wconf 90' lang='lat' dir='ltr'>non</span> <span class='ocrx_word' id='word_1_405' title='bbox 1049 2848 1215 2896; x_wconf 88' lang='lat' dir='ltr'>potest,</span> <span class='ocrx_word' id='word_1_406' title='bbox 1241 2839 1287 2881; x_wconf 90' lang='lat' dir='ltr'>in</span> <span class='ocrx_word' id='word_1_407' title='bbox 1313 2839 1404 2882; x_wconf 92' lang='lat' dir='ltr'>hoc</span> <span class='ocrx_word' id='word_1_408' title='bbox 1433 2837 1555 2896; x_wconf 91' lang='lat' dir='ltr'>quod</span> <span class='ocrx_word' id='word_1_409' title='bbox 1582 2838 1639 2882; x_wconf 88' lang='lat' dir='ltr'>sit</span> <span class='ocrx_word' id='word_1_410' title='bbox 1675 2837 1865 2881; x_wconf 91' lang='lat' dir='ltr'>omnino</span> <span class='ocrx_word' id='word_1_411' title='bbox 1897 2835 2226 2890; x_wconf 82' lang='lat' dir='ltr'>immaterialis,</span> 
     </span>
     <span class='ocr_line' id='line_1_41' title="bbox 264 2902 2226 2965; baseline -0.002 -15"><span class='ocrx_word' id='word_1_412' title='bbox 264 2906 340 2950; x_wconf 88' lang='lat' dir='ltr'>sed</span> <span class='ocrx_word' id='word_1_413' title='bbox 368 2905 520 2950; x_wconf 91' lang='lat' dir='ltr'>solum</span> <span class='ocrx_word' id='word_1_414' title='bbox 546 2920 690 2965; x_wconf 89' lang='lat' dir='ltr'>usque</span> <span class='ocrx_word' id='word_1_415' title='bbox 725 2905 780 2949; x_wconf 90' lang='lat' dir='ltr'>ad</span> <span class='ocrx_word' id='word_1_416' title='bbox 806 2906 924 2949; x_wconf 81' lang='lat' dir='ltr'>vires</span> <span class='ocrx_word' id='word_1_417' title='bbox 951 2919 1066 2964; x_wconf 89' lang='lat' dir='ltr'>quae</span> <span class='ocrx_word' id='word_1_418' title='bbox 1087 2905 1271 2962; x_wconf 86' lang='lat' dir='ltr'>organis</span> <span class='ocrx_word' id='word_1_419' title='bbox 1294 2904 1602 2949; x_wconf 86' lang='lat' dir='ltr'>materialibus</span> <span class='ocrx_word' id='word_1_420' title='bbox 1629 2914 1835 2948; x_wconf 90' lang='lat' dir='ltr'>utuntur:</span> <span class='ocrx_word' id='word_1_421' title='bbox 1865 2903 1920 2947; x_wconf 88' lang='lat' dir='ltr'>ad</span> <span class='ocrx_word' id='word_1_422' title='bbox 1941 2902 2226 2948; x_wconf 83' lang='lat' dir='ltr'>intellectum</span> 
     </span>
     <span class='ocr_line' id='line_1_42' title="bbox 266 2972 2227 3035; baseline -0.002 -18"><span class='ocrx_word' id='word_1_423' title='bbox 266 2983 418 3017; x_wconf 88' lang='lat' dir='ltr'>autem</span> <span class='ocrx_word' id='word_1_424' title='bbox 435 2973 701 3032; x_wconf 89' lang='lat' dir='ltr'>producitur</span> <span class='ocrx_word' id='word_1_425' title='bbox 716 2987 796 3031; x_wconf 91' lang='lat' dir='ltr'>per</span> <span class='ocrx_word' id='word_1_426' title='bbox 821 2973 1035 3016; x_wconf 90' lang='lat' dir='ltr'>virtutem</span> <span class='ocrx_word' id='word_1_427' title='bbox 1061 2972 1317 3016; x_wconf 89' lang='lat' dir='ltr'>intellectus</span> <span class='ocrx_word' id='word_1_428' title='bbox 1341 2972 1515 3030; x_wconf 88' lang='lat' dir='ltr'>agentis</span> <span class='ocrx_word' id='word_1_429' title='bbox 1542 2972 1588 3015; x_wconf 91' lang='lat' dir='ltr'>in</span> <span class='ocrx_word' id='word_1_430' title='bbox 1607 2981 1828 3030; x_wconf 89' lang='lat' dir='ltr'>quantum</span> <span class='ocrx_word' id='word_1_431' title='bbox 1855 2972 2047 3035; x_wconf 73' lang='lat' dir='ltr'>omnino</span> <span class='ocrx_word' id='word_1_432' title='bbox 2071 2983 2096 3014; x_wconf 88' lang='lat' dir='ltr'>a</span> <span class='ocrx_word' id='word_1_433' title='bbox 2122 2984 2227 3015; x_wconf 89' lang='lat' dir='ltr'>con-</span> 
     </span>
     <span class='ocr_line' id='line_1_43' title="bbox 261 3037 2268 3097; baseline -0.001 -14"><span class='ocrx_word' id='word_1_434' title='bbox 261 3041 505 3094; x_wconf 89' lang='lat' dir='ltr'>ditionibus</span> <span class='ocrx_word' id='word_1_435' title='bbox 533 3040 750 3084; x_wconf 87' lang='lat' dir='ltr'>materiae</span> <span class='ocrx_word' id='word_1_436' title='bbox 774 3042 962 3094; x_wconf 86' lang='lat' dir='ltr'>exuitur,</span> <span class='ocrx_word' id='word_1_437' title='bbox 1002 3049 1046 3083; x_wconf 92' lang='lat' dir='ltr'>et</span> <span class='ocrx_word' id='word_1_438' title='bbox 1071 3040 1135 3083; x_wconf 91' lang='lat' dir='ltr'>sic</span> <span class='ocrx_word' id='word_1_439' title='bbox 1164 3039 1414 3083; x_wconf 88' lang='lat' dir='ltr'>similitudo</span> <span class='ocrx_word' id='word_1_440' title='bbox 1442 3038 1766 3097; x_wconf 89' lang='lat' dir='ltr'>singularitatis</span> <span class='ocrx_word' id='word_1_441' title='bbox 1791 3038 1969 3082; x_wconf 83' lang='lat' dir='ltr'>formae</span> <span class='ocrx_word' id='word_1_442' title='bbox 2001 3037 2226 3083; x_wconf 82' lang='lat' dir='ltr'>sensibilis</span> <span class='ocrx_word' id='word_1_443' title='bbox 2259 3087 2268 3096; x_wconf 34' lang='lat'><em>⁶</em></span> 
     </span>
     <span class='ocr_line' id='line_1_44' title="bbox 265 3105 2225 3168; baseline -0.002 -16"><span class='ocrx_word' id='word_1_444' title='bbox 265 3108 359 3153; x_wconf 85' lang='lat' dir='ltr'>n0n</span> <span class='ocrx_word' id='word_1_445' title='bbox 395 3118 547 3168; x_wconf 91' lang='lat' dir='ltr'>potest</span> <span class='ocrx_word' id='word_1_446' title='bbox 581 3109 816 3168; x_wconf 90' lang='lat' dir='ltr'>pervenire</span> <span class='ocrx_word' id='word_1_447' title='bbox 857 3122 999 3166; x_wconf 88' lang='lat' dir='ltr'>usque</span> <span class='ocrx_word' id='word_1_448' title='bbox 1039 3107 1095 3151; x_wconf 89' lang='lat' dir='ltr'>ad</span> <span class='ocrx_word' id='word_1_449' title='bbox 1131 3106 1414 3151; x_wconf 90' lang='lat' dir='ltr'>intellectum</span> <span class='ocrx_word' id='word_1_450' title='bbox 1455 3107 1723 3150; x_wconf 89' lang='lat' dir='ltr'>humanum.</span> <span class='ocrx_word' id='word_1_451' title='bbox 1768 3105 2033 3150; x_wconf 88' lang='lat' dir='ltr'>Similitudo</span> <span class='ocrx_word' id='word_1_452' title='bbox 2073 3114 2225 3150; x_wconf 88' lang='lat' dir='ltr'>autem</span> 
     </span>
     <span class='ocr_line' id='line_1_45' title="bbox 264 3174 2226 3234; baseline -0.001 -14"><span class='ocrx_word' id='word_1_453' title='bbox 264 3176 441 3220; x_wconf 87' lang='lat' dir='ltr'>formae</span> <span class='ocrx_word' id='word_1_454' title='bbox 473 3176 730 3221; x_wconf 90' lang='lat' dir='ltr'>intellectus</span> <span class='ocrx_word' id='word_1_455' title='bbox 751 3176 891 3220; x_wconf 88' lang='lat' dir='ltr'>divini</span> <span class='ocrx_word' id='word_1_456' title='bbox 911 3190 1016 3219; x_wconf 89' lang='lat' dir='ltr'>cum</span> <span class='ocrx_word' id='word_1_457' title='bbox 1038 3175 1265 3234; x_wconf 90' lang='lat' dir='ltr'>pertingat</span> <span class='ocrx_word' id='word_1_458' title='bbox 1287 3189 1428 3233; x_wconf 91' lang='lat' dir='ltr'>usque</span> <span class='ocrx_word' id='word_1_459' title='bbox 1447 3174 1502 3218; x_wconf 88' lang='lat' dir='ltr'>ad</span> <span class='ocrx_word' id='word_1_460' title='bbox 1528 3189 1679 3218; x_wconf 89' lang='lat' dir='ltr'>rerum</span> <span class='ocrx_word' id='word_1_461' title='bbox 1705 3175 1897 3218; x_wconf 89' lang='lat' dir='ltr'>minima</span> <span class='ocrx_word' id='word_1_462' title='bbox 1919 3174 1975 3218; x_wconf 87' lang='lat' dir='ltr'>ad</span> <span class='ocrx_word' id='word_1_463' title='bbox 1997 3186 2114 3234; x_wconf 78' lang='lat' dir='ltr'>quae</span> <span class='ocrx_word' id='word_1_464' title='bbox 2130 3185 2226 3233; x_wconf 81' lang='lat' dir='ltr'>per·</span> 
     </span>
     <span class='ocr_line' id='line_1_46' title="bbox 258 3240 2225 3302; baseline -0.001 -15"><span class='ocrx_word' id='word_1_465' title='bbox 258 3243 394 3301; x_wconf 88' lang='lat' dir='ltr'>tingit</span> <span class='ocrx_word' id='word_1_466' title='bbox 413 3258 494 3287; x_wconf 89' lang='lat' dir='ltr'>sua</span> <span class='ocrx_word' id='word_1_467' title='bbox 530 3243 786 3297; x_wconf 88' lang='lat' dir='ltr'>causalitas,</span> <span class='ocrx_word' id='word_1_468' title='bbox 819 3243 1025 3302; x_wconf 88' lang='lat' dir='ltr'>pervenit</span> <span class='ocrx_word' id='word_1_469' title='bbox 1060 3256 1204 3301; x_wconf 90' lang='lat' dir='ltr'>usque</span> <span class='ocrx_word' id='word_1_470' title='bbox 1232 3242 1287 3286; x_wconf 86' lang='lat' dir='ltr'>ad</span> <span class='ocrx_word' id='word_1_471' title='bbox 1325 3241 1687 3301; x_wconf 89' lang='lat' dir='ltr'>singularitatem</span> <span class='ocrx_word' id='word_1_472' title='bbox 1723 3241 1900 3286; x_wconf 87' lang='lat' dir='ltr'>formae</span> <span class='ocrx_word' id='word_1_473' title='bbox 1925 3240 2149 3288; x_wconf 72' lang='lat' dir='ltr'>sensibilis</span> <span class='ocrx_word' id='word_1_474' title='bbox 2179 3249 2225 3286; x_wconf 84' lang='lat' dir='ltr'>et</span> 
     </span>
     <span class='ocr_line' id='line_1_47' title="bbox 263 3308 2220 3370; baseline -0.001 -17"><span class='ocrx_word' id='word_1_475' title='bbox 263 3311 527 3355; x_wconf 86' lang='lat' dir='ltr'>materialis.</span> <span class='ocrx_word' id='word_1_476' title='bbox 547 3310 808 3356; x_wconf 87' lang='lat' dir='ltr'>Intellectus</span> <span class='ocrx_word' id='word_1_477' title='bbox 836 3311 971 3370; x_wconf 81' lang='lat' dir='ltr'>igitur</span> <span class='ocrx_word' id='word_1_478' title='bbox 989 3309 1166 3354; x_wconf 89' lang='lat' dir='ltr'>divinus</span> <span class='ocrx_word' id='word_1_479' title='bbox 1184 3319 1335 3369; x_wconf 90' lang='lat' dir='ltr'>potest</span> <span class='ocrx_word' id='word_1_480' title='bbox 1360 3323 1642 3368; x_wconf 89' lang='lat' dir='ltr'>cognoscere</span> <span class='ocrx_word' id='word_1_481' title='bbox 1675 3308 1937 3369; x_wconf 83' lang='lat' dir='ltr'>singularia,</span> <span class='ocrx_word' id='word_1_482' title='bbox 1953 3317 2047 3354; x_wconf 80' lang='lat' dir='ltr'>non</span> <span class='ocrx_word' id='word_1_483' title='bbox 2069 3317 2220 3353; x_wconf 74' lang='lat' dir='ltr'>autem</span> 
     </span>
     <span class='ocr_line' id='line_1_48' title="bbox 260 3378 503 3422; baseline 0.004 -1"><span class='ocrx_word' id='word_1_484' title='bbox 260 3378 503 3422; x_wconf 88' lang='lat' dir='ltr'>humanus.</span> 
     </span>
    </p>

    <p class='ocr_par' dir='ltr' id='par_1_7' title="bbox 259 3441 2221 3571">
     <span class='ocr_line' id='line_1_49' title="bbox 350 3441 2218 3504; baseline -0.001 -16"><span class='ocrx_word' id='word_1_485' title='bbox 350 3444 614 3489; x_wconf 85' lang='lat' dir='ltr'>Praeterea:</span> <span class='ocrx_word' id='word_1_486' title='bbox 653 3455 915 3504; x_wconf 89' lang='lat' dir='ltr'>sequeretur</span> <span class='ocrx_word' id='word_1_487' title='bbox 947 3444 1291 3498; x_wconf 85' lang='lat' dir='ltr'>inconveniens,</span> <span class='ocrx_word' id='word_1_488' title='bbox 1334 3444 1458 3503; x_wconf 89' lang='lat' dir='ltr'>quod</span> <span class='ocrx_word' id='word_1_489' title='bbox 1499 3442 1810 3502; x_wconf 87' lang='lat' dir='ltr'>Philosophus</span> <span class='ocrx_word' id='word_1_490' title='bbox 1846 3442 1908 3502; x_wconf 85' lang='grc' dir='ltr'>(Ι.</span> <span class='ocrx_word' id='word_1_491' title='bbox 1943 3442 2016 3488; x_wconf 80' lang='lat' dir='ltr'>De</span> <span class='ocrx_word' id='word_1_492' title='bbox 2053 3441 2218 3497; x_wconf 77' lang='lat' dir='ltr'>anima,</span> 
     </span>
     <span class='ocr_line' id='line_1_50' title="bbox 259 3506 2221 3571; baseline -0.001 -16"><span class='ocrx_word' id='word_1_493' title='bbox 259 3521 289 3556; x_wconf 92' lang='lat' dir='ltr'>t.</span> <span class='ocrx_word' id='word_1_494' title='bbox 318 3525 356 3555; x_wconf 92' lang='lat' dir='ltr'>c.</span> <span class='ocrx_word' id='word_1_495' title='bbox 385 3512 475 3569; x_wconf 88' lang='lat'>80.)</span> <span class='ocrx_word' id='word_1_496' title='bbox 511 3523 669 3557; x_wconf 89' lang='lat' dir='ltr'>contra</span> <span class='ocrx_word' id='word_1_497' title='bbox 696 3512 1028 3571; x_wconf 90' lang='lat' dir='ltr'>Empedoclem</span> <span class='ocrx_word' id='word_1_498' title='bbox 1055 3512 1243 3565; x_wconf 90' lang='lat' dir='ltr'>inducit,</span> <span class='ocrx_word' id='word_1_499' title='bbox 1270 3511 1449 3556; x_wconf 89' lang='lat' dir='ltr'>scilicet</span> <span class='ocrx_word' id='word_1_500' title='bbox 1469 3511 1621 3555; x_wconf 90' lang='lat' dir='ltr'>Deum</span> <span class='ocrx_word' id='word_1_501' title='bbox 1655 3525 1753 3556; x_wconf 89' lang='lat' dir='ltr'>esse</span> <span class='ocrx_word' id='word_1_502' title='bbox 1784 3506 2221 3570; x_wconf 76' lang='lat' dir='ltr'>insipientissimum,</span> 
     </span>
    </p>
   </div>
   <div class='ocr_carea' id='block_1_3' title="bbox 259 3578 1830 3639">
    <p class='ocr_par' dir='ltr' id='par_1_8' title="bbox 259 3578 1830 3639">
     <span class='ocr_line' id='line_1_51' title="bbox 259 3578 1830 3639; baseline -0.001 -16"><span class='ocrx_word' id='word_1_503' title='bbox 259 3579 296 3623; x_wconf 89' lang='lat' dir='ltr'>si</span> <span class='ocrx_word' id='word_1_504' title='bbox 324 3578 569 3638; x_wconf 87' lang='lat' dir='ltr'>singularia</span> <span class='ocrx_word' id='word_1_505' title='bbox 596 3594 690 3624; x_wconf 91' lang='lat' dir='ltr'>non</span> <span class='ocrx_word' id='word_1_506' title='bbox 709 3580 961 3639; x_wconf 87' lang='lat' dir='ltr'>cognoscit,</span> <span class='ocrx_word' id='word_1_507' title='bbox 989 3594 1106 3639; x_wconf 87' lang='lat' dir='ltr'>quae</span> <span class='ocrx_word' id='word_1_508' title='bbox 1132 3580 1269 3625; x_wconf 89' lang='lat' dir='ltr'>etiam</span> <span class='ocrx_word' id='word_1_509' title='bbox 1292 3579 1505 3623; x_wconf 89' lang='lat' dir='ltr'>homines</span> <span class='ocrx_word' id='word_1_510' title='bbox 1529 3587 1830 3638; x_wconf 81' lang='lat' dir='ltr'>cognoscunt.</span> 
     </span>
    </p>
   </div>
  </div>
 </body>
</html>
