2332 3854
249 200 358 253 204
954 197 1111 235 LIBER
1150 195 1206 233 11.
1247 195 1368 233 CAP.
1410 195 1497 232 Lx.

247 299 383 353 sales;
411 299 600 343 scientia
628 298 750 342 enim
769 297 824 341 de
842 296 1108 356 huJusmodi
1130 306 1220 350 est3
1247 296 1420 354 species
1440 305 1592 339 autem
1609 294 1885 339 universales
1902 308 1996 338 non
2016 296 2206 353 possunt

245 365 292 408 in
317 365 549 410 intellectu
577 364 758 423 passivo
787 378 901 416 esse,
929 378 1069 422 quum
1096 363 1152 407 sit
1177 362 1380 421 potentia
1411 372 1539 406 utens
1567 375 1766 420 organo3
1794 362 1871 405 sed
1899 360 2049 405 solum
2070 361 2118 404 in
2139 361 2200 405 in-

245 431 429 476 tellectu
457 431 672 490 possibili.
702 430 900 474 Scientia
925 429 1061 487 igitur
1086 443 1180 473 non
1208 438 1274 473 est
1299 430 1344 472 in
1370 428 1602 473 intellectu
1634 428 1831 487 passivo,
1863 427 1942 472 sed
1975 426 2128 472 solum
2155 426 2205 471 in

246 498 479 542 intellectu
507 497 725 557 possibili.

334 565 567 623 Amplius:
601 563 857 607 intellectus
885 563 930 606 in
955 562 1128 616 habitu,
1155 570 1203 606 ut
1226 562 1506 606 adversarius
1534 561 1791 615 confitetur,
1823 570 1892 605 est
1923 560 2114 606 effectus
2128 561 2206 618 'in-

247 631 452 675 tellectus
479 631 667 689 agentis.
701 629 961 673 Intellectus
985 638 1136 673 autem
1164 629 1338 687 agentis
1362 627 1547 673 effectus
1570 638 1674 672 sunt
1695 626 1998 686 intelligibilia
2018 629 2064 672 in
2087 628 2205 683 actu,

245 712 440 758 quorum
475 697 707 756 proprium
745 695 966 754 recipiens
1001 706 1069 740 est
1103 695 1360 740 intellectus
1393 695 1635 755 possibilis,
1664 695 1718 739 ad
1747 709 1884 754 quem
1917 695 2206 754 comparatur

246 779 384 823 agens
407 765 523 808 sicut
546 778 615 807 ars
640 764 694 806 ad
718 763 971 817 materiam,
989 772 1038 807 ut
1058 762 1328 807 Aristoteles
1353 762 1492 807 dicit
1481 778 1528 806 1n
1549 763 1681 807 tertio
1700 762 1771 806 De
1790 761 1954 806 anima
1960 761 2011 819 (t.
2035 776 2073 806 c.
2101 760 2204 819 1⁷7..)

246 831 442 890 Oportet
468 830 603 888 igitur
627 829 909 873 intellectum
937 830 983 873 in
1009 829 1181 884 habitu,
1209 830 1286 889 qui
1311 839 1379 874 est
1402 830 1583 874 habitus
1619 829 1850 883 scientiae,
1884 841 1984 905 esse
2009 829 2057 872 in
2081 824 2206 872 intel·

246 898 364 942 lectu
390 896 609 958 possibili,
635 911 729 940 non
755 897 951 955 passivo.

333 966 596 1008 Praeterea:
624 963 907 1021 impossibile
930 973 996 1008 est
1014 963 1135 1023 quod
1158 962 1376 1023 perfectio
1395 962 1636 1023 superioris
1655 960 1932 1007 substantiae
1955 960 2207 1019 dependeat

246 1032 299 1075 ab
337 1031 552 1075 inferiori.
590 1030 817 1076 Perfectio
854 1040 1005 1075 autem
1043 1030 1299 1075 intellectus
1325 1029 1551 1088 possibilis
1588 1029 1813 1088 dependet
1850 1029 1905 1072 ab
1940 1028 2205 1088 operatione

243 1099 468 1152 hominis;
496 1099 718 1157 dependet
751 1099 872 1142 enim
907 1112 931 1141 a
963 1097 1353 1156 phantasmatibus
1387 1110 1501 1155 quae
1533 1094 1724 1140 r'novent
1754 1094 2037 1139 intellectum
2067 1094 2208 1152 possi-

243 1166 396 1211 bilem.
422 1165 531 1208 Non
557 1166 696 1223 igitur
712 1174 780 1209 est
796 1163 1053 1208 intellectus
1080 1163 1308 1223 possibilis
1333 1162 1481 1222 aliqua
1506 1162 1756 1207 substantia
1774 1161 1980 1221 superior
1994 1160 2205 1242 homine3

245 1246 354 1291 ergo
382 1241 561 1290 oportet
587 1232 709 1291 quod
737 1234 793 1275 sit
819 1231 988 1290 aliquid
1011 1231 1228 1287 hominis,
1256 1240 1304 1274 ut
1330 1240 1456 1274 actus
1486 1238 1529 1274 et
1553 1227 1703 1272 forma
1730 1229 1902 1287 ipsius.
2097 1247 2098 1250 ¹
2131 1247 2133 1249 ·

266 1313 270 1316 ·
331 1299 520 1343 Adhuc:
551 1313 865 1358 quaecumque
883 1308 985 1342 sunt
1003 1307 1209 1356 separata
1232 1297 1483 1341 secundum
1502 1309 1600 1340 esse
1623 1295 1794 1340 habent
1818 1295 1958 1340 etiam
1978 1296 2207 1353 separatas

244 1367 557 1426 operationes;
584 1380 693 1409 nam
710 1380 781 1410 res
804 1374 908 1409 sunt
929 1375 1115 1424 propter
1132 1378 1235 1408 suas
1254 1364 1542 1422 operationes
1561 1364 1676 1406 sicut
1694 1373 1819 1407 actus
1834 1360 2012 1420 primus
2022 1369 2207 1421 propter

246 1433 519 1488 secundum;
547 1433 666 1477 unde
693 1431 963 1477 Aristoteles
989 1432 1096 1476 dicit
1122 1433 1166 1475 in
1189 1432 1336 1490 primo
1360 1431 1431 1474 De
1459 1431 1611 1474 anima
1634 1431 1684 1488 (t.
1715 1444 1751 1474 c.
1784 1442 1850 1474 12.
1878 1435 1923 1472 et
1952 1428 2056 1487 13.),
2082 1427 2210 1487 q'uod'

243 1502 279 1544 si
306 1499 456 1560 aliqua
480 1500 800 1559 operationum
827 1502 1006 1543 animae
1034 1510 1100 1543 est
1126 1499 1223 1543 sine
1253 1512 1457 1556 corpore,
1494 1497 1708 1555 possibile
1741 1506 1809 1541 est
1841 1496 2043 1540 animam
2076 1502 2207 1553 sepa-

242 1567 344 1612 rari.
374 1567 596 1626 Operatio
625 1577 777 1611 autem
803 1566 1059 1610 intellectus
1082 1565 1307 1625 possibilis
1330 1566 1502 1623 indiget
1529 1578 1744 1622 corpore3
1771 1563 1878 1608 dicit
1904 1563 2026 1607 enim
2052 1561 2207 1606 Philo-

243 1634 414 1692 sophus
440 1634 486 1678 in
512 1635 645 1678 tertio
672 1634 744 1678 De
766 1636 919 1678 anima
945 1635 996 1692 (t.
1026 1647 1063 1678 c.
1093 1633 1170 1689 8.),
1199 1632 1319 1691 quod
1348 1633 1498 1676 anima
1531 1641 1681 1690 potest
1714 1643 1849 1689 agere
1881 1630 1962 1688 p'er
1992 1628 2206 1687 seipsam,

243 1700 420 1744 scilicet
441 1700 708 1759 intelligere,
736 1701 918 1760 quando
946 1700 1202 1744 intellectus
1226 1709 1293 1743 est
1310 1699 1455 1743 factus
1477 1699 1521 1742 in
1539 1707 1642 1742 actu
1664 1712 1744 1757 per
1762 1696 1962 1756 speciem
1980 1710 2006 1740 a
2021 1695 2207 1754 phantaa

242 1767 463 1811 smatibus
492 1769 777 1822 abstractam,
795 1781 911 1826 quae
937 1781 1032 1811 non
1054 1776 1157 1811 sunt
1183 1766 1279 1811 sine
1308 1779 1515 1825 corpore.
1538 1765 1680 1824 Igitur
1695 1762 1953 1809 intellectus
1974 1761 2202 1822 possibilis
2224 1818 2228 1820 μ

242 1848 337 1878 non
363 1845 430 1879 est
456 1837 647 1879 omnino
675 1850 700 1879 a
729 1849 920 1892 corpore
949 1843 1194 1892 separatus.

333 1902 566 1961 Amplius:
596 1902 866 1960 cuicumque
895 1903 1114 1959 competit
1147 1900 1294 1959 aliqua
1323 1899 1526 1958 operatio
1560 1897 1812 1943 secundum
1843 1896 2068 1951 naturam,
2102 1903 2207 1940 sunt

244 1969 285 2013 ei
311 1983 337 2013 a
362 1978 523 2013 natura
547 1969 759 2013 attributa
785 1983 837 2012 ea
864 1970 960 2012 sine
987 1967 1147 2027 quibus
1181 1966 1258 2011 illa
1285 1966 1490 2024 operatio
1524 1964 1747 2024 compleri
1771 1978 1866 2008 non
1890 1967 2056 2022 potest,
2088 1963 2205 2006 sie‘ut

243 2037 513 2081 Aristoteles
534 2037 732 2095 probat
722 2051 767 2080 m
794 2035 997 2080 secundo
1026 2035 1096 2078 De
1131 2033 1263 2078 coelo
1291 2043 1336 2077 et
1361 2033 1533 2076 mundo
1562 2033 1613 2091 (t.
1634 2045 1672 2076 c.
1695 2043 1760 2089 50.
1763 2031 1799 2088 ),
1818 2030 1956 2090 quod,
1982 2029 2026 2073 si
2047 2027 2206 2074 stellae

242 2114 534 2148 moverentur
565 2113 694 2147 motu
721 2104 1011 2179 progressive
1039 2101 1094 2145 ad
1122 2101 1313 2145 modum
1342 2099 1626 2153 animalium,
1648 2108 1809 2142 natura
1831 2096 2029 2141 dedisset
2049 2096 2128 2140 eis
2129 2103 2208 2140 orr-

243 2183 361 2228 gana
397 2181 551 2214 motus
587 2169 875 2229 progressivi.
915 2168 1004 2212 Sed
1042 2167 1246 2227 operatio
1282 2166 1539 2211 intellectus
1578 2165 1818 2224 possibilis
1841 2153 2097 2222 completur
2119 2167 2208 2224 p'er

242 2251 414 2295 organa
444 2251 662 2295 corporea
687 2237 734 2281 in
761 2236 921 2296 quibus
943 2250 1129 2280 necesse
1157 2245 1224 2280 est
1250 2249 1348 2280 esse
1371 2235 1702 2310 phantasmata
1725 2232 1899 2277 Natura
1921 2231 2059 2290 igitur
2080 2228 2208 2274 intel-

241 2304 410 2348 lectum
437 2303 702 2362 possibilem
732 2303 961 2362 corporeis
988 2303 1132 2347 univit
1158 2304 1361 2361 organis;
1385 2316 1478 2346 non
1506 2311 1573 2346 est
1598 2300 1735 2359 igitur
1761 2299 2015 2344 secundum
2047 2303 2147 2342 esse
2181 2309 2207 2340 a

242 2385 435 2430 corpore
461 2379 713 2450 separatus.

332 2439 468 2484 Item.
502 2439 539 2484 si
565 2453 597 2483 s
589 2439 620 2483 t
642 2438 893 2483 secundum
922 2451 1020 2481 esse
1048 2452 1073 2480 a
1101 2451 1293 2495 corpore
1320 2446 1566 2494 separatus,
1594 2434 1741 2492 magis
1768 2431 1981 2492 intelligit
2001 2431 2208 2499 substan·-

241 2504 326 2548 tias
353 2519 468 2564 quae
496 2515 598 2549 sunt
626 2520 650 2548 a
673 2504 863 2548 materia
889 2513 1122 2562 separatae
1145 2517 1283 2562 quam
1309 2502 1480 2546 formas
1509 2501 1759 2554 sensibiles,
1787 2500 1893 2559 quia
1925 2508 2030 2544 sunt
2060 2498 2207 2557 magis

241 2571 547 2631 intelligibiles
574 2583 617 2616 et
643 2573 789 2630 magis
817 2571 859 2615 ei
882 2570 1157 2615 conformes.
1183 2570 1290 2614 Non
1313 2578 1463 2628 potest
1490 2578 1640 2612 autem
1664 2567 1918 2625 intelligere
1934 2565 2206 2611 substantias

243 2641 431 2683 omnino
459 2654 484 2683 a
511 2641 700 2683 materia
727 2646 969 2697 separatas,
996 2638 1102 2697 quia
1128 2651 1285 2681 earum
1312 2651 1405 2680 non
1433 2620 1535 2679 sunt
1569 2634 1719 2693 aliqua
1756 2635 2098 2694 phantasmata3
2130 2632 2206 2676 hic

243 2717 396 2751 autem
422 2706 677 2752 intellectus
704 2720 995 2765 nequaquam
1023 2706 1119 2749 sine
1146 2704 1465 2781 phantasmate
1492 2702 1716 2761 intelligit,
1735 2712 1784 2745 ut
1802 2699 2072 2745 Aristoteles
2098 2699 2207 2744 dicit

242 2775 288 2817 in
304 2775 437 2819 tertio
455 2775 526 2819 De
545 2774 697 2818 anima
715 2774 766 2832 (t.
790 2789 827 2817 c.
851 2775 935 2832 30.)
953 2789 963 2827 ;
986 2781 1090 2817 sunt
1109 2772 1231 2816 enim
1254 2772 1294 2815 ei
1313 2771 1633 2829 phantasmata
1655 2769 1771 2813 sicut
1792 2767 2020 2812 sensibilia
2039 2766 2207 2821 sensui,

242 2842 337 2885 sine
364 2842 524 2901 quibus
552 2855 710 2885 sensus
737 2855 831 2885 non
858 2841 1006 2884 sentit.
1032 2839 1139 2883 Non
1174 2849 1241 2883 est
1272 2838 1408 2897 igitur
1435 2837 1685 2881 substantia
1712 2845 1920 2895 separata
1953 2840 1978 2878 a'
2014 2839 2206 2892 corpore

243 2910 494 2952 secundum
528 2923 641 2953 esse.
1953 2941 1955 2943 -

334 2976 520 3020 Adhuc:
559 2977 604 3019 in
639 2975 767 3019 omni
799 2989 980 3034 genere,
1007 2984 1184 3019 tantum
1211 2988 1260 3017 se
1289 2971 1488 3017 extendit
1525 2971 1729 3029 potentia
1765 2969 1961 3028 passiva,
1987 2977 2207 3028 quantum

242 3043 444 3102 potentia
472 3043 618 3087 activa
644 3042 764 3086 illius
792 3043 995 3101 generis;
1023 3041 1142 3084 unde
1166 3054 1258 3083 non
1283 3050 1350 3083 est
1377 3038 1525 3097 aliqua
1544 3038 1746 3096 potentia
1763 3036 1941 3095 passiira
1963 3037 2010 3080 in
2030 3041 2207 3091 natura,

244 3109 321 3154 cui
343 3124 435 3153 non
463 3106 736 3167 respondeat
773 3108 922 3167 aliqua
954 3107 1157 3167 potentia
1197 3107 1343 3151 activa
1381 3104 1614 3149 naturalis.
1651 3104 1740 3148 Sed
1786 3102 2042 3148 intellectus
2069 3110 2222 3161 agens(

241 3191 335 3221 non
360 3175 468 3220 facit
493 3175 795 3233 intelligibilia
828 3175 916 3218 nisi
948 3189 1028 3233 per
1054 3174 1398 3252 phantasmata.
1420 3171 1542 3230 Ergo
1575 3186 1659 3215 nec
1687 3169 1942 3226 intellectus
1976 3167 2206 3230 possibilis

243 3254 453 3289 movetur
480 3244 532 3287 ab
558 3243 654 3288 aliis
682 3241 1040 3300 intelligibilibus
1063 3241 1150 3284 nisi
1180 3254 1205 3283 a
1231 3239 1465 3298 speciebus
1485 3253 1509 3282 a
1533 3237 1925 3297 phantasmatibus
1949 3235 2206 3290 abstractis3

243 3321 286 3355 et
312 3311 376 3355 sic
399 3311 671 3355 substantias
706 3319 933 3369 separatas
953 3307 1204 3366 intelligere
1225 3321 1318 3350 non
1346 3316 1508 3364 potest.
2219 3315 2226 3323 ’

332 3377 567 3437 Amplius:
595 3377 640 3420 in
668 3374 927 3422 substantiis
955 3373 1172 3434 separatis
1199 3383 1302 3417 sunt
1324 3373 1497 3431 species
1515 3386 1666 3416 rerum
1689 3369 1970 3416 sensibilium
1995 3366 2212 3428 intelligi-

244 3443 405 3498 biliter,
434 3459 511 3503 per
536 3458 647 3503 quas
674 3442 729 3488 de
757 3441 1042 3487 sensibilibus
1070 3441 1306 3486 scientiam
1334 3440 1515 3484 habent.
1545 3439 1594 3484 Si
1619 3438 1756 3499 igitur
1785 3436 2043 3483 intellectus
2068 3435 2210 3513 possi*

243 3510 343 3554 bilis
373 3510 585 3582 intelligit
611 3510 883 3555 substantias
902 3518 1146 3569 separatas,
1167 3508 1211 3551 in
1237 3507 1301 3551 eis
1324 3507 1550 3565 acciperet
1577 3503 1862 3551 sensibilium
1878 3497 2206 3563 cognitionem.

245 3576 351 3620 Non
381 3591 490 3636 ergo
519 3576 746 3637 acciperet
772 3591 873 3622 eam
902 3591 926 3621 a
954 3574 1360 3636 phantasmatibus,
1387 3573 1489 3633 quia
1517 3582 1675 3619 natura
1714 3585 1806 3617 non
1835 3567 2033 3616 abundat
2057 3582 2210 3630 super·
