2332 3854
754 236 909 276 LIBER
947 236 982 275 1.
1025 235 1145 276 CAP.
1185 234 1388 275 Lxxvn.
1979 237 2044 298 93

95 337 315 392 tudinem,
341 346 602 397 sequeretur
638 338 762 397 quod
792 351 886 383 non
920 346 1038 384 esset
1062 338 1110 383 in
1136 350 1192 384 eo
1219 351 1309 382 una
1334 346 1513 382 tantum
1549 337 1756 396 operatio
1788 335 2050 391 voluntatis,

95 404 218 466 quod
239 414 308 450 est
331 413 490 449 contra
514 414 807 463 praeostensa
833 406 894 462 (c.
922 406 1109 464 praec.).

159 471 324 517 Item:
348 480 584 515 ostensum
616 468 684 516 est
716 472 778 528 (c.
805 473 913 529 75.),
945 472 1068 531 quod
1100 471 1226 517 Deus
1259 470 1348 516 alia
1373 470 1471 516 vult
1499 471 1546 515 in
1579 480 1800 531 quantum
1831 470 1930 515 vult
1971 471 2050 515 bo-

94 537 285 584 nitatem
315 551 472 582 suam:
508 537 600 582 hoc
639 537 779 596 igitur
811 538 952 582 modo
996 548 1319 598 comparantur
1354 537 1506 597 aliqua
1541 538 1596 582 ad
1627 537 1913 582 voluntatem
1944 537 2047 591 Dei,

47 607 59 658 ssz‘
93 617 188 666 quo
219 604 668 663 comprehenduntur
700 618 726 647 a
755 604 958 648 bonitate
1000 606 1108 663 ejuS.
1143 606 1234 650 Sed
1267 607 1422 650 omnia
1452 606 1499 650 in
1530 605 1733 650 bonitate
1775 606 1873 663 ejus
1906 618 2049 648 unum

49 691 51 693 ·
92 672 221 725 sunt3
247 680 353 716 sunt
385 670 508 715 enim
540 670 692 730 aliqua
723 671 768 714 in
801 671 902 730 ipso
935 672 1187 715 secundum
1220 672 1412 717 modum
1444 674 1557 731 ejus,
1590 671 1765 716 scilicet
1794 669 2049 715 materialia

30 739 38 766 ἲ
72 736 454 783 'immaterialiter
489 746 533 782 et
564 736 708 781 multa
733 737 872 791 unite,
900 747 949 782 ut
975 750 1029 781 ex
1054 739 1322 797 supradictis
1356 742 1413 795 (c.
1445 751 1512 796 55.
1539 748 1584 783 et
1614 739 1702 796 58.)
1729 747 1866 797 patet.
1893 736 2048 781 Relin-

90 803 241 864 quitur
264 804 401 863 igitur
424 803 546 863 quod
565 803 806 848 multitudo
824 803 1073 848 volitorum
1099 818 1192 849 non
1215 805 1488 863 multiplicat
1513 805 1713 849 divinam
1736 803 2049 849 substantiam.

178 870 444 915 Praeterea:
470 870 649 915 divinus
674 870 928 915 intellectus
956 880 1000 915 et
1023 870 1235 915 voluntas
1253 882 1355 916 sunt
1374 872 1575 931 aequalis
1601 871 1918 931 simplicitatis,
1945 869 2052 929 quia

26 955 39 974 ε·
91 945 334 997 utrumque
366 946 435 982 est
465 937 619 982 divina
650 937 913 991 substantia,
946 947 995 981 ut
1025 939 1267 996 probatum
1300 949 1368 982 est
1406 939 1466 995 (c.
1492 951 1564 996 45.
1593 949 1639 983 et
1665 939 1771 998 73..)
1804 936 2051 982 Multitudo

38 1012 45 1027 ²⁴
92 1013 247 1050 autem
271 1003 609 1049 intellectorum
635 1019 728 1048 non
746 1004 919 1048 inducit
936 1005 1302 1049 multitudinem
1290 1020 1336 1048 m
1355 1006 1547 1050 essentia
1571 1005 1738 1059 divina,
1760 1003 1910 1064 neque
1930 1016 2056 1048 com·

6 1080 36 1128 35
91 1070 369 1132 positionem
395 1073 442 1115 in
467 1070 700 1115 intellectu
733 1073 849 1129 ejus3
877 1085 987 1130 ergo
1019 1085 1167 1130 neque
1201 1071 1443 1116 multitudo
1485 1072 1735 1116 volitorum
1766 1071 1941 1116 inducit
1966 1079 2051 1115 aut

81 1137 437 1183 diversitatem
423 1151 471 1181 m
497 1138 694 1182 essentia
717 1138 884 1191 divina,
907 1148 984 1182 aut
1012 1138 1398 1197 compositionem
1425 1139 1471 1182 in
1497 1140 1592 1197 ejus
1618 1138 1869 1183 voluntate.

178 1203 415 1264 Amplius:
438 1203 529 1248 hoc
551 1205 667 1248 inter
688 1205 1003 1263 cognitionem
1029 1215 1074 1249 et
1100 1206 1349 1264 appetitum
1381 1206 1582 1258 interest,
1615 1206 1738 1266 quod
1770 1205 1976 1265 cognitio
2000 1204 2053 1250 fit

89 1271 341 1317 secundum
374 1272 496 1331 quod
519 1271 756 1330 cognitum
779 1281 847 1316 est
872 1271 1026 1331 aliquo
1053 1273 1194 1317 modo
1220 1273 1267 1316 in
1294 1284 1627 1332 cognoscente3
1655 1273 1878 1333 appetitus
1896 1282 2051 1318 autem

87 1351 198 1393 non,
220 1337 299 1382 sed
326 1352 351 1382 e
378 1347 538 1382 contra
563 1338 816 1383 secundum
842 1339 964 1398 quod
991 1339 1215 1398 appetitus
1248 1339 1438 1384 refertur
1465 1340 1520 1384 ad
1547 1355 1644 1385 rem
1678 1339 1971 1400 appetibilem
2002 1340 2051 1384 in

30 1423 47 1467 {5
88 1414 310 1465 quantum
335 1403 554 1464 appetens
580 1405 756 1464 quaerit
779 1407 825 1449 in
852 1419 942 1464 quo
970 1406 1188 1466 quiescat,
1215 1417 1259 1451 et
1280 1417 1464 1466 propter
1484 1407 1575 1451 hoc
1598 1407 1772 1451 bonum
1789 1417 1834 1452 et
1859 1407 2050 1462 malum,

15 1467 48 1522 ,f
90 1485 207 1532 quae
228 1471 477 1531 respiciunt
503 1472 768 1530 appetitum,
796 1482 900 1516 sunt
924 1472 971 1515 in
996 1472 1143 1517 rebus.
1170 1472 1343 1516 Verum
1372 1483 1524 1518 autem
1557 1484 1601 1518 et
1629 1473 1812 1529 falsum,
1838 1488 1954 1533 quae
1985 1488 2052 1519 re·

89 1538 286 1598 spiciunt
309 1538 640 1597 cognitionem,
671 1548 777 1582 sunt
801 1538 846 1581 in
870 1548 1040 1593 mente,
1067 1549 1115 1583 ut
1146 1539 1457 1599 Philosophus
1484 1540 1594 1585 dicit
1624 1541 1671 1584 in
1697 1550 1824 1586 sexto
1846 1541 2048 1601 Metaph.

41 1605 51 1610 ”
89 1605 141 1663 (t.
159 1619 200 1650 c.
226 1605 304 1662 8.).
334 1604 475 1658 Quod
502 1613 654 1649 autem
681 1604 850 1664 aliquid
878 1606 933 1649 ad
959 1605 1105 1649 multa
1126 1620 1174 1650 se
1200 1606 1380 1661 habeat,
1406 1621 1501 1651 non
1527 1617 1750 1667 repugnat
1771 1607 2052 1667 simplicitati

87 1671 199 1730 ejus,
226 1685 333 1716 cum
371 1682 416 1716 et
451 1672 599 1716 unitas
625 1671 683 1716 sit
714 1671 966 1717 multorum
996 1686 1298 1718 numerorum
1330 1673 1632 1734 principium3
1665 1674 1909 1720 multitudo
1938 1689 2048 1735 ergo

13 1735 51 1806 j
85 1738 336 1785 volitorum
363 1753 390 1783 a
414 1739 517 1784 Deo
539 1753 634 1784 non
659 1749 883 1799 repugnat
908 1741 1004 1798 eJus
1030 1739 1324 1800 simplicitati.

756 1940 1010 1997 CAPUT
1060 1941 1375 1996 LXXVIII.

171 2085 331 2132 QUOD
364 2084 558 2124 DIVINA
589 2084 880 2124 VOLUNTAS
913 2084 986 2122 AD
1010 2084 1351 2125 'SINGULARIA
1383 2084 1533 2124 BONA
1566 2085 1626 2123 SE
1658 2084 1961 2124 EXTENDIT.

173 2211 240 2255 Ex
265 2223 357 2270 quo
384 2211 523 2254 etiam
555 2220 755 2270 apparet,
782 2210 903 2270 quod
936 2224 1030 2254 non
1063 2219 1245 2269 oportet
1280 2223 1365 2254 nos
1408 2209 1557 2254 dicere
1598 2210 1652 2254 ad
1686 2210 2048 2254 conservandam

56 2306 58 2310 .
84 2278 425 2338 simplicitatem
458 2278 658 2322 divinam
681 2278 804 2337 quod
830 2278 939 2322 velit
966 2277 1054 2322 alia
1081 2277 1237 2321 bona
1226 2292 1273 2321 m
1290 2277 1489 2336 quadam
1515 2277 1822 2331 universitate,
1843 2278 1890 2321 in
1913 2292 2051 2337 quan-

83 2349 183 2392 tum
208 2344 304 2390 vult
324 2359 372 2390 se
399 2358 499 2389 esse
525 2345 799 2403 principium
816 2345 1059 2398 bonorum,
1079 2358 1195 2403 quae
1211 2353 1402 2404 possunt
1421 2344 1502 2387 ab
1491 2358 1591 2402 ipso
1608 2344 1762 2398 fluere,
1783 2359 1878 2389 non
1895 2355 2048 2389 autem

1 2427 4 2428 ⁷
39 2403 197 2458 fivelit
218 2425 272 2456 ea
303 2413 351 2456 in
386 2411 676 2471 particulari3
719 2426 827 2456 nam
853 2411 972 2456 velle
998 2421 1066 2456 est
1093 2410 1347 2455 secundum
1374 2411 1771 2469 comparationem
1800 2410 2049 2456 voluntatis

84 2478 142 2525 a'd
167 2493 266 2524 rem
291 2478 498 2523 volitam.
524 2479 632 2523 Non
655 2490 807 2524 autem
834 2474 1046 2538 prohibet
1077 2477 1229 2522 divina
1255 2477 1537 2537 simplicitas,
1565 2478 1673 2537 quin
1699 2480 1841 2538 possit
1867 2493 2051 2558 compa-

4 2549 7 2552 ’
82 2545 173 2591 rari
198 2545 255 2590 ad
281 2545 441 2600 multa,
468 2546 608 2590 etiam
631 2545 943 2605 particularia3
971 2545 1134 2589 dicitur
1166 2545 1289 2589 enirn
1315 2546 1442 2590 Deus
1475 2546 1716 2604 optimum,
1742 2545 1817 2590 vel
1848 2548 2047 2605 primum

3 2610 20 2617 “’
51 2611 53 2613 ’
81 2614 288 2673 respectu
314 2611 639 2672 singularium3
667 2627 777 2672 ergo
811 2628 891 2657 sua
917 2611 1186 2672 simplicitas
1203 2626 1298 2657 non
1316 2613 1543 2672 prohibet,
1566 2614 1675 2672 quin
1697 2614 1744 2657 in
1771 2614 1957 2674 speciali
1973 2614 2047 2659 vel

0 3600 3 3613 -
0 3518 5 3586 -«
0 3476 5 3504 -η-
0 3288 6 3459 2--w‹*-—--
0 3006 6 3275 -Ὗ-ν-,ή-ῌ-ψ-ν-νη-Ἣ
0 2739 8 2986 *<—v-vw=-,-zxr—=
4 2721 7 2723 ,

36 2689 52 2731 ‚J-
82 2679 343 2740 particulari
371 2679 459 2724 alia
486 2694 511 2723 a
537 2694 585 2725 se
611 2679 735 2725 velit.

100 2748 102 2751 ’
142 2746 311 2792 ¹“Item:
343 2746 554 2792 voluntas
579 2747 669 2791 Dei
696 2747 751 2792 ad
778 2746 866 2791 alia
893 2757 1185 2807 comparatur
1210 2747 1258 2792 in
1283 2757 1505 2807 quantum
1531 2747 1784 2792 bonitatem
1806 2749 2047 2809 participat

56 2813 322 2874 q'x'ordine
349 2813 404 2858 ad
429 2813 682 2858 bonitatem
709 2814 926 2868 divinam,
953 2828 1069 2873 quae
1098 2824 1165 2858 est
1186 2814 1301 2859 ratio
1328 2814 1515 2859 volendi
1530 2815 1649 2859 Deo.
1677 2814 1766 2859 Sed
1784 2829 1877 2859 non
1895 2815 2047 2860 solum

48 2882 349 2931 anniversitas
371 2881 615 2935 bonorum,
637 2881 716 2925 sed
743 2891 788 2925 et
808 2881 1039 2940 singulum
1059 2895 1221 2925 eorum
1239 2895 1264 2924 a
1284 2881 1488 2925 bonitate
1511 2881 1663 2925 divina
1685 2882 1937 2926 bonitatem
1955 2897 2048 2927 sor·

58 2946 190 2993 Yti'tur
207 2947 327 2993 sicut
349 2957 393 2992 et
418 2961 532 2992 esse.
558 2947 784 2992 Voluntas
811 2948 948 3006 igitur
973 2948 1062 2991 Dei
1087 2947 1144 2991 ad
1170 2948 1349 3007 singula
1374 2948 1603 2992 bonorum
1627 2963 1675 2992 se
1702 2949 1916 2994 extendit.

139 3013 406 3075 Amplius:
434 3015 688 3059 secundum
715 3014 1050 3073 Philosophum
1084 3015 1131 3058 in
1158 3014 1340 3058 decimo
1368 3015 1571 3059 secundo
1597 3016 1800 3075 Metaph.
1826 3017 1877 3073 (t.
1895 3031 1933 3061 c.
1957 3016 2044 3074 52.)

53 3074 247 3143 “Ϊάιιρ1εκ
270 3082 445 3126 bonum
463 3082 634 3126 ordinis
652 3082 878 3126 invenitur
899 3084 945 3126 in
972 3082 1211 3126 universo:
1234 3096 1393 3132 unum,
1421 3082 1621 3141 quidem,
1649 3082 1900 3127 secundum
1923 3076 2046 3142 quod

51 3150 230 3206 ,Ῐῖοωω
253 3149 515 3193 universum
538 3149 773 3193 ordinatur
806 3150 860 3192 ad
887 3148 933 3192 id
966 3149 1087 3207 quod
1116 3159 1183 3193 est
1216 3159 1336 3193 extra
1366 3149 1643 3204 universum,
1677 3150 1794 3194 sicut
1825 3149 2047 3195 exercitus

51 3215 318 3271 „ordinatur
343 3216 399 3260 ad
425 3215 615 3270 ducem;
657 3215 792 3270 aliud,
826 3216 1079 3260 secundum
1122 3216 1243 3274 quod
1277 3226 1426 3275 partes
1468 3217 1664 3260 universi
1696 3217 1963 3261 ordinantur
1990 3218 2045 3262 ad

34 3281 299 3343 invicem,
321 3282 439 3326 sicut
465 3283 603 3326 etiam
628 3292 778 3342 partes
805 3283 1055 3327 exercitus:
1080 3283 1305 3327 secundus
1334 3293 1486 3327 autem
1511 3283 1623 3327 ordo
1651 3293 1719 3327 est
1745 3294 1928 3343 propter
1957 3284 2047 3344 pri-

29 3359 228 3411 lgmum.
251 3349 380 3393 Deus
407 3357 560 3393 autem
582 3362 637 3393 ex
663 3349 753 3393 hoc
778 3350 900 3409 quod
925 3349 1022 3393 vult
1048 3363 1111 3402 se,
1143 3359 1190 3393 ut
1214 3349 1314 3394 finis
1342 3360 1422 3407 est,
1439 3350 1537 3394 vult
1560 3349 1667 3404 alia,
1690 3364 1806 3410 quae
1834 3352 2044 3396 ordinan-

178 3416 225 3461 in
251 3416 400 3475 ipsum
426 3425 476 3459 ut
496 3415 543 3459 in
568 3414 723 3471 finem,
745 3416 862 3461 sicut
886 3417 1129 3476 probatum
1158 3426 1227 3461 est
1245 3418 1304 3474 (c.
1334 3418 1452 3474 75.);
1485 3416 1581 3461 vult
1606 3417 1743 3474 igitur
1773 3417 1947 3463 bonum
1974 3433 2047 3464 or-

225 3483 365 3527 totius
397 3482 595 3527 universi
624 3483 671 3526 in
702 3483 868 3543 ipsum,
895 3495 940 3527 et
964 3483 1138 3527 bonum
1177 3483 1349 3527 ordinis
1382 3483 1581 3527 universi
1611 3485 1862 3529 secundum
1895 3498 2044 3544 partes

29 3547 190 3597 *fwuas
215 3548 308 3593 ad
295 3549 509 3594 invicem.
536 3548 718 3594 Bonum
739 3559 894 3595 autem
912 3549 1083 3595 ordinis
1102 3549 1309 3594 consistit
1327 3563 1380 3594 ex
1397 3549 1588 3609 singulis
1608 3549 1770 3607 bonis;
1795 3551 1919 3597 vult
1907 3552 2045 3612 igitur

70 3609 224 3662 'Quam
248 3614 427 3676 singula
450 3617 588 3661 bona.
