2332 3854
732 286 886 325 LIBER
925 284 1002 324 111.
1043 285 1165 325 CAP.
1204 284 1427 325 Lxxvm.
1938 288 2041 343 401

6 394 13 398 ”
90 388 288 435 Formam
318 386 490 432 inducit
513 386 707 446 imperat
739 386 781 430 ei
807 401 923 446 quae
950 388 1187 431 materiam
1213 386 1424 446 disponit.
1450 386 1755 431 Instrumenta
1779 401 1906 441 vero,
1930 402 2047 447 quae

0 498 2 508 ,
90 469 186 502 non
215 462 501 514 cognoscunt
526 452 726 512 aliquam
752 453 992 507 rationem,
1034 463 1250 513 reguntur
1273 463 1465 499 tantum.
1509 452 1631 497 Cum
1662 453 1800 512 igitur
1831 454 1958 499 solae
1985 455 2048 498 in-

0 526 18 575 ?
90 521 371 569 tellectuales
387 528 619 565 creaturae
640 519 839 564 rationes
857 519 1027 564 ordinis
1045 530 1355 565 creaturarum
1377 533 1660 579 cognoscere
1677 519 1865 578 possint,
1889 534 2046 565 earum

0 590 2 593 ’
90 589 175 635 etit
196 601 354 647 regere
385 597 431 633 et
453 587 707 651 gubernare
738 600 899 631 omnes
926 586 1036 631 alias
1070 596 1312 632 creaturas.
1347 626 1349 628 .

178 654 367 699 Adhuc:
396 654 517 712 quod
544 662 611 697 est
635 666 714 711 per
745 667 794 697 se
817 662 885 696 est
912 667 1047 697 causa
1082 655 1176 711 ejus
1204 653 1326 713 quod
1353 663 1422 698 est
1446 667 1526 712 per
1556 652 1702 698 aliud:
1739 652 1866 698 solae
1895 663 2047 698 autem

86 726 323 778 creaturae
349 718 679 764 intellectuales
710 729 955 779 operantur
982 734 1059 778 per
1091 721 1274 779 seipsas,
1313 729 1470 779 utpote
1501 733 1687 764 suarum
1727 721 2047 780 operationum

0 803 14 838 g}
84 796 170 848 rper
194 787 387 832 liberum
420 786 667 830 voluntatis
699 786 932 829 arbitrium
964 786 1179 831 dominae
1205 788 1495 831 exsistentes:
1524 786 1639 830 aliae
1671 799 1780 831 vero
1814 797 2046 831 creaturae

69 868 147 901 ex
170 853 440 898 necessitate
471 862 658 896 naturae
685 861 942 911 operantur,
969 862 1203 911 tamquam
1238 854 1291 896 ab
1320 852 1411 896 alio
1438 863 1604 897 motae.
1635 854 1884 898 Creaturae
1909 853 2048 912 igitur

80 919 416 967 &tellectuales
442 932 521 979 per
545 932 676 963 suam
702 919 1018 978 operationem
1040 929 1143 963 sunt
1165 919 1379 973 motivae,
1403 929 1447 964 et
1468 919 1686 977 regitivae
1714 919 1905 964 aliarum
1927 933 2049 965 crea-

0 987 4 1003 '
27 1022 31 1025 .
88 995 306 1032 tutatum.

796 1131 1048 1188 CAPUT
1089 1133 1346 1189 LXXIX.

336 1266 495 1315 QUOD
537 1267 908 1307 SUBSTANTIAE
949 1268 1436 1309 INTELLECTUALES
1470 1266 1798 1308 *INFERIORES

660 1341 956 1381 REGUNTUR
987 1343 1086 1381 PER
1127 1342 1473 1382 SUPERIORES.

15 1504 17 1508 y
82 1466 89 1479 ³
115 1467 118 1469 ’
175 1451 302 1498 Cum
336 1461 488 1496 autem
519 1451 637 1496 inter-
661 1461 889 1497 creaturas
914 1451 1244 1497 intellectuales
1276 1452 1503 1511 quaedam
1535 1452 1625 1496 sint
1650 1451 1748 1496 aliis
1774 1451 1972 1506 altiores,
1998 1461 2049 1496 ut

0 1484 26 1548 ᾗ
88 1527 149 1566 ex
174 1518 481 1579 superioribus
509 1518 627 1575 (Lib.
658 1519 713 1562 II.
741 1533 779 1562 c.
808 1531 881 1578 92·
883 1518 977 1577 95.)
1004 1528 1139 1577 patet,
1165 1529 1344 1578 oportet
1370 1519 1493 1579 quod
1525 1528 1570 1564 et
1601 1518 1840 1563 inferiores
1875 1517 2049 1563 intelle·

0 1573 19 1594 ³
79 1584 310 1671 ctualium
334 1595 598 1629 naturarum
624 1599 704 1644 per
730 1585 984 1644 superiores
1012 1586 1331 1644 gubernentur.

0 1645 25 1695 ἐν
142 1652 366 1697 ·Adhuc:
393 1652 580 1696 virtutes
606 1652 753 1710 magis
779 1651 1058 1701 universales
1083 1662 1188 1696 sunt
1213 1652 1415 1696 motivae
1442 1652 1660 1696 virtutum
1686 1651 2044 1711 particularium,

3 1735 27 1779 :33
78 1719 391 1765 “sicutdictum
407 1727 475 1762 est
491 1719 552 1775 (c.
571 1719 679 1776 78.).
709 1717 975 1775 Superiores
1003 1728 1156 1763 autem
1176 1719 1292 1763 inter
1308 1718 1640 1763 intellectuales
1667 1728 1852 1762 naturas
1877 1718 2047 1762 habent

77 1786 264 1831 {ornias
284 1785 431 1844 magis
452 1784 745 1838 universales,
769 1795 817 1829 ut
839 1798 974 1843 supra
1000 1785 1120 1841 (Lib.
1145 1786 1199 1829 11.
1229 1800 1266 1830 c.
1294 1785 1385 1844 98.)
1410 1795 1646 1829 ostensum
1668 1794 1748 1829 est.
1774 1785 1890 1829 Sunt
1909 1785 2047 1843 igitur

83 1853 302 1912 regitivae
326 1851 593 1896 inferiorum
619 1851 996 1896 intellectualium
1022 1862 1300 1897 naturarum.

171 1913 319 1964 ’ἶῙιειικε
345 1919 548 1978 potentia
571 1917 850 1963 intellectiva
875 1916 990 1977 quae
1017 1929 1086 1963 est
1109 1919 1407 1978 propinquior
1442 1919 1679 1978 principio,
1711 1932 1890 1978 semper
1927 1918 2047 1963 inve-

2 2020 34 2048 ,Α
79 1985 208 2049 'nitur
230 1985 419 2044 regitiva
443 1984 762 2029 intellectualis
787 1985 963 2029 virtutis
996 1999 1111 2043 quae
1138 1986 1286 2043 magis
1309 2000 1334 2029 a
1355 1986 1578 2045 principio
1602 1986 1751 2031 distat.
1781 1985 1921 2037 Quod
1951 1986 2044 2044 qui-

2 2050 20 2103 ‹J'J
77 2052 194 2100 dem
224 2060 411 2110 apparet
439 2060 535 2095 tam
557 2051 604 2094 in
635 2052 835 2096 scientiis
875 2051 1176 2110 speculativis,
1219 2066 1357 2110 quam
1398 2052 1444 2095 in
1487 2052 1658 2096 activis.
1694 2052 1894 2096 Scientia
1921 2052 2045 2096 enirn

86 2117 365 2176 speculativa
388 2130 505 2176 quae
532 2117 697 2176 accipit
719 2118 773 2160 ab
797 2117 885 2161 alia
907 2117 1140 2176 principia,
1163 2132 1216 2162 ex
1239 2119 1398 2177 quibus
1421 2118 1653 2172 deliberat,
1675 2118 1837 2162 dicitur
1859 2118 1958 2162 e'sse
1980 2118 2047 2163 illi

84 2184 405 2238 subalternam,
431 2193 476 2228 et
505 2184 694 2228 scientia
721 2184 868 2227 activa
894 2198 1010 2242 quae
1037 2194 1104 2228 est
1130 2185 1427 2244 propinquior
1452 2185 1545 2240 fini,
1572 2185 1650 2244 qui
1676 2195 1744 2229 est
1767 2185 2042 2244 principium

1 2256 28 2302 '5
78 2252 137 2296 sn·
166 2252 423 2309 operativis,
450 2259 517 2294 est
537 2250 893 2295 architectonica
919 2260 1124 2309 respectu
1147 2252 1294 2310 magis
1320 2251 1540 2296 distantis.
1564 2252 1686 2295 Curn
1710 2265 1819 2310 ergo
1846 2252 1962 2296 inter
1984 2252 2046 2296 in-

74 2316 367 2364 τῠηεξιιιαῑεε
398 2316 667 2362 substantias
693 2317 918 2376 quaedam
944 2318 1032 2361 sint
1058 2318 1205 2376 primo
1233 2319 1471 2377 principio,
1505 2319 1679 2363 scilicet
1708 2319 1827 2376 Deo,
1868 2319 2047 2377 propin-

75 2379 283 2511 ξέξτεε,
302 2393 358 2429 ιιι
380 2384 426 2428 in
452 2384 601 2443 primo
634 2386 696 2443 (c.
729 2397 799 2444 92.
827 2394 872 2429 et
897 2385 988 2444 95.)
1023 2395 1260 2429 ostensum
1287 2395 1368 2440 est,
1410 2386 1535 2445 ipsae
1578 2395 1711 2430 erunt
1753 2385 1946 2457 aliarum
1977 2399 2044 2430 re-

198 2456 253 2497 'sse

3 2543 40 2581 ..53
80 2511 150 2552 2³³
155 2517 362 2564 Adhuc.
388 2517 643 2579 superiores
668 2517 997 2562 intellectuales
1023 2518 1299 2563 substantiae
1326 2518 1567 2578 perfectius
1589 2518 1769 2563 divinae
1796 2519 2043 2577 sapientiae

4 2586 40 2645 ζ
76 2581 370 2629 ‘influentiam
400 2585 448 2628 in
479 2585 637 2643 seipsis
678 2585 914 2642 recipiunt,
942 2598 1048 2628 cum
1074 2587 1433 2645 unumquodque
1463 2586 1653 2662 recipiat
1685 2585 1853 2644 aliquid
1889 2599 2046 2630 secun-

6 2670 43 2715 }
75 2649 199 2698 dum
222 2650 413 2695 modum
445 2662 593 2695 suum.
619 2650 710 2695 Per
739 2651 1009 2710 sapientiam
1036 2661 1188 2695 autem
1216 2653 1420 2696 divinam
1452 2653 1610 2696 omnia
1651 2653 1973 2711 gubernantur,
2000 2664 2045 2698 et

9 2712 53 2796 g?
76 2715 153 2761 sic
184 2725 363 2776 oportet
392 2716 514 2775 quod
543 2729 600 2760 ea
631 2730 748 2775 quae
774 2717 921 2775 magis
943 2717 1143 2761 divinam
1166 2719 1436 2776 sapientiam
1457 2719 1740 2777 participant,
1763 2719 1852 2762 sint
1885 2720 2042 2776 guber-

10 2781 46 2863 ξς
77 2783 241 2828 *nativa
271 2796 432 2828 eorum
465 2797 580 2843 quae
612 2785 762 2828 minus
802 2785 1082 2843 participant.
1118 2786 1405 2831 Substantiae
1445 2787 1582 2845 igitur
1613 2785 1944 2831 intellectuales
1976 2788 2043 2832 in-

16 2855 36 2974 ἦ
88 2848 276 2894 seriores
306 2850 612 2913 gubernantur
641 2864 721 2909 per
751 2851 1020 2910 superiores

16 2914 24 2924 ⁹
159 2913 402 2960 Dicuntur
423 2929 534 2993 ergo
556 2917 811 2974 superiores
837 2917 1018 2975 spiritus
1044 2926 1089 2962 et
1111 2918 1293 2977 angeli
1283 2934 1328 2963 m
1351 2929 1572 2996 quantum
1598 2919 1832 2963 inferiores
1859 2919 2039 2996 spiritus

23 2980 300 3050 dirigunt,
326 2982 455 3040 quasi
472 2983 536 3027 eis
555 2983 877 3026 annuntiando.
904 2983 1025 3027 Nam
1049 2985 1199 3042 angeli
1216 2985 1345 3044 quasi
1361 2986 1506 3029 nuntii
1523 2985 1734 3030 dicuntur
1761 2995 1806 3030 et
1828 2986 2037 3040 ministri,

26 3083 46 3107 .-
56 3049 135 3094 in
155 3059 375 3108 quantum
401 3063 484 3107 per
514 3063 643 3093 suam
670 3050 983 3107 operationem
1011 3061 1315 3109 exsequuntur
1341 3052 1478 3096 etiam
1497 3053 1543 3096 in
1566 3053 1697 3096 rebus
1725 3052 2038 3110 corporalibus

0 3117 54 3174 {¹15
88 3114 268 3159 divinae
294 3115 604 3174 providentiae
630 3116 852 3177 ordinem,
878 3131 986 3160 nam
1014 3117 1218 3161 minister
1243 3128 1310 3162 est
1336 3119 1465 3176 quasi
1491 3119 1842 3162 instrumentum
1871 3118 2040 3162 anima·

0 3214 3 3240 Ξ
30 3178 201 3243 fnum,
226 3181 477 3225 secundum
513 3181 848 3241 Philosophum
879 3192 1067 3240 (octavo
1101 3183 1298 3227 Ethicor.
1330 3199 1367 3228 c
1396 3198 1436 3243 7.
1470 3195 1513 3228 et
1546 3186 1693 3244 primo
1721 3183 1857 3228 Polit.
1886 3199 1924 3228 c.
1963 3185 2036 3243 3.).

0 3241 3 3248 ⁷
30 3245 146 3313 :g'jssfEt
156 3246 258 3292 hoc
291 3257 359 3292 est
382 3248 504 3306 quod
531 3248 693 3293 dicitur
718 3249 1119 3307 (Psa1.C111.4):
1150 3252 1238 3307 Qui
1262 3252 1366 3307 facil
1402 3252 1565 3309 angelos
1589 3266 1683 3296 suos
1706 3253 1892 3311 spiratus,
1915 3253 2042 3296 mini-

37 3313 38 3316 ’
69 3300 194 3390 ἕως
213 3327 306 3358 suos
318 3314 543 3372 flammam
566 3315 688 3373 ignis

227 3744 265 3781 S.
289 3744 442 3782 Tuom
468 3746 599 3781 &mma
625 3753 734 3781 contra
760 3746 915 3782 Gcntiles.
1862 3752 1904 3784 26
