2332 3854
755 249 908 288 LIBER
948 248 1022 287 111.
1064 248 1182 288 cAP.
1225 247 1408 287 vam.
1954 233 2053 303 383

105 354 195 401 sari
218 368 312 400 non
338 363 500 415 potest,
526 351 766 398 manifeste
795 352 1048 397 ostenditur
1073 351 1240 406 Deum,
1261 364 1355 396 non
1378 349 1529 396 solum
1547 350 1735 395 coelesti
1762 352 1958 411 corpori,
1981 353 2062 397 sed

0 442 13 468 t
105 422 242 467 etiam
267 421 434 466 infimis
458 421 591 465 rebus
617 418 880 463 immediate
915 419 1085 463 adesse.

0 468 25 545 ξι
128 516 130 518 -
193 488 299 533 Non
333 497 398 532 est
436 484 588 532 autem
623 485 957 530 aestimandum
983 485 1135 529 Deum
1169 485 1233 530 sic
1261 499 1360 530 esse
1391 485 1557 545 ubique
1589 485 1712 544 quod
1738 498 1819 544 per
1844 485 2055 530 locorum

0 546 10 621 ξ
104 554 248 614 spatia
274 554 511 607 dividatur,
533 552 662 612 quasi
684 565 773 595 una
795 565 896 611 pars
920 552 1014 608 ejus
1041 552 1097 595 sit
1113 551 1188 595 hic
1211 561 1258 596 et
1272 551 1360 595 alia
1382 551 1512 606 alibi;
1540 551 1618 596 sed
1648 559 1769 596 totus
1791 552 1957 611 ubique
1979 549 2069 597 est,

103 620 230 666 Deus
256 620 393 674 enim,
419 633 560 679 quum
586 619 643 664 sit
668 618 859 662 omnino
886 617 1090 676 simplex,
1117 617 1317 677 partibus
1345 627 1480 662 caret.

191 687 352 746 Neque
378 687 443 731 sic
469 686 662 745 simplex
688 694 756 729 est
780 685 896 728 sicut
918 695 1110 743 punctus
1137 685 1214 744 qui
1230 695 1297 729 est
1314 685 1532 728 terminus
1560 684 1780 739 continui,
1807 694 1852 729 et
1875 694 2059 745 propter

0 759 10 812 ξ’
102 753 193 799 hoc
219 753 570 799 determinatum
597 752 734 796 situm
760 751 806 794 in
834 751 1052 795 continuo
1080 752 1240 806 habet;
1274 751 1392 795 unde
1425 765 1518 795 non
1546 761 1696 809 potest
1716 758 1833 796 unus
1865 761 2059 811 punctus

102 820 189 865 nisi
214 820 261 864 in
287 834 380 863 uno
403 819 510 863 loco
542 818 802 863 indivisibili
825 830 935 861 esse.
964 818 1090 861 Deus
1118 828 1271 862 autem
1297 817 1580 861 indivisibilis
1606 828 1686 870 est,
1713 818 1842 877 quasi
1868 819 2060 863 omnino

0 877 12 946 ξ
103 894 228 932 extra
259 899 402 946 genus
435 885 639 930 continui
673 885 911 938 exsistens3
945 885 1064 927 unde
1102 898 1195 928 non
1229 885 1556 928 determinatur
1587 884 1642 927 ad
1669 884 1824 928 locum
1857 884 1931 930 vel
1963 898 2060 929 ma-

0 948 6 964 *
102 966 259 1013 gnum,
276 952 351 997 vel
367 966 572 1012 parvum,
600 966 654 996 ex
674 950 943 995 necessitate
970 964 1078 994 suae
1105 951 1340 1004 essentiae,
1373 951 1501 1009 quasi
1520 961 1729 1009 oporteat
1756 965 1862 996 eum
1888 965 1987 996 esse
2012 952 2059 996 in

0 1051 15 1098 ἓ
103 1018 257 1079 aliquo
282 1018 406 1073 loco,
432 1032 574 1077 quum
596 1018 692 1076 ipse
718 1017 853 1062 fuerit
875 1018 928 1061 ab
957 1027 1141 1074 aeterno
1171 1027 1272 1061 ante
1300 1031 1490 1061 omnem
1516 1017 1697 1072 locum;
1723 1018 1803 1062 sed
1829 1018 2061 1064 immensi-

0 1099 10 1145 ᾗ
42 1080 53 1109 .·
101 1096 194 1131 tate
218 1099 327 1130 suae
344 1085 519 1129 virtutis
546 1084 726 1141 attingit
751 1085 906 1128 omnia
933 1098 1048 1143 quae
1066 1094 1170 1128 sunt
1194 1084 1241 1127 in
1258 1084 1379 1137 loco,
1396 1098 1537 1143 quum
1555 1084 1613 1128 sit
1638 1083 1903 1129 universalis
1921 1098 2059 1130 causa

0 1149 15 1203 ἱ
102 1153 298 1207 mendi,
329 1161 379 1196 ut
403 1152 574 1213 dictum
593 1160 673 1196 est.
698 1151 773 1195 Sic
800 1151 937 1209 igitur
961 1150 1057 1209 ipse
1083 1160 1206 1195 totus
1233 1160 1300 1195 est
1320 1150 1594 1210 ubicumque
1619 1159 1700 1205 est,
1723 1151 1828 1210 quia
1851 1166 1932 1211 per
1956 1151 2060 1196 sim·
2118 1167 2121 1169 ·

0 1201 15 1304 ἱ
100 1218 269 1279 plicem
299 1231 431 1263 suam
462 1218 675 1262 virtutem
700 1218 909 1261 universa
936 1217 1126 1275 attingit.

127 1293 129 1295 ’
188 1285 295 1330 Non
321 1295 387 1330 est
403 1294 557 1329 tamen
574 1285 907 1329 aestimandum
935 1284 1057 1342 quod
1085 1284 1147 1328 sic
1167 1283 1224 1327 sit
1248 1284 1293 1328 in
1311 1284 1444 1328 rebus
1467 1285 1595 1343 quasi
1613 1284 1802 1340 mixtus3
1822 1294 2058 1330 ostensum

102 1361 169 1414 est
193 1351 316 1397 enim
341 1351 388 1396 in
412 1352 561 1411 primo
589 1352 649 1409 (c.
672 1350 742 1396 26.
771 1361 815 1395 et
841 1351 932 1408 27.)
960 1350 1081 1410 quod
1114 1365 1261 1410 neque
1296 1351 1500 1404 materia,
1532 1364 1680 1411 neque
1711 1350 1861 1396 forma
1894 1361 1962 1396 est
1985 1351 2063 1396 ali-

102 1419 246 1478 cujus,
272 1418 351 1464 sed
378 1428 446 1463 est
470 1418 517 1462 in
550 1418 761 1478 operibus
786 1432 866 1477 per
897 1417 1087 1462 modum
1115 1431 1280 1462 causae
1308 1418 1495 1477 agentis.

830 1588 1084 1657 CAPUT
1125 1589 1326 1644 LXIX.

398 1725 472 1764 DE
511 1724 778 1764 OPINIONE
815 1724 1006 1763 EORUM
1040 1724 1138 1770 QUI
1170 1724 1337 1762 REBUS
1370 1723 1750 1763 NATURALIBUS

577 1798 836 1838 PROPRIAS
878 1798 1243 1838 SUBTRAHUNT
1282 1798 1579 1836 ACTIONES.

215 1901 299 1961 (ΙΙ.
330 1902 439 1947 Sent.
472 1901 563 1947 dist.
600 1917 658 1947 ιι.
693 1907 844 1962 quaest.
878 1902 912 1946 I.
946 1908 1026 1946 art.
1055 1916 1089 1961 3.
1124 1907 1160 1946 et
1189 1901 1224 1946 I.
1254 1907 1369 1960 part.
1402 1907 1556 1960 quaest.
1589 1901 1710 1946 LIII.
1739 1907 1819 1946 art.
1859 1901 1933 1958 1.).

185 2015 252 2059 Ex
276 2014 368 2059 hoc
394 2023 548 2059 autem
582 2013 771 2073 quidam·
808 2014 1102 2058 occasionem
1138 2013 1315 2058 errandi
1357 2023 1661 2072 sumpserunt,
1687 2022 1897 2072 putantes
1929 2015 2052 2072 quod

1 2085 35 2137 2„ss
99 2081 226 2126 nulla
250 2090 456 2125 creatura
481 2081 618 2125 habet
643 2080 843 2139 aliquam
870 2081 1099 2124 actionem
1117 2080 1162 2123 in
1186 2080 1485 2139 productione
1501 2079 1746 2124 effectuum
1762 2080 2054 2135 naturalium,

96 2150 157 2193 ita
180 2147 354 2192 scilicet
380 2147 501 2206 quod
529 2148 644 2206 ignis
673 2161 766 2191 non
794 2147 1015 2200 calefacit,
1032 2147 1110 2190 sed
1127 2148 1253 2191 Deus
1277 2156 1432 2191 causat
1449 2146 1652 2191 calorem
1675 2157 1912 2206 praesente
1930 2148 2050 2206 igne.

97 2215 152 2260 Et
177 2213 386 2259 similiter
409 2214 565 2259 dicunt
588 2214 635 2257 in
663 2214 874 2258 omnibus
902 2214 1000 2258 aliis
1028 2213 1260 2258 effectibus
1286 2213 1578 2257 naturalibus.

144 2307 160 2319 .‹
185 2282 319 2326 Hunc
340 2289 494 2325 autem
522 2294 724 2325 errorem
749 2281 1000 2325 rationibus
1026 2281 1301 2325 confirmare
1319 2281 1472 2325 conati
1498 2290 1615 2334 sunt,
1642 2281 1934 2326 ostendentes
1955 2281 2052 2325 nul-

36 2357 38 2360 ’
92 2347 410 2395 Ιιηῐὶοι-ωειω
441 2361 590 2407 neque
622 2348 980 2401 substantialem,
1008 2362 1155 2407 neque
1188 2347 1534 2402 accidentalem,
1559 2348 1647 2392 nisi
1675 2362 1755 2407 per
1779 2348 1902 2392 viam
1931 2362 2051 2394 crea·

31 2428 45 2447 ²
92 2414 231 2462 tionis
253 2415 445 2475 produci
469 2416 515 2459 in
542 2429 654 2460 esse.
681 2415 790 2460 Non
817 2416 940 2460 enim
967 2424 1157 2475 possunt
1189 2415 1366 2460 formae
1400 2426 1445 2460 et
1471 2416 1725 2460 accidentia
1749 2415 1848 2460 fieri
1881 2430 1935 2460 ex
1962 2430 2054 2460 ma-

92 2482 219 2538 teria,
250 2496 358 2526 cum
381 2496 477 2526 non
502 2482 669 2527 habeat
702 2482 940 2527 materiam
983 2492 1159 2541 partem
1197 2483 1281 2526 sui.
1311 2483 1445 2527 Unde
1472 2483 1511 2527 si
1551 2482 1673 2539 fiant,
1713 2492 1896 2541 oportet
1933 2484 2055 2542 quod

2 2556 50 2609 0³³.
93 2549 204 2597 fiant
228 2562 283 2594 ex
306 2548 469 2602 nihilo,
494 2549 617 2607 quod
645 2559 714 2593 est
753 2549 920 2604 creari3
947 2558 991 2593 et
1027 2549 1132 2608 quia
1171 2549 1341 2594 creatio
1379 2549 1521 2594 solius
1547 2549 1637 2593 Dei
1662 2549 1782 2593 actio
1810 2559 1891 2603 est,
1926 2559 1974 2593 ut
2003 2550 2051 2593 in

42 2619 58 2646 -’
94 2616 295 2663 secundo
322 2626 559 2660 ostensum
585 2626 655 2660 est
679 2617 740 2673 (c.
769 2617 877 2673 21.),
904 2616 1033 2675 sequi
1058 2616 1249 2669 videtur,
1276 2617 1399 2674 quod
1431 2616 1558 2661 solus
1590 2616 1717 2660 Deus
1749 2626 1844 2660 tam
1876 2615 2050 2660 formas

97 2683 414 2729 mostantiales
439 2696 577 2742 quam
605 2682 909 2728 accidentales
934 2683 981 2727 In
1006 2693 1169 2728 natura
1191 2684 1426 2742 producat.

186 2750 306 2795 Huic
340 2761 493 2794 autem
519 2750 735 2808 positioni
767 2750 931 2807 partim
964 2750 1101 2794 etiam
1140 2750 1444 2809 quorumdam
1482 2748 1864 2808 philosophorum
1896 2750 2053 2809 opinio

35 2816 404 2863 *concorda-vit.
434 2817 557 2869 Quia
584 2816 707 2860 enim
741 2829 879 2860 omne
906 2816 1028 2875 quod
1061 2831 1141 2874 per
1166 2830 1214 2861 se
1240 2830 1335 2860 non
1361 2826 1442 2870 est,
1471 2816 1524 2859 ab
1558 2830 1614 2860 eo
1641 2817 1764 2875 quod
1791 2825 1858 2860 est
1889 2830 1970 2873 per
2004 2832 2051 2862 se

94 2882 345 2929 derivatum
370 2883 610 2937 invenitur,
635 2883 813 2927 videtur
839 2883 961 2941 quod
998 2882 1174 2926 formae
1211 2896 1362 2926 rerum
1391 2896 1507 2941 quae
1539 2896 1634 2926 non
1661 2892 1765 2926 sunt
1790 2896 1870 2940 per
1895 2897 1946 2927 se
1980 2897 2053 2927 ex·

40 2969 67 2994 ιι,
94 2949 316 3005 sistentes,
342 2950 421 3014 sed
448 2950 495 2993 in
521 2951 725 3003 materia,
749 2949 1018 3007 proveniant
1034 2963 1087 2993 ex
1110 2948 1268 2993 formis
1286 2963 1402 3008 quae
1420 2962 1499 3008 per
1517 2963 1565 2993 se
1588 2949 1686 2993 sine
1711 2949 1902 2993 materia
1924 2960 2051 2994 sunt:

95 3016 223 3076 quasi
255 3015 433 3061 formae
464 3016 510 3060 in
549 3016 739 3060 materia
774 3016 1038 3060 exsistentes
1075 3016 1164 3059 sint
1199 3016 1425 3074 quaedam
1466 3015 1836 3074 participationes
1867 3015 2052 3060 illarum

7 3078 10 3086 ‘
93 3080 346 3128 formarum
371 3096 487 3142 quae
513 3083 610 3127 sine
637 3083 828 3128 materia
854 3093 970 3127 sunt.
997 3083 1054 3127 Et
1076 3093 1259 3141 propter
1283 3083 1374 3126 hoc
1402 3081 1534 3126 Plato
1562 3081 1713 3139 (Tim.
1747 3097 1786 3126 c.
1819 3095 1884 3127 ιο.
1911 3093 1956 3127 et
1980 3083 2051 3128 De

7 3159 9 3161 ’
95 3156 188 3209 rep.
204 3149 394 3208 passim)
420 3149 572 3208 posuit
589 3149 764 3208 species
789 3163 941 3193 rerum
959 3148 1240 3193 sensibilium
1260 3162 1358 3192 esse
1379 3149 1601 3207 quasdam
1620 3148 1792 3193 formas
1808 3159 2052 3208 separatas,

96 3212 210 3275 qhne
234 3225 340 3260 sunt
356 3229 492 3260 causa
514 3216 692 3259 essendi
708 3215 780 3259 his
802 3216 1087 3260 sensibilibus
1114 3216 1365 3259 secundum
1389 3215 1511 3273 quod
1539 3229 1614 3259 eas
1642 3216 1924 3274 participant.
1948 3217 2054 3261 Avi-

93 3292 244 3326 cenua·
257 3296 369 3327 vero
389 3282 543 3341 posuit
558 3295 718 3326 omnes
737 3281 907 3326 formas
925 3282 1240 3326 substantiales
1258 3283 1311 3325 ab
1339 3281 1638 3341 intelligentia
1656 3292 1820 3341 agente
1840 3283 2048 3338 effluere3

82 3343 396 3394 <accidentales
435 3358 587 3392 autem
619 3347 791 3392 formas
829 3362 926 3393 esse
963 3351 1161 3408 ponebat
1201 3349 1420 3407 quasdam
1459 3349 1676 3393 materiae
1712 3349 2047 3408 dispositiones,

91 3415 211 3473 'quae
235 3427 289 3460 ex
315 3415 494 3459 actione
520 3414 786 3459 inferiorum
815 3415 1048 3474 agentium
1075 3416 1314 3459 materiam
1341 3415 1679 3474 disponentium
1706 3417 2047 3475 proveniebant,

13 3487 65 3530 ,a
97 3477 261 3540 inquo
292 3495 318 3525 a
343 3481 481 3541 priori
503 3481 690 3525 stultitia
716 3480 985 3526 declinabat.

14 3527 68 3625 ἦξε
120 3558 155 3584 «ι
177 3546 327 3606 Hujus
353 3557 506 3592 autem
541 3547 725 3607 signum
760 3561 858 3592 esse
883 3548 1134 3602 videbatur,
1160 3548 1283 3608 quod
1310 3547 1434 3592 nulla
1474 3547 1614 3592 virtus
1641 3549 1788 3593 activa
1823 3550 2049 3595 invenitur

15 3618 60 3650 ἲ·
99 3624 194 3658 esse
223 3613 270 3658 in
305 3615 399 3660 istis
432 3615 697 3674 corporibus
729 3615 814 3659 nisi
848 3615 1140 3660 accidentalis
1173 3615 1336 3669 forma,
1369 3615 1483 3659 sicut
1520 3614 1756 3674 qualitates
1798 3617 1972 3662 activae
2004 3629 2047 3662 et
