2332 3854
780 266 936 334 tum
973 264 1050 307 111.
1092 266 1214 307 cap,
1254 265 1399 307 unx.
1951 254 2053 324 385

199 369 432 430 Amplius:
458 368 678 429 perfectio
705 367 891 416 effectus
916 367 1186 414 determinat
1207 368 1534 427 perfectionem
1551 383 1741 424 causae;
1768 370 1915 429 major
1932 371 2055 416 enim

110 436 249 481 virtus
274 435 600 496 perfectionem
628 434 870 479 effectuum
897 434 1082 479 inducit.
1105 436 1232 480 Deus
1249 445 1402 480 autem
1417 446 1486 483 cst
1503 435 1881 495 perfectissimum
1900 451 2053 495 agens.

112 503 309 561 Oportet
333 502 482 561 igitur,
508 502 629 560 quod
657 515 727 546 res
756 502 809 544 ab
836 501 934 560 ipso
954 511 1132 545 creatae
1150 502 1476 560 perfectionem
1503 503 1557 547 ab
1580 502 1679 561 ipso
1699 513 2049 561 consequantur.

109 569 361 617 Detrahere
378 583 489 626 ergo
516 567 782 627 perfectioni
798 577 1105 612 creaturarum
1122 579 1189 612 est
1215 569 1451 614 detrahere
1476 569 1744 628 perfectioni
1770 570 1949 614 divinae
1970 570 2057 614 vir-

109 637 227 684 tutis.
256 637 347 682 Sed
379 637 417 680 si
447 635 573 681 nulla
604 644 808 681 creatura
839 635 974 681 habet
1007 634 1205 694 aliquam
1239 636 1469 680 actionem
1506 635 1561 679 ad
1603 635 1802 695 aliquem
1838 635 2054 680 effectum

107 702 467 762 producendum,
485 702 678 747 multum
701 701 947 745 detrahitur
972 700 1240 759 perfectioni
1266 712 1513 746 creaturae.
1542 701 1607 746 Ex
1634 701 1909 747 abundantia
1932 702 2056 746 enirn

107 768 395 826 perfectionis
427 778 508 821 est,
535 767 656 826 quod
689 766 1015 825 perfectionem
1049 781 1186 825 quam
1223 767 1392 826 aliquid
1425 768 1576 822 habet,
1603 768 1744 827 possit
1779 768 1910 814 alteri
1933 782 2057 814 com-

106 835 354 882 municare.
381 834 591 880 Detrahit
616 834 752 892 igitur
773 833 887 877 haec
915 834 1078 890 positio
1112 834 1291 877 divinae
1323 835 1491 879 virtuti.

192 900 334 946 Item:
362 901 480 945 sicut
509 910 577 945 est
607 900 718 944 boni
748 899 920 943 bonum
952 898 1114 953 facere,
1148 900 1207 944 ita
1242 911 1309 944 est
1339 902 1507 945 summi
1538 900 1647 944 boni
1680 901 1848 959 aliquid
1881 901 2054 960 optime

104 966 268 1012 facere.
294 967 421 1013 Deus
448 977 600 1011 autem
627 977 694 1011 est
720 979 951 1010 summum
973 966 1160 1019 bonum,
1188 977 1236 1011 ut
1261 967 1307 1010 in
1334 967 1482 1025 primo
1506 969 1565 1026 (c.
1592 967 1687 1024 41.)
1715 978 1950 1012 ostensum
1973 978 2054 1012 est.

53 1072 58 1079 .
102 1033 246 1091 Igitur
271 1035 368 1091 ejus
395 1043 461 1077 est
493 1033 664 1092 optime
690 1031 839 1076 facere
867 1033 1036 1075 omnia.
1070 1032 1234 1076 Melius
1268 1043 1422 1076 autem
1455 1043 1521 1077 est
1554 1034 1675 1091 quod
1708 1033 1881 1078 bonurn
1916 1034 2052 1077 alicui

102 1098 322 1144 collatum
363 1100 421 1143 sit
454 1099 705 1144 multorum
746 1112 1007 1152 commune,
1040 1113 1178 1157 quam
1212 1100 1333 1159 quod
1366 1100 1422 1144 sit
1454 1100 1703 1158 proprium,
1737 1102 1844 1158 quia
1877 1101 2051 1144 bonum

105 1158 354 1212 commune
379 1179 560 1224 semper
585 1165 812 1210 invenitur
838 1179 934 1209 esse
968 1166 1161 1210 divinius
1194 1180 1332 1224 quam
1364 1166 1539 1210 bonum
1571 1165 1704 1209 unius
1736 1175 1933 1210 tantum.
1961 1166 2052 1211 Sed

102 1233 277 1277 bonurn
309 1232 440 1276 unius
473 1232 521 1276 fit
553 1231 706 1275 multis
745 1245 1006 1285 commune,
1044 1232 1081 1275 si
1115 1232 1167 1275 ab
1202 1246 1294 1276 uno
1325 1231 1372 1275 in
1409 1231 1497 1275 alia
1530 1231 1772 1284 derivatur,
1799 1233 1921 1290 quod
1958 1246 2053 1276 non

103 1308 254 1357 potest
278 1311 395 1352 esse,
419 1298 507 1342 nisi
527 1298 574 1341 in
602 1308 822 1356 quantum
848 1297 1056 1342 diffundit
1081 1298 1230 1357 ipsum
1256 1299 1302 1341 in
1330 1297 1418 1341 alia
1444 1311 1523 1356 per
1549 1298 1780 1356 propriam
1808 1298 2053 1343 actionem.

0 1347 6 1389 3>
48 1396 54 1399 ψ
103 1364 154 1410 Si
179 1378 288 1409 vero
315 1374 589 1423 potestatem
621 1378 716 1407 non
749 1364 886 1408 habet
915 1363 1104 1417 illudlin
1148 1363 1236 1407 alia
1267 1363 1624 1417 transfundendi,
1664 1373 1817 1408 manet
1853 1364 1938 1408 sibi
1969 1365 2056 1424 ipsi

101 1432 350 1490 proprium.
379 1430 455 1474 Sic
482 1432 618 1489 igitur
642 1431 768 1474 Deus
795 1431 927 1474 rebus
954 1430 1117 1474 creatis
1149 1443 1279 1474 suam
1311 1430 1565 1475 bonitatem
1599 1431 1972 1485 communicavit,
2005 1441 2055 1476 ut

101 1512 192 1542 una
217 1511 288 1542 res
314 1497 436 1557 quod
465 1498 639 1556 accepit
665 1497 810 1555 possit
829 1497 876 1542 in
903 1496 1040 1540 aliam
1072 1496 1399 1541 transfundere.
1426 1497 1681 1541 Detrahere
1708 1511 1818 1556 ergo
1843 1498 2051 1543 actiones

101 1564 307 1623 proprias
331 1564 464 1609 rebus
490 1574 558 1608 est
584 1564 763 1607 divinae
789 1564 978 1607 bonitati
1013 1563 1246 1622 derogare.

188 1631 377 1677 Adhuc:
405 1630 669 1674 subtrahere
696 1630 903 1674 ordinem
930 1630 1063 1674 rebus
1081 1632 1243 1673 creatis
1274 1638 1341 1673 est
1363 1629 1427 1673 eis
1449 1629 1713 1673 subtrahere
1730 1629 1776 1673 id
1795 1630 1918 1688 quod
1943 1631 2055 1689 opti-

103 1711 232 1741 mum
256 1697 450 1751 habent;
477 1711 586 1739 nam
612 1695 792 1754 singula
823 1697 869 1739 in
903 1696 1062 1753 seipsis
1094 1706 1198 1739 sunt
1229 1696 1371 1739 bona:
1407 1695 1542 1740 simul
1575 1706 1728 1740 autem
1762 1696 1918 1741 omnia
1950 1707 2056 1741 sunt

102 1766 276 1822 optima
301 1773 484 1822 propter
509 1763 718 1806 ordinem
746 1762 956 1806 universi.
991 1762 1182 1820 Semper
1210 1762 1332 1807 enim
1362 1771 1511 1806 totum
1544 1771 1611 1806 est
1643 1762 1806 1807 melius
1839 1764 2053 1821 partibus,

101 1839 148 1874 et
170 1829 271 1875 finis
295 1830 511 1890 ipsarum.
539 1829 589 1872 Si
616 1838 769 1873 autem
794 1829 926 1872 rebus
953 1828 1272 1872 subtrahantur
1299 1829 1518 1882 actiones,
1545 1830 1822 1873 subtrahitur
1848 1830 1963 1874 ordo
1990 1844 2055 1875 re-

100 1910 203 1945 rum
228 1895 284 1939 ad
307 1895 528 1949 invicem3
554 1908 708 1938 rerum
740 1896 864 1939 enim
900 1908 1016 1953 quae
1053 1905 1157 1938 sunt
1189 1894 1394 1940 diversae
1427 1895 1680 1940 secundum
1717 1910 1821 1940 suas
1853 1907 2053 1951 naturas,

98 1975 196 2009 noo
224 1972 294 2011 est
318 1961 553 2020 colligatio
585 1961 632 2005 in
665 1961 836 2005 ordinis
869 1962 1105 2015 unitatem,
1132 1961 1220 2005 nisi
1250 1975 1330 2019 per
1360 1961 1452 2005 hoc
1485 1961 1607 2020 quod
1640 1963 1864 2020 quaedam
1899 1972 2054 2022 agunt,

99 2038 149 2077 et
169 2028 394 2088 quaedam
419 2027 664 2086 patiuntur.
690 2027 1024 2071 Inconveniens
1049 2027 1188 2085 igitur
1214 2037 1282 2072 est
1313 2027 1477 2082 dicere,
1505 2029 1627 2086 quod
1654 2043 1724 2072 res
1758 2043 1852 2073 non
1883 2029 2055 2074 habent

100 2095 307 2154 proprias
331 2094 550 2141 actiones.

187 2159 424 2220 Amplius:
457 2160 495 2204 si
527 2159 714 2204 effectus
745 2173 840 2204 non
871 2158 1181 2217 producuntur
1207 2173 1262 2205 ex
1294 2160 1472 2204 actione
1499 2174 1653 2204 rerum
1680 2170 1948 2217 creatarum,
1973 2163 2054 2207 sed

99 2227 257 2278 solum·
283 2241 340 2277 ex
363 2227 543 2272 actione
565 2227 667 2280 Dei,
693 2226 975 2286 impossibile
1003 2237 1072 2271 est
1093 2226 1217 2285 quod
1241 2241 1320 2286 per
1342 2226 1556 2271 effectum
1583 2227 1894 2273 manifestetur
1915 2231 2055 2274 virtus

98 2293 290 2354 alicuius
316 2307 481 2338 causae
504 2303 704 2348 creatae;
736 2308 830 2338 non
858 2294 981 2338 enim
1008 2292 1195 2337 effectus
1222 2294 1419 2338 ostendit
1444 2294 1658 2339 virtutem
1685 2309 1848 2340 causae
1873 2296 1961 2341 nisi
1990 2311 2058 2341 ra-

97 2362 223 2413 tione
249 2361 459 2414 actionis,
473 2375 590 2420 quae
609 2375 634 2404 a
650 2361 814 2407 virtute
825 2360 1083 2430 *procedens
1102 2361 1159 2404 ad
1176 2360 1388 2407 effectum
1407 2361 1689 2405 terminatur.
1706 2362 1879 2407 Natura
1902 2373 2055 2407 autem

99 2423 265 2479 causae
277 2442 374 2475 non
400 2428 695 2487 cognoscitur
719 2441 800 2486 per
825 2427 1040 2473 effectum
1056 2428 1143 2471 nisi
1168 2428 1215 2471 in
1241 2438 1464 2486 quantum
1490 2442 1570 2486 per
1594 2429 1744 2487 ipsum
1763 2431 2055 2488 cognoscitur

21 2492 42 2552 j-j:
95 2495 358 2553 νὶημεεῇιιε,
370 2508 488 2554 quae
497 2504 708 2539 naturam
719 2494 1024 2553 consequitur.
1045 2494 1095 2538 Si
1110 2495 1247 2553 igitur
1263 2509 1334 2540 res
1353 2505 1532 2539 creatae
1548 2509 1644 2539 non
1661 2496 1832 2540 habent
1849 2497 2058 2542 actiones

99 2561 161 2606 ad.
181 2561 525 2620 producendum
550 2560 753 2616 effectus,
778 2562 981 2620 sequitur
1003 2561 1126 2620 quod
1143 2575 1378 2620 nunquam
1395 2571 1556 2606 natura
1575 2562 1766 2621 alicujus
1790 2564 1855 2607 rei
1878 2574 2055 2608 creatae

98 2629 264 2688 poterit
288 2628 509 2687 cognosci
528 2642 606 2687 per
632 2627 861 2682 effectum,
888 2638 933 2673 et
958 2628 1022 2672 sic
1045 2628 1322 2672 subtrahitur
1347 2629 1478 2673 nobis
1503 2630 1652 2674 omnis
1687 2630 1891 2688 cognitio
1914 2631 2055 2676 scien-

98 2695 193 2747 tiae
213 2694 444 2749 naturalis,
469 2695 517 2739 in
539 2709 628 2754 qua
654 2695 897 2754 praecipue
923 2695 1338 2740 demonstrationes
1364 2710 1444 2754 per
1470 2694 1684 2740 effectum
1711 2707 1963 2742 sumuntur.

186 2761 326 2811 Item:
350 2771 538 2821 apparet
561 2775 642 2820 per
661 2761 978 2805 inductionem
996 2762 1042 2804 in
1059 2762 1289 2815 omnibus,
1305 2762 1428 2820 quod
1445 2762 1594 2807 simile
1613 2773 1718 2821 agat
1739 2778 1874 2807 suurn
1889 2763 2053 2809 simile.

98 2827 150 2878 Id
176 2837 328 2883 autem
355 2827 478 2887 quod
511 2837 752 2886 generatur
776 2828 823 2871 in
849 2828 981 2872 rebus
1007 2826 1309 2883 inferioribus,
1334 2843 1430 2872 non
1463 2839 1531 2873 est
1570 2829 1718 2874 forma
1750 2840 1942 2884 tantum,
1975 2831 2053 2876 sed

30 2886 65 2931 ‘'³'-
99 2895 408 2953 compositum
425 2908 480 2939 ex
496 2894 688 2938 materia
704 2903 750 2939 et
765 2893 938 2948 forma;
960 2908 1068 2938 nam
1092 2895 1242 2939 omnis
1269 2895 1503 2953 generatio
1527 2910 1580 2940 ex
1599 2895 1751 2955 aliquo
1779 2908 1861 2951 est,
1878 2897 2056 2944 scilicet

101 2973 160 3011 eg
182 2960 391 3014 materia,
413 2969 458 3005 et
482 2960 539 3004 ad
565 2960 749 3019 aliquid,
776 2959 951 3006 scilicet
977 2961 1033 3004 ad
1055 2960 1267 3005 formam.
1303 2961 1501 3021 Oportet
1534 2977 1644 3020 ergo
1682 2963 1805 3022 quod
1831 2978 2054 3022 generans

41 3047 43 3049 ¹
100 3037 197 3075 non
232 3027 291 3072 sit
317 3025 469 3071 forma
507 3036 700 3082 tantum,
735 3027 814 3072 sed
851 3027 1160 3086 compositum
1198 3042 1251 3072 ex
1283 3030 1474 3073 materia
1509 3039 1555 3074 et
1584 3029 1746 3074 forma.
1778 3031 1886 3075 Non
1917 3032 2054 3090 igitur

17 3095 57 3138 §.5
78 3091 274 3151 ‚species
298 3106 453 3141 rerum
476 3102 800 3152 separatarum,
818 3102 866 3138 ut
883 3093 1109 3138 Pla-tonici
1134 3106 1398 3153 posuerunt,
1414 3110 1561 3155 neque
1578 3096 1877 3155 intelligentia
1898 3112 2054 3157 agens,

99 3168 150 3203 ut
173 3157 324 3218 posuit
346 3159 600 3213 Avicenna,
643 3170 711 3204 est
746 3174 883 3204 causa
907 3160 1159 3205 formarum
1192 3176 1308 3220 quae
1334 3172 1439 3207 sunt
1462 3163 1508 3206 in
1545 3164 1762 3218 materiis,
1794 3165 1875 3209 sed
1905 3166 2052 3225 magis

97 3224 193 3274 hoc
217 3224 527 3283 compositum
558 3239 611 3269 ex
638 3226 828 3271 materia
852 3236 898 3271 et
926 3226 1092 3272 forma.

158 3304 161 3307 ·
187 3291 329 3341 Item:
356 3291 395 3336 si
416 3304 557 3350 agere
576 3293 776 3351 sequitur
803 3293 858 3338 ad
885 3308 984 3340 esse
1005 3295 1052 3339 in
1070 3305 1188 3349 actu,
1206 3295 1534 3341 inconveniens
1561 3306 1643 3350 est,
1661 3297 1782 3356 quod
1811 3307 1936 3342 actus
1953 3312 2052 3356 per-

104 3354 267 3420 fectior
293 3357 475 3402 actione
512 3358 791 3404 destituatur.
829 3360 1080 3408 Perfectior
1106 3372 1260 3406 autem
1302 3372 1427 3407 actus
1468 3373 1536 3407 est
1574 3362 1724 3407 forma
1745 3364 2051 3411 substantialis

15 3431 62 3455 ²³
80 3434 238 3482 W
263 3423 569 3473 accidentalis.
602 3425 653 3470 Si
678 3426 813 3484 igitur
836 3426 1014 3472 formae
1040 3428 1343 3473 accidentales
1377 3443 1492 3487 quae
1523 3440 1629 3474 sunt
1657 3430 1704 3474 in
1735 3430 1869 3475 rebus
1892 3445 2054 3489 corpo-

13 3519 26 3539 -,
55 3507 57 3509 ·
100 3486 265 3542 '1’stoe
294 3490 465 3537 habent
505 3491 709 3551 proprias
753 3493 973 3548 actiones,
1012 3494 1157 3539 multo
1194 3495 1341 3553 magis
1379 3495 1528 3541 forma
1569 3497 1876 3542 substantialis
1912 3498 2051 3543 habet

101 3553 300 3616 aliquam
325 3557 558 3617 propriam
580 3557 825 3606 actionem.
849 3559 957 3607 Non
979 3571 1048 3607 est
1067 3570 1221 3606 autem
1254 3562 1480 3620 ejusmodi
1502 3564 1622 3608 actio
1648 3557 1886 3623 disponere
1912 3574 2054 3611 mate-

98 3619 233 3678 rim,
256 3623 370 3684 quia
392 3625 482 3671 hoc
508 3624 559 3671 fit
573 3639 654 3684 per
679 3625 1010 3683 alterationem,
1029 3629 1084 3674 ad
1111 3642 1252 3688 quam
1275 3628 1504 3677 sufficiunt
1527 3629 1704 3677 formae
1731 3631 2048 3678 accidentales.

235 3722 272 3762 S.
296 3723 450 3762 Tuom
475 3727 610 3762 Summa
633 3734 742 3762 contra
769 3727 924 3764 Gentiles.
1874 3744 1914 3780 25
