2332 3854
783 206 937 246 nniza
975 206 1052 246 111.
1094 207 1213 247 oAP.
1257 207 1480 248 cxxxvr.
2002 212 2110 265 499

251 311 375 355 Dum
402 318 555 355 autem
580 308 798 368 exemplis
823 309 915 353 suis
942 308 1057 354 alios
1082 320 1334 369 provocant
1360 310 1416 354 ad
1446 309 1675 364 virtutem,
1702 309 1751 355 fit
1776 320 1826 356 ut
1850 311 1899 356 hi
1930 313 2007 370 qui
2034 326 2111 357 eoa

163 390 264 421 rum
290 374 507 435 exemplis
527 375 783 435 proficiunt,
805 375 955 419 minus
981 375 1036 420 ad
1063 376 1242 421 divitias
1269 375 1534 431 afficiantur,
1561 376 1671 420 dum
1692 376 1848 422 vident
1872 377 1988 422 alios
2012 393 2131 436 pro--

162 456 262 505 pter
272 444 598 505 perfectionem
614 445 733 488 vitae
749 443 926 488 divitias
943 443 1133 489 omnino
1153 445 1372 489 deserere.
1395 443 1583 497 Quanto
1602 453 1756 488 autem
1774 443 1937 503 aliquis
1959 445 2109 490 minus

162 512 340 557 divitias
366 520 503 564 amat,
528 520 573 555 et
597 520 664 555 est
688 510 839 553 virtuti
867 510 1013 568 magis
1038 511 1251 568 intentus,
1276 521 1404 555 tanto
1430 510 1607 555 facilius
1633 510 1815 555 divitias
1842 511 1888 554 in
1912 510 2108 556 aliorum

160 578 299 623 etiam
319 577 589 623 necessitate
614 575 864 622 distribuit:
887 576 1006 620 unde
1032 577 1109 635 qui
1139 587 1453 636 paupertatem
1485 577 2112 622 voluntariamassumentes

160 643 217 689 de
242 644 313 688 his
339 658 454 703 quae
482 644 535 688 ab
563 643 662 687 aliis
698 643 859 687 dantur
885 643 1054 697 vivunt,
1082 645 1227 702 magis
1259 644 1372 688 fiunt
1397 644 1496 688 aliis
1527 642 1799 703 pauperibus
1824 643 1970 698 utiles,
1993 643 2111 689 alios

162 710 219 756 ad
239 710 581 755 misericordiae
607 723 747 768 opera
772 709 919 753 verbis
945 719 990 754 et
1016 710 1234 768 exemplis
1260 710 1572 769 provocando,
1595 724 1733 770 quam
1759 710 1872 756 fiunt
1897 711 2109 756 damnosi

160 776 217 822 ad
240 776 614 823 sustentationem
641 775 760 821 vitae
787 774 982 820 aliorum
1013 776 1232 820 beneficia
1260 777 1548 835 accipientes.

247 842 379 888 Patet
402 843 540 888 etiam
566 842 688 902 quod
715 842 925 887 homines
950 842 997 886 in
1023 842 1185 887 virtute
1207 842 1408 902 perfecti,
1432 842 1588 902 quales
1606 857 1706 888 esse
1732 853 1913 903 oportet
1938 844 2016 903 qui
2032 858 2110 889 vo-

159 908 401 955 luntariam
432 906 746 968 paupertatem
781 918 1023 963 sectantur,
1060 910 1238 953 divitias
1279 919 1642 964 contemnentes,
1673 908 1931 955 libertatem
1966 911 2110 956 animi

158 989 254 1026 non
279 976 471 1035 perdunt
495 986 679 1035 propter
711 975 860 1034 aliqua
901 976 1085 1021 modica
1117 991 1233 1035 quae
1270 976 1324 1020 ad
1358 977 1739 1021 sustentationem
1773 977 1894 1022 vitae
1922 978 1975 1022 ab
2010 978 2112 1023 aliis

160 1042 412 1102 aecipiunt;
443 1057 549 1086 cum
574 1042 719 1086 homo
745 1042 1000 1087 libertatem
1027 1043 1167 1086 animi
1193 1058 1286 1087 non
1319 1043 1476 1101 perdat
1507 1043 1594 1087 nisi
1625 1054 1809 1102 propter
1835 1058 1889 1088 ea
1916 1058 2032 1104 quae
2063 1045 2111 1090 in

159 1107 325 1169 αὔξειν
341 1122 425 1157 suo
437 1109 742 1154 dominantur.
761 1109 894 1153 Unde
911 1120 1095 1168 propter
1113 1124 1165 1154 ea
1182 1124 1298 1169 quae
1315 1110 1460 1155 homo
1480 1110 1747 1164 contemnit,
1771 1110 1808 1154 si
1830 1110 1916 1155 sibi
1932 1111 2109 1166 dentur,

158 1174 412 1221 libertatem
436 1189 531 1220 non
556 1175 715 1235 perdit.

246 1242 379 1295 Licet
399 1252 553 1288 autem
577 1242 843 1287 sustentatio
869 1256 1044 1296 eorum,
1071 1243 1148 1301 qui
1172 1243 1328 1287 vivunt
1354 1243 1408 1287 de
1430 1243 1500 1287 his
1523 1257 1638 1302 quae
1656 1243 1709 1287 ab
1737 1243 1836 1288 aliis
1854 1243 2031 1298 dantur,
2053 1258 2129 1289 ex·

157 1307 391 1358 voluntate
430 1309 635 1354 dantium
667 1309 932 1368 dependeat,
968 1323 1062 1354 non
1094 1320 1249 1354 tamen
1282 1320 1465 1369 propter
1506 1311 1597 1354 hoc
1636 1309 1914 1356 insufficiens
1946 1321 2015 1356 est
2047 1311 2106 1356 ad-

157 1372 498 1420 sustentandam
521 1376 663 1427 vitam
703 1390 952 1435 pauperum
990 1376 1184 1421 Christi:
1226 1391 1321 1421 non
1361 1377 1484 1422 enim
1518 1377 1741 1435 dependet
1777 1391 1831 1421 ex
1870 1376 2107 1423 voluntate

158 1442 305 1496 unius,
329 1441 408 1488 sed
433 1456 488 1488 ex
513 1442 746 1487 voluntate
774 1441 1036 1487 multorum.
1062 1443 1170 1488 Non
1194 1453 1260 1487 est
1292 1454 1444 1488 autem
1477 1443 1709 1502 probabile
1736 1444 1859 1502 quod
1884 1444 1930 1489 in
1957 1444 2105 1489 multi-

157 1509 312 1554 tudine
339 1508 484 1555 fidelis
503 1509 660 1568 populi
690 1523 784 1553 non
810 1510 900 1555 sint
925 1509 1056 1553 multi
1082 1510 1159 1568 qui
1190 1520 1404 1568 prompto
1439 1512 1593 1555 animo
1620 1510 1889 1556 subveniant
1913 1513 2109 1556 necessi·

155 1576 321 1620 tatibus
346 1589 507 1620 eorum
532 1590 647 1634 quos
668 1576 715 1619 in
741 1575 992 1620 reverentia
1018 1576 1187 1620 habent
1211 1586 1393 1634 propter
1419 1576 1747 1635 perfectionem
1772 1577 1964 1621 virtutis.

244 1641 353 1689 Non
376 1652 445 1687 est
470 1652 621 1687 autem
646 1642 987 1695 inconveniens,
1014 1643 1053 1686 si
1078 1644 1213 1686 etiam
1241 1644 1534 1688 necessitates
1560 1658 1663 1687 suas
1687 1654 1931 1701 exponant,
1962 1653 2007 1688 et
2031 1658 2106 1688 ne-

157 1710 353 1755 cessaria
377 1718 545 1768 petant,
570 1707 644 1753 vel
668 1722 749 1768 pro
777 1708 890 1763 aliis,
916 1708 990 1752 vel
1015 1723 1096 1767 pro
1115 1722 1176 1754 se.
1195 1709 1296 1753 Hoc
1319 1710 1442 1754 enim
1464 1710 1679 1768 Apostoli
1700 1709 1861 1754 fecisse
1877 1710 2104 1769 leguntur,

157 1786 253 1820 n'on
277 1773 429 1821 solum
454 1775 508 1819 ab
534 1773 623 1819 illis
648 1775 809 1834 quibus
835 1774 1168 1833 praedicabant,
1201 1776 1457 1820 necessaria
1484 1776 1772 1834 accipientes,
1800 1776 1922 1834 quod
1954 1777 2102 1835 magis

154 1841 389 1900 potestatis
406 1851 501 1886 erat
517 1855 655 1901 quam
674 1841 990 1895 mendicitatis,
1007 1852 1190 1900 propter
1216 1842 1551 1886 ordinationem
1577 1843 1783 1897 Domini,
1800 1853 1849 1886 ut
1870 1843 1947 1902 qui
1963 1843 2109 1887 Evan-

156 1906 277 1967 gelio
303 1907 576 1962 deserviunt,
602 1907 657 1952 de
683 1907 934 1967 Evangelio
960 1908 1144 1963 vivant;
1181 1908 1260 1953 sed
1293 1909 1432 1956 etiam
1459 1923 1540 1968 pro
1568 1909 1837 1968 pauperibus
1863 1910 1940 1968 qui
1975 1919 2104 1954 erant

154 1976 200 2020 in
225 1974 526 2029 Hierusalem,
553 1975 630 2034 qui
654 1988 736 2019 sua
763 1975 1054 2028 dimittentes,
1080 1975 1128 2019 in
1150 1986 1413 2034 paupertate
1440 1976 1678 2029 vivebant;
1703 1990 1788 2020 nec
1815 1986 1972 2020 tamen
1995 1991 2101 2035 gen-

151 2041 270 2085 tibus
294 2041 628 2100 praedicabant,
659 2041 737 2085 sed
769 2055 930 2085 eorum
962 2041 1203 2100 spiritualis
1236 2043 1523 2086 conversatio
1557 2052 1735 2101 poterat
1766 2042 1854 2087 illis
1887 2042 2040 2088 valere
2077 2058 2103 2087 a

153 2108 313 2167 quibus
337 2108 712 2153 sustentabantur.
746 2107 880 2152 Unde
921 2107 1172 2167 Apostolus
1205 2108 1367 2152 talibus
1409 2123 1502 2152 non
1536 2123 1589 2152 ex
1626 2109 1908 2164 necessitate,
1937 2109 2015 2153 sed
2048 2123 2103 2153 ex

150 2173 384 2222 voluntate
408 2174 613 2219 dantium
630 2174 870 2233 persuadet
890 2174 1196 2233 eleemosynis
1213 2175 1596 2229 subveniendum;
1624 2175 1746 2234 quod
1761 2175 1875 2219 nihil
1897 2186 1964 2220 est
1981 2175 2101 2220 aliud

147 2254 287 2300 quam
311 2241 587 2289 mendicare.
613 2241 739 2292 Haec
763 2251 916 2288 autem
938 2241 1206 2286 mendicitas
1224 2256 1317 2286 non
1335 2242 1481 2286 reddit
1502 2242 1715 2286 homines
1733 2242 2099 2298 contemnibiles,

150 2307 191 2354 si
216 2308 448 2355 moderate
469 2307 547 2353 fiat
564 2308 620 2352 ad
639 2308 974 2362 necessitatem,
992 2322 1084 2352 non
1104 2308 1159 2352 ad
1176 2308 1547 2367 superfluitatem,
1565 2318 1610 2352 et
1631 2309 1728 2352 sine
1745 2309 2104 2368 importunitate,

149 2374 435 2420 considerata
457 2374 720 2419 conditione
736 2388 1034 2433 personarum
1053 2389 1078 2418 a
1096 2375 1256 2433 quibus
1274 2377 1452 2434 petitur,
1473 2385 1517 2420 et
1533 2374 1640 2429 loci,
1664 2386 1708 2420 et
1725 2376 1960 2435 temporis,
1979 2376 2102 2434 quod

150 2455 338 2487 necesse
362 2451 430 2486 est
454 2441 686 2486 observari
711 2442 765 2485 ab
793 2441 862 2486 his
889 2441 966 2500 qui
991 2440 1321 2500 perfectionem
1346 2442 1466 2486 vitae
1493 2451 1735 2486 sectantur.

242 2506 310 2553 Ex
340 2522 433 2567 quo
464 2507 605 2570 etiam
638 2517 761 2567 patet
797 2508 919 2566 quod
945 2507 1047 2552 talis
1080 2507 1349 2552 mendicitas
1380 2523 1475 2553 non
1500 2508 1637 2552 habet
1670 2507 1870 2568 aliquam
1907 2508 2108 2568 speciem

151 2573 453 2633 turpitudinis,
481 2588 619 2633 quam
645 2573 846 2629 haberet,
872 2573 911 2618 si
938 2587 1041 2618 cum
1068 2575 1427 2633 importunitate,
1454 2585 1500 2619 et
1524 2575 1766 2620 indiscrete
1793 2575 1920 2620 fieret
1947 2575 2002 2620 ad
2033 2589 2110 2620 vo-

151 2640 388 2700 luptatem,
408 2639 483 2684 vel
502 2639 872 2699 superfluitatem.

196 2705 534 2752 ..manifestum
552 2716 619 2751 est
636 2716 788 2751 autem
806 2706 928 2765 quod
951 2707 1218 2751 mendicitas
1242 2721 1348 2751 cum
1371 2709 1569 2766 quadam
1592 2708 1851 2766 abiectione
1876 2718 1966 2752 est:
1991 2708 2110 2752 sicut

154 2772 282 2816 enim⁴
307 2774 400 2831 pati
426 2772 669 2831 ignobilius
697 2783 765 2817 est
791 2787 928 2831 quarn
962 2786 1110 2831 agere,
1138 2773 1200 2818 ita
1234 2774 1440 2832 accipere
1474 2789 1610 2833 quam
1645 2774 1766 2828 dare,
1801 2785 1844 2818 et
1876 2774 1973 2833 regi
2005 2774 2110 2820 ob‘e-

130 2838 248 2887 ‚dire
274 2853 412 2898 quam
438 2839 692 2897 gubernare
719 2849 763 2884 et
779 2839 1030 2897 imperare3
1058 2841 1265 2898 quamvis
1283 2851 1466 2899 propter
1485 2840 1653 2899 aliquid
1677 2841 1939 2898 adjunctum
1963 2841 2108 2899 possit

104 2926 106 2929 ·
152 2905 517 2964 recompensatio
543 2904 652 2949 fieri.
675 2904 741 2949 Ea
766 2919 891 2958 vero,
917 2919 1032 2964 quae
1060 2906 1326 2963 abjectionis
1352 2918 1468 2960 sunt,
1492 2918 1652 2965 sponte
1680 2921 1925 2961 assumere,
1949 2907 2003 2951 ad
2026 2907 2111 2951 hu·

152 2969 392 3016 militatem
417 2972 626 3029 pertinet,
651 2985 745 3015 non
772 2971 956 3030 quidem
975 2971 1255 3031 simpliciter,
1282 2972 1362 3017 sed
1380 2974 1633 3017 secundum
1652 2973 1773 3032 quod
1795 2973 2104 3018 necessarium

151 3047 231 3082 est.
259 3036 382 3081 Cum
408 3033 531 3082 enim
556 3036 790 3081 humilitas
817 3038 875 3081 sit
900 3038 1055 3091 virtus,
1083 3037 1199 3082 nihil
1223 3038 1465 3083 indiscrete
1493 3049 1718 3098 operatur.
1745 3039 1854 3084 Non
1881 3050 1948 3084 est
1969 3040 2105 3099 igitur

150 3102 433 3157 humilitatis,
458 3103 538 3148 sed
561 3101 791 3158 stultitiae,
818 3104 855 3148 si
881 3104 979 3163 quis
1006 3105 1328 3163 quodcumque
1357 3106 1583 3163 abjectum
1612 3106 1933 3165 assumpserit3
1967 3107 2044 3150 sed
2068 3107 2105 3151 si

150 3170 197 3214 id
222 3171 343 3229 quod
370 3170 677 3215 necessarium
705 3180 772 3214 est
798 3170 893 3214 fieri
926 3181 1107 3230 propter
1133 3171 1360 3225 virtutem,
1395 3171 1555 3230 aliquis
1588 3182 1771 3231 propter
1799 3172 2105 3230 abjectionem

150 3250 244 3280 non
270 3247 464 3290 recusat,
500 3247 607 3295 puta
632 3237 670 3280 si
695 3236 859 3282 caritas
876 3237 1014 3296 exigit
1035 3237 1155 3296 quod
1182 3238 1400 3297 proximis
1440 3238 1607 3297 aliquid
1639 3239 1868 3296 abjectum
1900 3238 2106 3284 officium

150 3302 452 3362 impendatur,
476 3302 566 3347 hoc
593 3313 774 3362 propter
800 3303 1106 3349 humilitatem
1135 3303 1294 3363 aliquis
1320 3318 1413 3348 non
1441 3315 1631 3350 recuset.
1661 3305 1708 3349 Si
1735 3306 1871 3364 igitur
1897 3320 2106 3351 necessa·

151 3372 269 3415 rium
295 3380 364 3414 est
389 3370 443 3414 ad
470 3369 795 3428 perfectionem
823 3371 1030 3430 pauperis
1063 3371 1180 3415 vitae
1207 3371 1488 3425 sectandum,
1515 3371 1637 3430 quod
1665 3371 1825 3431 aliquis
1852 3372 2098 3427 mendicet,

151 3436 270 3480 hanc
304 3436 608 3495 abjectionem
634 3435 749 3480 ferre
775 3436 1040 3482 humilitatis
1069 3449 1148 3481 est.
1179 3437 1469 3496 Quandoque
1497 3439 1635 3482 etiam
1661 3439 1838 3498 abJecta
1867 3453 2101 3484 assumere

151 3502 324 3548 virtutis
350 3513 431 3556 est,
458 3503 542 3547 etsi
567 3512 774 3548 nostrum
799 3503 889 3548 hoc
917 3502 1120 3548 officium
1143 3518 1234 3548 non
1254 3504 1463 3563 requirat,
1492 3514 1539 3549 ut
1565 3504 1678 3549 alios
1705 3515 1862 3549 nostro
1887 3505 2098 3564 exemplo

152 3583 473 3629 provocemus,
499 3569 660 3629 quibus
686 3570 904 3616 incumbit
932 3580 980 3615 ut
1000 3571 1045 3616 id
1073 3570 1247 3633 facilius
1274 3570 1441 3616 ferant:
1468 3586 1575 3615 nam
1593 3582 1636 3616 et
1661 3571 1748 3615 dux
1776 3571 2003 3616 interdum
2026 3573 2108 3616 mi-
