2332 3854
788 205 943 246 lezn
982 205 1053 244 1v.
1095 205 1216 245 CAP.
1258 202 1404 244 xxvt.
1969 201 2074 258 599

42 353 55 367 ,‚
127 317 197 354 est
226 318 380 354 autem
414 307 631 367 possibile
662 307 784 366 quod
815 308 864 352 in
893 308 998 352 Deo
1029 307 1087 352 sit
1110 307 1198 352 nisi
1235 320 1324 352 una
1349 304 1583 365 processio
1621 303 1874 349 secundum
1898 303 2076 350 intelle-

127 383 267 429 ctum,
298 388 356 419 eo
393 373 515 434 quod
550 387 684 418 suum
715 373 968 432 intelligere
1004 383 1073 418 est
1098 387 1240 418 unum
1277 382 1322 417 et
1356 369 1548 431 simplex
1574 380 1619 415 et
1653 369 1919 429 perfectum,
1955 371 2075 430 quia,

125 439 421 499 intelligendo
438 453 501 494 se,
525 439 738 498 intelligit
762 441 919 484 omnia
944 439 1059 494 alia3
1086 449 1130 484 et
1155 440 1220 484 sic
1246 453 1341 483 non
1363 447 1515 498 potest
1535 451 1634 482 esse
1659 437 1706 480 in
1738 436 1842 481 Deo
1867 436 1955 481 nisi
1986 451 2076 481 una

123 507 247 551 verbi
272 507 518 565 processio.
542 505 760 550 Similiter
781 516 933 550 autem
960 515 1141 564 oportet
1166 516 1211 551 et
1235 506 1578 564 processionem
1611 502 1783 548 amoris
1810 516 1908 547 esse
1935 517 2075 547 unam

127 581 316 626 tantum,
332 573 437 631 quia
454 572 591 617 etiam
608 571 811 616 divinum
837 572 955 616 velle
983 583 1051 616 est
1076 586 1218 616 unum
1234 581 1411 616 tantum
1433 581 1478 615 et
1493 569 1711 629 simplex;
1735 568 1933 614 amando
1951 569 2075 614 enim

129 650 190 692 se,
214 648 339 683 amat
355 640 510 683 omnia
536 637 637 683 alia.
654 638 761 683 Non
787 648 856 682 est
885 638 1022 696 igitur
1047 637 1261 697 possibile
1288 636 1410 696 quod
1433 637 1522 683 sint
1537 637 1585 680 in
1610 636 1713 681 Deo
1738 635 1826 680 nisi
1842 635 1959 680 duae
1980 649 2076 694 per.

128 715 265 748 sonae
289 705 609 763 procedentes:
641 718 732 748 una
757 718 837 763 per
867 704 1057 748 modum
1089 703 1359 757 intellectus,
1392 713 1441 748 ut
1470 703 1675 756 verbum,
1707 701 1882 747 scilicet
1909 701 2074 755 Filius;

126 777 174 814 et
191 770 279 815 alia
294 784 374 830 per
391 771 582 815 modum
608 771 793 824 amoris,
819 771 994 814 scilicet
1015 779 1062 814 ut
1081 770 1270 828 Spiritus
1294 770 1513 824 Sanctus3
1541 779 1608 814 est
1633 768 1773 813 etiam
1800 777 1844 812 et
1865 782 1956 812 una
1981 782 2078 827 per-

115 847 238 881 sona
260 850 356 881 non
381 837 647 896 procedens,
673 836 847 881 scilicet
871 837 1018 881 Pater.
1053 836 1215 881 Solum
1240 836 1377 895 igitur
1407 846 1498 881 tres
1523 849 1746 895 personae
1777 835 1825 879 in
1848 833 2074 880 Trinitate

126 915 222 947 esse
253 914 456 963 possunt.

212 969 344 1014 Item:
370 970 411 1015 si
442 969 696 1014 secundum
728 969 1071 1028 processionem
1093 979 1275 1028 oportet
1299 983 1519 1028 personas
1537 968 1712 1013 divinas
1732 967 1962 1026 distingui,
1979 982 2077 1013 mo-

125 1034 208 1080 dus
239 1047 389 1082 autem
414 1051 652 1096 personae,
679 1047 898 1095 quantum
927 1037 983 1081 ad
1009 1037 1340 1095 processiones,
1363 1050 1457 1080 non
1483 1046 1633 1095 potest
1659 1049 1757 1080 esse
1784 1034 1872 1079 nisi
1896 1034 2075 1096 triplex,

121 1111 172 1147 ut
195 1103 367 1149 scilicet
393 1105 450 1148 sit
472 1114 549 1149 aut
574 1105 766 1149 omnino
799 1118 893 1148 non
925 1105 1192 1163 procedens,
1218 1104 1340 1162 quod
1367 1104 1512 1147 Patris
1537 1113 1618 1156 est,
1651 1111 1726 1146 aut
1750 1116 1775 1146 a
1799 1115 1895 1146 non
1920 1116 2076 1160 proce-

128 1166 262 1214 dente
290 1171 555 1230 procedens,
582 1170 704 1230 quod
735 1170 836 1214 Filii
872 1180 953 1223 est,
990 1180 1066 1214 aut
1097 1185 1122 1213 a
1150 1170 1424 1228 procedente
1441 1169 1708 1228 procedens,
1735 1168 1858 1227 quod
1882 1168 2075 1227 Spiritus

122 1233 280 1281 Sancti
309 1247 389 1292 est,
425 1237 706 1297 impossibile
739 1246 806 1281 est
843 1237 978 1295 igitur
1010 1251 1181 1296 ponere
1213 1236 1363 1296 plures
1395 1250 1534 1295 quam
1559 1245 1649 1280 tres
1685 1248 1915 1294 personas.
1943 1235 2075 1280 Licet

121 1308 275 1347 autem
298 1302 344 1347 in
370 1303 470 1349 aliis
494 1304 748 1348 viventibus
773 1304 948 1363 possint
972 1302 1217 1347 relationes
1259 1303 1447 1360 originis
1479 1300 1787 1359 multiplicari,
1819 1311 1868 1346 ut
1900 1300 2076 1346 scilicet

119 1367 277 1413 sintin
301 1379 461 1415 natura
485 1370 688 1414 humana
713 1370 863 1428 plures
897 1379 1045 1428 patres
1079 1379 1124 1414 et
1160 1369 1310 1427 plures
1346 1368 1443 1427 filii,
1468 1369 1516 1413 in
1542 1368 1694 1412 divina
1725 1378 1880 1412 tamen
1912 1377 2074 1412 natura

117 1433 210 1479 hoc
236 1436 425 1482 omnino
450 1436 732 1496 impossibile
758 1445 826 1481 est
850 1450 973 1491 esse;
999 1450 1108 1480 nam
1133 1435 1308 1490 filiatio,
1334 1449 1474 1494 quum
1501 1435 1549 1478 in
1573 1448 1665 1478 una
1690 1444 1851 1478 natura
1866 1434 1925 1479 sit
1940 1434 2073 1479 unius

117 1502 299 1559 speciei,
323 1516 417 1547 non
433 1513 583 1561 potest
607 1501 898 1560 multiplicari
919 1502 1003 1546 nisi
1031 1503 1282 1546 secundum
1308 1501 1548 1545 materiam
1580 1500 1637 1545 ad
1662 1500 1929 1559 subiectum,
1953 1500 2073 1547 sicut

118 1576 186 1612 est
215 1568 355 1612 etiam
371 1569 426 1614 de
451 1569 550 1614 aliis
574 1568 747 1613 formis.
766 1568 915 1623 Unde,
931 1582 1072 1627 quum
1094 1569 1142 1612 in
1167 1568 1270 1612 Deo
1291 1581 1386 1611 non
1408 1567 1466 1611 sit
1487 1567 1678 1611 materia
1704 1576 1781 1611 aut
1801 1567 2072 1625 subjectum,

118 1642 165 1678 et
185 1633 311 1692 ipsae
341 1634 583 1680 relationes
614 1636 703 1679 sint
727 1635 1034 1690 subsistentes,
1066 1643 1116 1679 ut
1141 1649 1194 1678 ex
1226 1633 1493 1693 supradictis
1521 1643 1658 1692 patet,
1689 1632 1972 1692 impossibile
2005 1642 2076 1678 est

118 1700 241 1758 quod
265 1702 311 1745 in
326 1701 430 1746 Deo
455 1701 549 1746 sint
565 1701 716 1760 plures
732 1701 997 1755 filiationes;
1023 1711 1068 1745 et
1094 1701 1254 1745 eadem
1281 1702 1397 1746 ratio
1425 1710 1492 1745 est
1517 1700 1572 1744 de
1599 1699 1722 1755 aliis;
1742 1709 1787 1744 et
1811 1699 1876 1744 sic
1897 1699 1945 1744 in
1967 1699 2072 1744 Deo

117 1775 223 1810 sunt
245 1766 398 1811 solum
421 1777 511 1812 tres
533 1781 770 1826 personae.
2021 1774 2026 1779 “

205 1831 255 1877 Si
277 1835 377 1893 quis
405 1844 560 1879 autem
585 1834 805 1892 objiciens
831 1834 951 1879 dicat
967 1833 1090 1893 quod
1108 1834 1153 1877 in
1175 1833 1307 1887 Filio,
1330 1847 1471 1892 quum
1498 1833 1555 1877 sit
1580 1831 1805 1892 perfectus
1837 1832 1979 1888 Deus,
2003 1841 2072 1877 est

114 1898 255 1943 virtus
270 1894 549 1944 intellectiva
573 1899 773 1959 perfecta
799 1910 844 1945 et
859 1900 924 1944 sic
950 1910 1100 1958 potest
1115 1899 1367 1959 producere
1391 1899 1597 1953 verbum,
1616 1907 1660 1943 et
1686 1898 1905 1952 similiter,
1929 1913 2069 1957 quum

111 1964 160 2009 in
192 1965 361 2024 Spiritu
386 1966 557 2020 Sancto
589 1966 646 2011 sit
674 1967 853 2011 bonitas
881 1966 1070 2021 infinita,
1098 1979 1213 2025 quae
1240 1974 1307 2010 est
1333 1965 1765 2009 communicationis
1784 1965 2070 2024 principium,

114 2031 281 2090 poterit
305 2031 434 2077 alteri
459 2032 638 2078 divinae
670 2047 893 2092 personae
919 2042 1129 2077 naturam
1156 2031 1359 2076 divinam
1386 2031 1743 2086 communicare,
1777 2031 2069 2076 considerare

114 2097 248 2142 debet
273 2099 393 2157 quod
420 2098 559 2144 Filius
594 2110 661 2144 est
695 2100 821 2144 Deus
848 2109 897 2144 ut
922 2099 1115 2158 genitus,
1141 2113 1235 2143 non
1271 2108 1321 2143 ut
1346 2113 1593 2158 generans3
1627 2099 1745 2143 unde
1771 2099 1912 2143 virtus
1945 2098 2071 2143 intel-

111 2161 277 2208 lectiva
302 2174 373 2209 est
394 2166 442 2210 in
466 2179 523 2209 eo
549 2174 598 2209 ut
627 2166 675 2209 in
706 2165 982 2225 procedente
1007 2180 1088 2225 per
1114 2165 1306 2210 modum
1331 2165 1470 2220 verbi,
1502 2179 1597 2209 non
1628 2174 1678 2209 ut
1708 2165 1756 2209 in
1786 2165 2068 2224 producente

112 2230 318 2285 verbum,
344 2241 388 2275 et
418 2230 639 2286 similiter,
666 2247 804 2291 quum
830 2232 1023 2291 Spiritus
1050 2232 1246 2277 Sanctus
1272 2232 1329 2276 sit
1347 2232 1474 2276 Deus
1495 2242 1545 2277 ut
1570 2232 1836 2291 procedens,
1863 2241 1929 2277 est
1945 2231 1992 2275 in
2011 2246 2067 2276 eo

110 2294 292 2341 bonitas
312 2296 487 2342 infinita
513 2308 562 2342 ut
585 2298 631 2342 in
649 2312 844 2357 persona
877 2299 1141 2358 accipiente,
1168 2312 1262 2342 non
1290 2308 1338 2343 ut
1362 2298 1409 2342 in
1432 2298 1805 2343 communicante
1833 2297 1962 2342 alteri
1991 2298 2070 2342 bo-

110 2362 303 2409 nitatem
323 2363 565 2419 infmitam3
590 2379 686 2409 non
718 2365 843 2409 enim
859 2365 1197 2424 distinguuntur
1214 2365 1267 2409 ab
1284 2365 1483 2410 invicem
1509 2365 1597 2409 nisi
1622 2365 1731 2410 solis
1757 2364 2067 2420 relationibus,

109 2438 159 2473 ut
177 2442 239 2485 ex
254 2429 520 2489 supradictis
538 2441 675 2490 patet.
703 2430 825 2477 Tota
849 2431 987 2490 igitur
1011 2431 1246 2490 plenitudo
1274 2432 1520 2476 divinitatis
1542 2442 1611 2476 est
1626 2431 1672 2475 in
1690 2431 1822 2486 Filio,
1844 2440 1887 2476 et
1904 2432 2067 2477 eadem

108 2508 302 2540 numero
328 2510 444 2555 quae
470 2507 538 2542 est
560 2498 608 2542 in
639 2497 787 2553 Patre,
814 2498 894 2543 sed
920 2512 1027 2542 cum
1052 2498 1274 2542 relatione
1298 2499 1545 2543 nativitatis
1578 2498 1694 2543 sicut
1724 2499 1770 2542 in
1795 2498 1930 2542 Patre
1959 2512 2064 2543 cum

15 2597 30 2624 ,3
106 2559 330 2606 relatione
361 2563 664 2621 generationis
700 2564 901 2618 activae;
949 2564 1084 2618 unde,
1122 2564 1159 2608 si
1198 2563 1358 2609 relatio
1393 2564 1539 2608 Patris
1581 2564 1896 2608 attribueretur
1931 2563 2064 2614 Filio,

107 2627 258 2672 omnis
284 2627 514 2673 distinctio
539 2629 799 2684 tolleretur;
832 2640 876 2674 et
908 2630 1070 2674 eadem
1096 2630 1212 2674 ratio
1236 2640 1303 2674 est
1334 2630 1390 2674 de
1418 2630 1587 2688 Spiritu
1616 2628 1801 2675 Sancto.

27 2739 29 2742 .
194 2693 470 2752 Huiusmodi
491 2705 644 2739 autern
670 2695 848 2739 divinae
867 2694 1102 2740 Trinitatis
1127 2695 1473 2740 similitudinem
1490 2696 1537 2739 in
1557 2706 1710 2740 mente
1732 2697 1935 2740 humana
1962 2709 2065 2754 pos·

25 2759 30 2764 ”
104 2773 260 2805 sumus
294 2761 595 2806 considerare.
617 2761 721 2820 Ipsa
747 2762 870 2805 enim
903 2775 1047 2815 mens,
1074 2776 1128 2805 ex
1149 2762 1239 2806 hoc
1268 2762 1390 2820 quod
1417 2776 1465 2806 se
1492 2772 1595 2806 actu
1623 2761 1849 2820 intelligit,
1871 2763 2062 2807 verbum

15 2830 43 2886 35ss
104 2839 240 2871 suum
259 2827 460 2886 concipit
482 2827 529 2871 in
556 2828 728 2887 seipsa;
755 2827 877 2886 quod
902 2827 1015 2872 nihil
1043 2827 1164 2871 aliud
1191 2837 1259 2872 est
1274 2842 1413 2886 quam
1434 2830 1530 2886 ipsa
1547 2828 1737 2873 intentio
1764 2828 2062 2887 intelligibilis

30 2928 35 2954 ‚3
103 2891 286 2947 mentis,
319 2907 435 2952 quae
453 2904 497 2938 et
511 2894 703 2939 intentio
730 2893 959 2938 intellecta
985 2894 1160 2947 dicitur,
1182 2894 1230 2937 in
1257 2904 1410 2938 mente
1438 2894 1679 2950 exsistens;
1707 2909 1838 2953 quae,
1861 2895 1971 2939 dum
1997 2895 2062 2940 ul-

102 2959 239 3003 terius
255 2959 452 3018 seipsam
470 2970 607 3015 amat‚
626 2961 822 3019 seipsam
840 2960 1047 3019 producit
1059 2960 1104 3003 in
1121 2959 1355 3004 voluntate
1375 2969 1422 3004 ut
1440 2971 1658 3004 amatum.
1683 2961 1885 3005 Ulterius
1906 2970 2060 3007 autem

101 3038 197 3069 non
221 3026 424 3084 procedit
455 3026 572 3071 intra
605 3041 669 3081 se,
707 3026 786 3071 sed
820 3025 1105 3071 concluditur
1136 3026 1322 3080 circulo,
1355 3027 1465 3071 dum
1504 3042 1583 3086 per
1619 3042 1827 3072 amorem
1863 3028 1978 3073 redit
2004 3028 2060 3073 ad

21 3096 38 3151 {J
101 3090 249 3149 ipsam
274 3091 586 3147 substantiam,
619 3107 644 3137 a
678 3107 766 3152 qua
797 3093 1031 3152 processio
1064 3093 1297 3151 inceperat
1318 3107 1396 3152 per
1422 3093 1726 3138 intentionem
1752 3093 2058 3141 intellectam:

26 3184 33 3221 3
101 3157 182 3202 sed
206 3157 257 3203 fit
276 3159 508 3216 processio
526 3159 582 3203 ad
609 3160 854 3204 exteriores
880 3158 1084 3213 effectus,
1112 3159 1218 3202 dum
1239 3173 1291 3203 ex
1318 3173 1476 3204 amore
1494 3159 1564 3204 sui
1580 3160 1787 3218 procedit
1810 3160 1865 3204 ad
1887 3160 2059 3219 aliquid

26 3218 33 3257 ἶ
101 3221 374 3270 faciendum.
400 3224 457 3270 Et
482 3225 546 3270 sic
562 3225 648 3270 tria
673 3225 891 3270 inmente
907 3225 1221 3269 inveniuntur:
1241 3239 1371 3270 mens
1391 3226 1502 3284 ipsa,
1525 3241 1641 3285 quae
1659 3236 1727 3271 est
1751 3227 2059 3285 processionis

12 3289 35 3350 js
101 3289 374 3349 principium
403 3291 450 3335 in
476 3304 558 3335 sua
581 3301 743 3336 natura
770 3292 1003 3345 exsistens,
1031 3300 1074 3335 et
1107 3305 1236 3336 mens
1264 3302 1487 3351 concepta
1513 3292 1560 3336 in
1587 3292 1835 3347 intellectu,
1863 3302 1908 3337 et
1929 3306 2059 3338 mens

101 3364 255 3401 amata
283 3356 331 3400 in
355 3356 602 3402 voluntate.
627 3357 735 3402 Non
767 3367 922 3402 tamen
947 3357 1061 3401 haec
1093 3357 1177 3401 tria
1203 3367 1308 3402 sunt
1340 3372 1429 3402 una
1456 3367 1631 3412 natura,
1664 3359 1770 3417 quia
1803 3358 2057 3418 intelligere

27 3436 33 3475 ζ
101 3423 266 3467 mentis
290 3437 386 3468 non
418 3434 486 3469 est
510 3425 606 3482 eius
632 3438 745 3478 esse,
775 3438 860 3469 nec
887 3425 983 3482 ejus
1006 3423 1124 3469 velle
1147 3433 1215 3468 est
1237 3425 1333 3484 ejus
1361 3438 1459 3469 esse
1482 3435 1559 3468 aut
1578 3424 1858 3483 intelligere;
1891 3434 1937 3471 et
1956 3439 2057 3484 pro-

30 3484 32 3486 *
99 3497 199 3548 pter
226 3489 318 3534 hoc
351 3489 491 3534 etiam
526 3503 657 3535 mens
688 3489 920 3536 intellecta
961 3500 1007 3535 et
1038 3503 1167 3534 mens
1205 3500 1357 3535 amata
1382 3504 1476 3535 non
1501 3500 1605 3536 sunt
1642 3503 1880 3550 personae,
1913 3505 2056 3550 quum

4 3555 5 3559 ’
33 3570 40 3611 ;
99 3566 195 3600 non
214 3555 305 3602 sint
329 3555 644 3612 subsistentes;
670 3570 800 3602 mens
826 3555 964 3602 etiam
989 3555 1086 3615 ipsa
1110 3555 1158 3600 in
1190 3570 1271 3601 sua
1302 3557 1463 3602 natura
1490 3556 1708 3602 exsistens
1740 3570 1835 3601 non
1857 3565 1926 3603 est
1955 3570 2056 3616 per-

0 961 19 1065 ἒ

0 1065 14 1076 ‚a

0 1094 8 1109 ἶ

0 1108 20 1160 ἓ

0 1162 8 1172 ξ

0 1186 7 1211 Ξ

0 1226 22 1325 ξ

0 1332 26 1471 ἓ

21 992 25 995 «
64 993 70 1000 .

14 1052 22 1061 ,

5 1167 13 1178 ⁷!

11 1353 31 1371 ις

22 1421 29 1431 5

1 1472 20 1492 a,
25 1467 28 1469 ’

8 1555 25 1580 ἱ

9 1591 21 1602 'L—
