2332 3854
206 194 312 249 472
866 193 1019 233 LIBER
1058 192 1134 231 111.
1170 191 1297 234 ,CAR
1338 190 1486 232 cxxi.

933 379 1187 434 CAPUT
1222 378 1427 467 CXXI.

321 507 480 553 QUOD
509 504 700 545 DIVINA
725 504 831 543 LEX
863 504 1111 544 ORDINAT
1146 505 1406 545 HOMINEM
1439 502 1739 545 SECUNDUM
1764 501 2051 545 RATIONBM
2095 532 2097 537 ‚

676 579 838 618 CIRCA
877 579 1226 618 CORPORALIA
1264 581 1336 619 ET
1377 577 1688 620 SENSIBILIA.
1838 587 1839 590 ’

298 690 424 733 Sicut
447 699 598 732 autern
631 701 711 744 per
743 687 1000 746 corporalia
1025 697 1071 732 et
1095 687 1325 739 sensibilia
1357 702 1486 741 mens
1519 687 1721 742 hominis
1753 686 2093 747 elevaripotest
2115 684 2163 733 in

208 758 375 808 Deum,
402 755 439 798 si
466 755 563 812 quis
592 755 655 797 eis
681 754 727 796 in
750 754 1052 798 reverentiam
1081 755 1171 798 Dei
1203 754 1354 799 debito
1386 755 1528 799 modo
1560 764 1725 808 utatur,
1750 753 1814 808 ita
1838 754 1977 807 etiam
2003 765 2164 806 eorum

209 822 430 866 indebitus
456 834 560 864 usus
578 820 651 863 vel
669 829 872 864 mentem
899 835 924 864 a
949 820 1052 865 Deo
1068 820 1268 865 totaliter
1285 821 1516 875 abstrahit,
1537 820 1646 864 dum
1667 821 1714 864 in
1730 819 2015 874 inferioribus
2026 821 2163 868 rebus

211 888 496 932 constituitur
514 886 758 930 voluntatis
775 886 891 941 finis,
908 886 981 930 vel
1003 888 1168 932 mentis
1193 888 1496 932 intentionem
1515 901 1540 930 a
1555 888 1660 932 Deo
1678 887 1887 941 retardat,
1913 886 2024 933 dum
2048 886 2164 948 ultra

212 969 349 1014 quam
367 967 554 997 necesse
573 953 629 996 sit
645 953 702 996 ad
723 953 987 1010 hujusmodi
1004 967 1075 997 res
1093 948 1327 998 afficimur.
1345 954 1426 998 Est
1443 963 1594 998 autem
1610 953 1762 1009 divina
1778 953 1851 997 lex
1868 953 1923 998 ad
1938 950 2167 1012 hoe-,prin-

210 1020 413 1079 cipaliter
440 1019 555 1073 data,
583 1029 632 1062 ut
656 1019 801 1062 homo
829 1019 1072 1063 adhaereat
1098 1021 1215 1064 Deo.
1238 1020 1438 1064 Pertinet
1463 1021 1597 1078 igitur
1624 1020 1678 1063 ad
1701 1019 1854 1078 legem
1874 1019 2076 1074 divinam
2097 1033 2168 1073 or-

210 1088 364 1131 dinare
391 1086 629 1129 hominem
657 1084 777 1129 circa
804 1085 1111 1144 corporalium
1139 1096 1183 1130 et
1207 1086 1488 1131 sensibilium
1515 1086 1876 1141 affectionempet
1900 1100 2047 1132 usum.

297 1154 485 1198 Adhuc:
519 1152 636 1196 sicut
667 1166 795 1196 mens
828 1153 1030 1197 hominis
1063 1153 1294 1196 ordinatur
1321 1153 1401 1196 sub
1442 1153 1560 1207 Deo,
1591 1153 1654 1196 ita
1687 1167 1850 1212 corpus
1892 1153 1972 1197 sub
2015 1151 2168 1207 αρὶιιιει

209 1220 456 1273 ordinatur,
484 1229 530 1263 et
553 1217 789 1262 inferiores
815 1220 931 1262 vires
966 1219 1047 1263 sub
1080 1219 1270 1263 ratione.
1302 1219 1504 1263 Pertinet
1537 1229 1688 1262 autem
1715 1220 1772 1264 ad
1798 1219 2000 1276 divinam
2024 1218 2170 1278 provi-

209 1287 425 1340 dentiam,
454 1287 586 1345 cujus*
602 1285 787 1343 quidem
814 1285 945 1338 ratio,
970 1285 1151 1328 homini
1179 1299 1204 1327 a
1228 1285 1331 1328 Deo
1358 1285 1605 1344 proposita,
1631 1285 1783 1329 divina
1807 1284 1879 1328 lex
1905 1294 2062 1340 esum
2085 1282 2171 1329 sin-

211 1353 317 1412 gula
343 1367 476 1396 suurn
504 1352 712 1395 ordinem
737 1361 934 1396 teneant.
961 1351 1040 1395 Est
1065 1351 1202 1410 igitur
1228 1351 1291 1395 sic
1318 1351 1464 1395 homo
1492 1351 1768 1397 ordinandus
1795 1350 2170 1410 legedivinhnt

208 1419 446 1463 inferiores
471 1418 588 1462 vires
615 1417 782 1461 rationi
807 1417 1068 1471 subdantur,
1096 1427 1140 1462 et
1167 1431 1331 1476 corpus
1355 1417 1550 1471 animae,
1577 1427 1622 1461 et
1647 1417 1892 1475 exteriores
1910 1431 1990 1475 ,res
2015 1417 2072 1464 ad
2092 1415 2172 1468 ne,-

211 1486 469 1530 cessitatem
494 1484 674 1528 homini
701 1484 969 1528 deserviant.
1861 1479 1863 1482 ’
2082 1535 2089 1541 ,
2124 1530 2125 1534 Ἰ
2156 1535 2158 1539 ¹

300 1551 535 1610 Amplius:
563 1549 788 1608 quaelibet
815 1549 886 1593 lex
912 1559 1034 1594 recte
1062 1550 1293 1609 proposita
1315 1549 1487 1594 inducit
1514 1549 1569 1593 ad
1591 1550 1818 1596 virtutem.
1841 1548 1995 1607 Virtus
2017 1559 2171 1606 ‚autem

211 1619 257 1662 in
275 1619 365 1662 hoc
385 1617 591 1662 consistit
616 1616 738 1674 quod
755 1625 850 1659 tam
868 1616 1105 1660 interiores
1125 1615 1388 1660 affectiones
1406 1631 1543 1675 quam
1571 1617 1877 1675 corporalium
1893 1631 2057 1675 rerum
2055 1630 2170 1676 ηεηε

215 1685 390 1729 ratione
416 1683 691 1742 regulentur.
719 1683 798 1726 Est
823 1682 957 1741 igitur
984 1689 1073 1726 noc
1100 1682 1202 1740 lege
1229 1683 1382 1726 divina
1407 1684 1710 1728 statuendum.

307 1752 571 1795 Praeterea:
607 1749 662 1793 ad
686 1763 1058 1808 unumquemque
1084 1749 1395 1808 legislatorem
1413 1750 1608 1808 pertinet
1640 1750 1743 1808 lege
1764 1733 1959 1801 statuere
1984 1763 2046 1805 ea
2077 1750 2174 1807 sine

213 1818 374 1877 quibus
406 1817 477 1863 lex
504 1816 733 1860 observari
758 1830 852 1859 non
879 1825 1039 1874 potest.
1062 1815 1221 1867 Quum
1240 1826 1392 1860 autem
1418 1817 1490 1861 lex
1515 1817 1680 1861 rationi
1705 1828 2017 1877 proponatur,
2026 1818 2172 1876 homo

215 1885 367 1944 legem
404 1898 498 1927 non
536 1892 797 1942 sequeretur
827 1883 915 1926 nisi
950 1882 1038 1927 alia
1077 1883 1233 1926 omnia
1258 1897 1374 1942 quae
1400 1884 1624 1942 pertinent
1650 1885 1706 1927 ad
1731 1879 1993 1933 hominem
2003 1882 2174 1942 rationi

216 1951 524 1995 subderentur.
553 1949 754 2009 Pertinet
778 1949 916 2007 igitur
936 1949 992 1992 ad
1018 1948 1170 2008 legem
1189 1949 1389 1993 divinam
1406 1950 1666 2009 praecipere
1689 1960 1742 1995 ut.
1765 1951 1923 2012 omnia
1936 1961 2175 2011 quaesunt

212 2018 415 2062 hominis
441 2017 607 2060 rationi
632 2015 892 2059 subdantur.
1854 2038 1857 2040 >

304 2084 422 2127 Hinc
451 2092 518 2127 est
544 2082 666 2141 quod
694 2082 855 2126 dicitur
889 2082 1046 2139 (Rom.
1078 2082 1180 2125 XII.
1219 2083 1301 2139 1.:)
1335 2084 1603 2128 Rationabile
1635 2085 1870 2143 obsequium
1892 2090 2104 2139 vestrum5
2127 2093 2175 2134 „et

214 2151 271 2209 (I.
302 2149 464 2193 Thess.
493 2148 570 2192 IV.
594 2149 683 2207 9.).
710 2149 827 2193 Haec
860 2155 914 2193 est
935 2150 1127 2193 voluntas
1151 2150 1250 2203 Dei,
1283 2151 1558 2209 sanctificatio
1589 2157 1740 2197 vestra.
1913 2192 1915 2195 ,
2191 2156 2193 2158 ’

278 2217 389 2260 Per
407 2216 498 2259 hoc
518 2227 672 2260 autem
695 2215 946 2259 excluditur
964 2215 1269 2273 quorumdam
1287 2229 1412 2260 error
1430 2216 1677 2261 dicentium
1693 2217 1772 2262 illa
1793 2216 1946 2276 solum
1958 2231 2060 2266 ‚esse
2077 2231 2177 2277 pec-

216 2293 317 2328 cata
347 2284 508 2341 quibus
535 2284 772 2341 proximus
795 2291 871 2326 aut
898 2281 1143 2326 offenditur
1169 2292 1246 2326 aut
1271 2282 1613 2328 scandalizatur.

934 2436 1188 2492 CAPUT
1224 2434 1458 2494 CXXII.

536 2574 652 2620 QUA
677 2571 922 2612 RATIONE
955 2572 1295 2612 FORNICATIO
1326 2571 1557 2612 SIMPLEX
1591 2572 1677 2613 SIT
1708 2569 2049 2616 PROCATUM

800 2647 1100 2686 SECUNDUM
1140 2647 1325 2686 LEGEM
1364 2649 1600 2687 DIVINAM

625 2720 696 2759 ET
731 2721 890 2767 QUOD
917 2721 1317 2762 MATRIMONIUM
1345 2723 1430 2761 SIT
1457 2720 1769 2762 NATURALE.

306 2831 371 2875 Ex
402 2831 492 2875 hoc
526 2840 680 2875 autem
713 2840 899 2890 apparet
929 2843 1096 2876 vanarn
1129 2820 1228 2876 esse
1263 2833 1559 2877 assertionem
1586 2831 1888 2910 quorumdam
1915 2806 2177 2889 dicentium,

216 2898 567 2943 fornicationem
593 2897 850 2957 simplicem
868 2912 961 2942 non
989 2913 1087 2943 esse
1114 2909 1368 2958 peccatum.
1396 2899 1568 2944 Dicunt
1587 2900 1735 2945 enim:
1760 2899 1800 2944 si
1825 2899 1884 2944 sit
1904 2898 2063 2958 aliqua·
2074 2913 2179 2960 mtr-
2189 2941 2191 2944 Α

217 2965 300 3009 lier
324 2979 349 3008 a
374 2965 472 3008 viro
500 2964 663 3018 soluta,
691 2978 806 3023 quae
833 2965 913 3008 sub
942 2964 1108 3009 nullius
1143 2975 1380 3024 potestate,
1414 2976 1462 3010 ut
1493 2966 1646 3023 patris,
1677 2965 1751 3010 vel
1779 2965 1974 3025 alicuius
1996 2965 2178 3010 alterius

220 3032 416 3086 exsistat,
443 3032 481 3075 si
507 3031 605 3090 quis
634 3031 689 3074 ad
716 3045 819 3075 earn
846 3024 1035 3075 accedat
1060 3046 1114 3076 ea
1139 3033 1336 3086 volente,
1362 3046 1457 3076 non
1482 3032 1591 3077 facit
1622 3032 1688 3076 illi
1712 3032 2070 3092 injuriam‚squia
2094 3031 2179 3076 sibi

218 3099 380 3157 placet,
409 3108 453 3142 et
477 3099 547 3142 sui
571 3098 773 3158 corporis
799 3097 936 3142 habet
961 3108 1258 3157 potestatem3
1293 3098 1421 3142 alteri
1451 3113 1546 3143 non
1571 3098 1680 3143 facit
1705 3099 1934 3158 injuriam,
1958 3098 2073 3158 quia
2094 3098 2178 3144 sub

221 3165 390 3210 nullius
412 3175 637 3224 potestate
663 3164 847 3223 ponitur
873 3179 985 3209 esse.
1012 3165 1120 3210 Non
1145 3165 1322 3209 videtur
1347 3165 1483 3223 igitur
1505 3176 1603 3210 esse
1629 3175 1885 3225 peccatum.

310 3232 419 3275 Non
445 3232 623 3276 videtur
649 3241 801 3275 autem
829 3245 927 3275 esse
954 3231 1189 3290 responsio
1216 3230 1460 3285 sufficiens,
1488 3232 1526 3275 si
1552 3232 1651 3291 quis
1678 3231 1813 3287 dicat,
1838 3230 2181 3301 §wc-²⁸5⁹·

219 3299 383 3358 juriam
409 3299 526 3342 Deo.
554 3298 660 3343 Non
687 3298 809 3342 enim
836 3298 960 3342 Deus
990 3313 1015 3341 a
1042 3298 1172 3342 nobis
1206 3297 1448 3343 offenditur
1481 3299 1568 3343 nisi
1593 3313 1649 3343 ex
1677 3312 1735 3343 eo
1767 3298 1906 3358 quod
1920 3306 2100 3344 eontra
2102 3311 2182 3343 no-

222 3375 364 3409 strum
390 3365 565 3408 bonum
593 3365 785 3423 agimus,
813 3374 860 3408 ut
887 3364 1059 3408 dictum
1086 3374 1152 3408 est
1178 3366 1238 3423 (c.
1271 3377 1346 3408 121
1356 3363 1402 3420 ..)
1437 3365 1538 3409 Hoc
1566 3375 1717 3409 autem
1750 3378 1844 3410 non
1870 3374 2056 3425 apparet
2079 3377 2178 3410 esse

224 3442 382 3475 contra
409 3431 614 3475 hominis*
635 3432 823 3485 bonum,
850 3432 969 3475 unde
997 3446 1049 3475 ex
1074 3432 1166 3475 hoc
1197 3445 1291 3475 non
1317 3430 1494 3475 videtur
1518 3431 1621 3476 Deo
1650 3430 1837 3490 aliqua
1824 3432 1987 3490 injuria
2007 3429 2118 3476 fieri.

312 3497 529 3541 Similiter
556 3499 694 3542 etiam
721 3512 813 3542 non
835 3497 1011 3542 videtur
1037 3496 1264 3542 sufficiens
1286 3497 1538 3556 responsio,
1565 3497 1687 3556 quod
1710 3511 1789 3556 per
1813 3497 1904 3542 hoc
1917 3496 1999 3542 fiat
2012 3495 2177 3555 injuria

225 3563 433 3621 proximo
457 3565 532 3623 qui
559 3564 900 3608 scandalizatur.
927 3564 1163 3623 Contingit
1194 3563 1317 3608 enim
1344 3564 1398 3608 de
1426 3563 1578 3622 aliquo
1606 3564 1727 3622 quod
1753 3561 2004 3608 secundum
2020 3575 2069 3608 se
2083 3576 2180 3608 non
