2332 3854
843 192 1405 238 L132R11.0AP.1.1x.
1999 193 2097 247 199

106 299 249 354 HOC
274 309 428 345 autem
451 309 682 358 oporteret
702 313 818 354 esse,
843 314 882 345 Sl
907 310 1026 345 esset
1047 299 1213 345 mixtus
1239 298 1375 344 alicui
1401 278 1599 357 corpori,
1625 306 1670 340 et
1691 296 1898 341 Slmllltel'
1923 296 1962 341 Sl
1983 307 2103 341 esset

140 366 292 413 forma
323 366 512 424 alicujus
545 366 773 424 corporis:
807 366 912 425 quia
939 381 1045 410 curn
1071 381 1126 411 ex
1151 365 1299 411 forma
1327 374 1371 409 et
1397 363 1586 408 materia
1620 362 1696 406 fiat
1728 377 1885 416 unum,
1918 373 2102 421 oportet

141 433 264 493 quod
290 432 438 478 forma
464 432 701 492 participet
718 432 887 491 aliquid
914 434 969 477 de
996 443 1156 476 natura
1174 434 1269 490 ejus
1293 433 1420 490 cujus
1443 440 1511 475 est
1534 428 1698 474 forma.
1723 428 2011 488 Impossibile
2034 436 2102 474 'est

59 491 66 511 ³³
143 500 277 559 igitur
301 498 583 544 intellectum
610 498 875 557 possibilem
903 512 1000 543 esse
1035 499 1228 544 mixtum
1255 497 1453 558 corpori,
1480 505 1557 541 aut
1583 510 1681 541 esse
1709 505 1879 550 actum,
1905 509 1984 540 seu
2010 495 2103 540 for-

147 579 269 611 mam
297 564 485 624 alicujus
518 565 736 624 corporis.

209 632 419 678 ‘Adhucz
445 632 485 676 si
510 642 630 677 esset
644 630 793 676 forma
821 630 1011 690 alicujus
1038 632 1244 691 corporis
1270 630 1532 685 materialis,
1554 639 1673 675 esset
1692 628 1896 687 ejusdem
1923 628 2102 688 generis

141 699 342 759 receptio
363 698 498 758 hujus
519 697 790 751 intellectus,
817 707 861 742 et
886 697 1087 756 receptio
1115 698 1331 743 materiae
1355 697 1546 757 primae.
1573 696 1622 740 Id
1650 695 1773 740 enim
1791 695 1914 754 quod
1938 705 2006 740 est
2027 694 2103 739 ali-

53 760 73 822 'j
143 766 271 824 cujus
293 765 496 824 corporis
521 763 684 818 forma,
710 778 803 808 non
831 764 992 822 recipit
1017 764 1186 823 aliquid
1214 765 1380 823 absque
1407 778 1488 808 sua
1515 764 1718 808 materia.
1738 763 1928 806 Materia
1950 771 2104 806 autern

144 832 288 890 prima
313 831 474 890 recipit
497 830 668 876 formas
693 829 1008 884 individuales,
1034 830 1180 875 immo
1207 845 1286 889 per
1305 831 1396 875 hoc
1423 830 1762 874 individuantur
1781 827 1905 888 quod
1925 828 2100 872 suntin

145 898 348 944 materia.
366 897 628 948 Intellectus
643 898 780 957 igitur
795 897 1023 957 possibilis
1041 897 1226 956 recipiet
1242 896 1428 950 formas,
1449 906 1496 941 ut
1517 906 1621 941 sunt
1641 894 1955 950 individuales,
1972 904 2017 940 et
2037 895 2101 939 sic

76 986 79 988 -
143 976 239 1010 non
263 974 565 1023 cognosceret
588 963 883 1009 universalia:
905 964 1027 1023 quod
1054 973 1177 1022 patet
1202 978 1302 1008 esse
1326 962 1507 1007 falsum.

159 1070 162 1081 ᾗ
233 1030 494 1076 Praeterea:
521 1031 710 1075 materia
732 1031 878 1089 prima
899 1044 993 1074 non
1016 1039 1082 1075 est
1108 1030 1422 1089 cognoscitiva
1446 1029 1700 1073 formarum
1727 1042 1838 1088 quas
1860 1028 2034 1088 recipit.
2053 1027 2104 1074 Si

144 1110 256 1156 ergo
281 1097 442 1142 eadem
468 1107 586 1142 esset
611 1098 810 1156 receptio
845 1096 1099 1141 intellectus
1126 1095 1367 1156 possibilis,
1395 1106 1439 1141 et
1465 1096 1684 1140 materiae
1710 1096 1900 1154 primae,
1925 1110 2011 1140 nec
2036 1096 2101 1140 in-

57 1162 73 1213 {3
142 1162 348 1215 tellectus
372 1163 599 1223 possibilis
625 1173 927 1223 cognosceret
950 1163 1122 1207 formas
1149 1172 1379 1222 receptas;
1406 1162 1529 1221 quod
1556 1172 1624 1207 est
1649 1161 1832 1209 falsum.

173 1280 177 1282 ⁴
230 1229 466 1290 Amplius:
491 1230 774 1290 impossibile
801 1240 869 1274 est
892 1230 939 1274 in
967 1244 1161 1290 corpore
1189 1244 1287 1274 esse
1314 1230 1528 1274 virtutem
1551 1228 1790 1284 infinitam,
1816 1238 1865 1273 ut
1889 1229 2106 1287 probatur

63 1302 75 1360 ὲζ
142 1296 198 1351 ab
230 1296 475 1342 Aristotele
505 1297 552 1341 in
583 1308 748 1342 octavo
781 1297 962 1356 Physic.
991 1296 1043 1356 (t.
1071 1312 1109 1341 c.
1145 1298 1252 1356 79.).
1285 1296 1547 1341 Intellectus
1580 1306 1733 1340 autem
1765 1295 1993 1354 possibilis
2035 1306 2103 1340 est

140 1363 486 1423 quodammodo
517 1364 692 1408 virtutis
722 1364 949 1409 infinitae:
982 1364 1237 1423 judicamus
1271 1364 1392 1407 enim
1426 1377 1506 1422 per
1537 1365 1687 1422 ipsum
1713 1377 1784 1407 res
1810 1361 2008 1407 infinitas
2038 1376 2104 1407 se-

61 1428 86 1467 '1²²⁴
140 1429 340 1483 qundum
358 1445 614 1485 numerum,
631 1431 678 1474 in
697 1441 915 1489 quantum
935 1445 1013 1490 per
1028 1430 1179 1488 ipsum
1197 1430 1521 1488 cognoscimus
1540 1428 1826 1483 universalia,
1844 1429 1923 1473 sub
1942 1429 2104 1488 quibus

61 1496 97 1550 ’ἐγ
139 1497 588 1556 comprehenduntur
613 1497 903 1556 particularia
930 1497 1103 1541 infinita
1129 1497 1176 1540 in
1202 1496 1420 1556 potentia.
1447 1496 1554 1541 Non
1582 1506 1651 1540 est
1680 1496 1818 1555 igitur
1843 1495 2101 1541 intellectus

140 1562 369 1623 possibilis
392 1565 531 1609 virtus
557 1566 603 1609 in
630 1578 833 1623 corpore.

158 1676 163 1681 ,
228 1629 300 1675 Ex
325 1630 396 1674 his
428 1641 582 1676 autem
614 1641 767 1675 motus
800 1639 868 1675 est
899 1630 1128 1674 Averroes
1161 1629 1314 1686 (tertio
1340 1630 1412 1673 De
1439 1629 1606 1683 anima,
1632 1638 1664 1674 t.
1683 1644 1720 1674 c.
1748 1630 1823 1687 5.),
1850 1639 1895 1673 et
1918 1629 2104 1688 quidam

60 1700 84 1755 ’
145 1696 330 1756 antiqui,
362 1707 411 1741 ut
440 1697 536 1756 ipse
568 1697 692 1751 dicit,
728 1698 783 1741 ad
816 1697 1080 1756 ponendum
1117 1695 1400 1741 intellectum
1442 1695 1720 1755 possibilem,
1761 1710 1853 1755 quo
1890 1695 2106 1755 intelligit

142 1763 312 1818 anima,
341 1776 441 1811 esse
473 1774 732 1823 separatum
765 1763 1015 1808 secundum
1043 1777 1140 1808 esse
1168 1777 1193 1808 a
1221 1777 1429 1822 corpore,
1457 1772 1501 1807 et
1531 1777 1626 1807 non
1657 1777 1757 1808 esse
1782 1762 1983 1807 formam
2010 1777 2106 1808 cor-

140 1832 277 1890 poris.

154 1934 163 1939 -
226 1896 319 1942 Sed
343 1897 450 1956 quia
474 1897 550 1942 hic
576 1896 832 1942 intellectus
862 1897 976 1941 nihil
1003 1898 1058 1941 ad
1085 1911 1170 1942 nos
1196 1898 1454 1956 pertineret,
1486 1911 1578 1954 nec*
1605 1911 1685 1956 per
1709 1897 1861 1955 ipsum
1886 1896 2106 1955 intellige-

138 1977 306 2019 remus,
327 1964 416 2010 nisi
439 1964 680 2009 nobiscum
708 1963 860 2024 aliquo
888 1964 1029 2008 modo
1057 1966 1423 2023 conjungeretur,
1455 1964 1726 2008 determinat
1752 1965 1890 2008 etiam
1912 1963 2104 2009 modum

9 2031 14 2078 J
62 2042 78 2086 ἦ
138 2045 231 2091 quo
253 2031 542 2076 continuatur
566 2031 822 2084 nobiscum,
845 2030 1015 2085 dicens,
1038 2031 1160 2090 quod
1183 2031 1358 2090 species
1390 2030 1623 2076 intellecta
1647 2031 1694 2075 in
1721 2041 1824 2075 actu
1857 2041 1926 2076 est
1954 2029 2104 2075 forma

7 2102 11 2132 ἰ
135 2097 392 2144 intellectus
414 2097 663 2156 possibilis:
690 2097 808 2142 sicut
831 2098 1008 2142 visibile
1034 2100 1080 2141 in
1107 2108 1211 2142 actu
1238 2108 1307 2143 est
1329 2097 1479 2143 forma
1505 2098 1734 2157 potentiae
1756 2098 1951 2142 visivae:
1978 2098 2099 2142 unde

71 2170 98 2219 g
137 2178 193 2216 ex
209 2164 451 2215 intellectu
471 2164 688 2224 possibili,
711 2174 756 2208 et
771 2163 921 2210 forma
942 2163 1175 2210 intellecta
1200 2165 1247 2208 in
1274 2174 1392 2219 actu,
1411 2165 1459 2209 fit
1480 2180 1636 2209 unum.
1660 2164 1949 2223 Cuicumque
1964 2164 2102 2222 igitur

138 2233 429 2291 conjungitur
445 2231 595 2276 forma
610 2230 842 2275 intellecta
867 2231 1111 2290 praedicta,
1130 2231 1422 2290 conjungitur
1446 2231 1703 2276 intellectus
1720 2231 1959 2290 possibilis.
1981 2231 2104 2276 Con-

79 2351 106 2361 ..⁷
134 2298 336 2357 jungitur
367 2309 519 2343 autern
551 2298 684 2342 nobis
715 2298 945 2342 mediante
971 2298 1305 2357 phantasmate,
1341 2298 1464 2357 quod
1498 2308 1564 2343 est
1588 2299 1842 2356 subjectum
1868 2297 2102 2357 quoddam

135 2362 256 2423 {ibus
285 2364 463 2411 formae
486 2364 760 2410 intellectae.
786 2365 875 2409 Per
899 2365 1021 2410 hunc
1054 2365 1190 2425 igitur
1222 2366 1415 2410 modum
1441 2365 1696 2411 intellectus
1722 2365 1949 2424 possibilis
1975 2365 2104 2410 nobi-

136 2445 267 2485 scum
288 2431 601 2476 continuatur.

153 2521 215 2553 22,
225 2498 368 2553 Quod
393 2504 547 2543 autem
577 2499 693 2543 haec
725 2498 888 2543 frivola
914 2499 1016 2553 sint,
1044 2508 1088 2544 et
1112 2498 1426 2558 impossibilia,
1458 2498 1593 2543 facile
1626 2510 1693 2544 est
1720 2499 1888 2543 videre.
1916 2497 2100 2544 Habens

18 2600 80 2635 ὁ,
137 2564 262 2615 enim
283 2564 580 2620 intellectum,
607 2575 676 2610 est
699 2565 974 2624 intelligens.
1003 2565 1273 2624 Intelligitur
1292 2576 1443 2610 autem
1465 2566 1510 2610 id
1530 2568 1659 2625 cujus
1685 2568 1860 2625 species
1885 2565 2101 2624 intelligi—

28 2679 30 2681 ,
60 2627 106 2693 “j
137 2629 245 2685 bilis
268 2631 519 2677 intellectui
554 2632 719 2677 unitur.
758 2633 846 2676 Per
878 2632 970 2676 hoc
1002 2633 1125 2677 enim
1159 2633 1281 2692 quod
1315 2634 1489 2692 species
1521 2633 1820 2692 intelligibilis
1851 2632 2102 2678 intellectui

138 2697 263 2751 unita
286 2709 357 2744 est
379 2698 424 2744 in
450 2699 642 2744 homine
667 2712 744 2758 per
772 2698 971 2758 aliquem
999 2700 1206 2753 modum,
1239 2714 1332 2744 non
1365 2700 1549 2744 habebit
1574 2701 1718 2744 homo
1746 2701 1868 2759 quod
1894 2700 1951 2744 sit
1974 2699 2102 2745 intel-

137 2761 297 2823 ligens,
321 2765 401 2813 sed
431 2764 584 2810 solum
609 2765 732 2825 quod
758 2765 1035 2824 intelligatur
1068 2767 1121 2809 ab
1148 2766 1382 2810 intellectu
1410 2777 1634 2825 separato.

0 2865 3 2883 ,
62 2825 112 2875 f}
156 2844 189 2882 i„
214 2830 488 2883 Praeterea:
522 2834 586 2876 sic
619 2832 792 2891 species
818 2832 1050 2876 intellecta
1077 2833 1123 2877 in
1151 2843 1254 2877 actu
1287 2843 1355 2877 est
1386 2833 1535 2877 forma
1567 2832 1823 2878 intellectus
1856 2833 2100 2892 possibilis,

137 2895 255 2953 timu
275 2899 449 2958 species
470 2898 659 2943 visibilis
684 2901 729 2943 in
756 2909 860 2943 actu
887 2909 956 2943 est
980 2899 1129 2943 forma
1162 2900 1391 2958 potentiae
1417 2900 1604 2954 visivae,
1641 2901 1746 2944 sive(
1772 2901 1912 2959 ipsius
1951 2900 2099 2945 oculi:

18 2976 23 3013 ,·
137 2964 311 3023 species
330 2976 483 3010 autem
509 2965 740 3010 intellecta
767 2976 1059 3024 comparatur
1087 2966 1141 3010 ad
1169 2966 1488 3025 phantasmata
1515 2968 1631 3012 sicut
1656 2969 1830 3025 species
1848 2967 2036 3012 visibilis
2052 2969 2100 3013 in

0 3052 1 3055 ¹
138 3039 241 3079 actu
267 3031 323 3076 ad
349 3032 622 3086 coloratum,
654 3033 777 3091 quod
810 3043 876 3077 est
909 3042 1031 3077 extra
1058 3035 1286 3079 animam:
1314 3044 1359 3078 et
1389 3034 1476 3078 hac
1504 3034 1799 3079 similitudine
1826 3036 1920 3094 ipse
1946 3035 2100 3089 utitur,

23 3118 25 3122 ν
136 3097 348 3150 gretiam
372 3097 655 3144 Aristoteles.
689 3099 861 3143 Similis
892 3099 1030 3157 igitur
1063 3100 1346 3145 continuatio
1380 3111 1447 3145 est
1478 3101 1733 3145 intellectus
1761 3101 1987 3160 possibilis
2014 3116 2095 3160 per

19 3252 57 3318 *ᾗ
24 3200 56 3236 2232?

57 3163 83 3218 ξ
135 3160 333 3209 formam
364 3164 698 3241 intelligibilem
725 3166 782 3210 ad
813 3167 1086 3225 phantasma
1111 3168 1270 3224 quod
1259 3183 1304 3211 in
1331 3169 1464 3213 nobis
1495 3179 1575 3223 est,
1603 3179 1647 3212 et
1672 3169 1902 3227 potentiae
1928 3170 2101 3214 visivae

137 3227 197 3278 ad
220 3228 427 3275 colorem
450 3231 528 3290 qui
561 3242 629 3276 est
650 3232 696 3276 in
723 3231 897 3291 lapide:
925 3233 1040 3277 haec
1073 3245 1226 3278 autem
1254 3235 1537 3279 continuatio
1560 3250 1654 3279 non
1680 3235 1789 3280 facit
1813 3236 2014 3295 lapidem
2036 3237 2100 3281 vi-

138 3293 365 3354 dete-„sed
400 3296 551 3342 solum
575 3298 731 3342 videri.
767 3298 890 3358 Ergo
923 3310 967 3344 et
998 3301 1229 3358 praedicta
1265 3302 1548 3346 continuatio
1580 3301 1837 3347 intellectus
1870 3302 2098 3361 possibilis

137 3359 377 3410 nobiscum
402 3377 497 3408 non
521 3362 632 3408 facit
660 3378 746 3408 nos
772 3364 1040 3429 intelligere,
1072 3367 1150 3411 sed
1183 3367 1377 3426 intelligi
1409 3368 1574 3412 solum.
1607 3368 1804 3413 Planum
1838 3381 1991 3414 autem
2017 3380 2100 3425 est,

75 3450 101 3493 ᾗ»,
135 3428 260 3487 quod
285 3429 465 3488 proprie
492 3439 538 3474 et
560 3443 667 3475 vere
693 3430 872 3487 dicitur,
898 3433 1020 3491 quod
1049 3434 1193 3478 homo
1211 3434 1443 3492 intelligit:
1471 3449 1566 3479 non
1593 3435 1716 3480 enim
1742 3435 2000 3482 intellectus
2022 3451 2099 3482 na-

139 3500 295 3546 uuam.
319 3495 698 3554 investigaremus
722 3497 809 3542 nisi
838 3512 919 3558 per
949 3499 1039 3544 hoc
1072 3500 1195 3559 quod
1228 3514 1321 3545 non
1347 3500 1659 3559 intelligimus.
1686 3502 1792 3547 Non
1818 3502 1956 3562 igitur
1981 3502 2099 3548 suffi-

139 3558 263 3605 ciens
287 3571 355 3606 est
377 3562 631 3621 praedictus
657 3563 1013 3613 continuationis
1039 3566 1215 3612 modus
