2332 3854
202 197 311 253 314
855 198 1010 239 LIBER
1049 198 1124 238 111.
1168 197 1288 237 CAP.
1328 196 1482 237 xxm.

927 435 1180 504 CAPUT
1222 448 1434 505 XXIII.

199 582 357 628 QUOD
400 582 628 621 COELUM
667 573 932 622 MOVETUR
971 583 1043 621 EX
1069 583 1277 629 ALIQUA
1307 585 1753 625 INTELLECTUALI
1788 583 2146 628 SUBSTANTIA.

488 693 543 750 (Ι.
570 699 687 752 part.
715 700 864 752 quaest.
892 695 1024 740 LXX.
1055 702 1137 741 art.
1165 710 1201 755 3.
1234 695 1293 740 II.
1325 696 1434 741 Sent.
1461 695 1552 741 dist.
1579 709 1645 753 14.
1677 702 1758 741 art.
1786 695 1862 755 3.).

284 831 349 874 Ex
371 832 629 890 praemissis
657 833 794 877 etiam
827 834 1007 880 ostendi
1031 845 1182 895 potest
1212 835 1412 895 primum
1453 836 1678 881 motivum
1716 845 1869 881 motus
1901 835 2020 882 coeli
2051 850 2151 882 esse

196 897 364 957 aliquid
390 899 734 944 intellectivum.

281 965 408 1010 Nihil
435 967 557 1010 enim
584 968 832 1012 secundum
852 970 1083 1028 propriam
1110 970 1312 1029 speciem
1334 985 1473 1030 agens
1498 970 1690 1015 intendit
1705 969 1907 1015 formam
1933 970 2146 1022 altiorem

193 1047 275 1076 sua
301 1032 474 1088 forma;
501 1034 695 1079 intendit
728 1036 851 1080 enim
884 1051 1023 1082 omne
1062 1052 1201 1096 agens
1235 1038 1321 1082 sibi
1358 1037 1521 1082 simile.
1551 1038 1731 1096 Corpus
1757 1047 1911 1082 autem
1938 1037 2150 1092 coeleste,

193 1102 443 1145 secundum
472 1104 594 1161 quod
622 1104 715 1162 agit
740 1118 818 1163 per
845 1114 1024 1148 motum
1051 1120 1199 1161 suum,
1225 1105 1418 1150 intendit
1448 1105 1658 1150 ultimam
1690 1105 1903 1160 formam,
1936 1120 2054 1164 quae
2085 1114 2153 1150 est

191 1167 450 1213 intellectus
486 1169 739 1226 humanus;
775 1173 851 1230 qui
887 1172 1073 1231 quidem
1101 1182 1168 1219 est
1204 1171 1336 1216 altior
1372 1173 1501 1216 omni
1536 1172 1701 1226 forma,
1739 1182 1787 1215 ut
1813 1186 1869 1216 ex
1893 1172 2154 1231 praemissis

191 1245 329 1294 patet.
359 1236 539 1295 Corpus
576 1237 714 1297 igitur
746 1238 864 1283 coeli
905 1253 999 1283 non
1036 1239 1130 1298 agit
1165 1239 1221 1283 ad
1258 1239 1604 1298 generationem
1642 1238 1893 1284 secundum
1921 1238 2153 1298 propriam

191 1303 393 1362 speciem
426 1305 540 1348 sicut
567 1319 706 1363 agens
749 1305 1012 1364 principale,
1040 1306 1118 1350 sed
1155 1306 1406 1350 secundum
1442 1306 1644 1365 speciem
1681 1305 1873 1364 alicujus
1910 1299 2153 1364 superioris

192 1371 367 1429 agentis
393 1370 729 1433 intellectualis,
758 1372 812 1416 ad
841 1373 962 1431 quod
990 1387 1039 1417 se
1064 1373 1203 1417 habet
1229 1387 1393 1432 corpus
1421 1372 1619 1417 coeleste
1652 1372 1769 1416 sicut
1800 1372 2154 1418 instrumentum

192 1437 247 1481 ad
275 1453 415 1497 agens
442 1439 706 1498 principale.
734 1439 846 1498 Agit
873 1450 1027 1484 autem
1060 1439 1244 1485 coelum
1276 1441 1334 1484 ad
1365 1440 1711 1498 generationem
1743 1439 1995 1484 secundum
2027 1439 2153 1499 quod
2182 1470 2186 1473 ⁴

191 1515 415 1551 movetur.
443 1506 654 1550 Movetur
679 1507 818 1565 igitur
845 1506 1044 1551 coeleste
1068 1522 1233 1567 corpus
1261 1507 1314 1551 ab
1343 1507 1495 1566 aliqua
1519 1506 1818 1551 intellectuali
1837 1506 2100 1551 substantia.

279 1573 469 1617 Adhuc:
504 1588 642 1618 omne
669 1575 792 1633 quod
825 1585 1037 1619 movetur
1062 1589 1251 1620 necesse
1285 1584 1353 1619 est
1379 1575 1433 1618 ab
1468 1574 1639 1632 aliquo
1656 1573 1848 1627 moveri,
1875 1583 1923 1619 ut
1949 1573 2154 1633 superius

191 1640 311 1698 (Lib.
339 1641 372 1684 I.
402 1655 439 1686 c.
471 1642 558 1699 13.)
592 1642 834 1700 probatum
867 1652 947 1687 est.
983 1642 1164 1701 Corpus
1195 1642 1332 1700 igitur
1369 1640 1488 1685 coeli
1515 1642 1568 1684 ab
1603 1640 1757 1699 aliquo
1800 1636 2025 1685 movetur.
2057 1640 2154 1686 Aut

192 1722 302 1766 ergo
331 1707 439 1751 illud
468 1708 590 1752 aliud
627 1719 695 1753 est
727 1709 917 1753 omnino
950 1719 1209 1768 separatum
1243 1709 1295 1752 ab
1325 1722 1396 1762 eo,
1424 1717 1501 1752 aut
1528 1718 1595 1751 est
1627 1708 1669 1752 ei
1701 1707 1894 1762 unitum,
1925 1707 1990 1751 ita
2029 1705 2152 1766 quod

193 1777 504 1834 Composltllm
531 1790 586 1819 CX
613 1775 745 1820 COCIO
769 1786 813 1820 et
840 1786 1053 1820 mOVente
1080 1775 1256 1820 dicatur
1282 1789 1469 1819 mOVeI'C
1491 1788 1708 1833 selpsum,
1735 1788 1781 1817 1n
1789 1783 2031 1844 ,quantum
2062 1785 2153 1819 una
2228 1787 2233 1789 “

192 1856 294 1900 pars
323 1844 418 1901 eJus
447 1852 514 1886 est
540 1857 732 1887 movens
766 1853 810 1888 et
836 1843 923 1888 alia
955 1854 1097 1887 mota.
1136 1843 1185 1887 Si
1219 1853 1371 1887 autem
1397 1842 1463 1887 sic
1495 1851 1576 1897 est,
1604 1856 1742 1886 omne
1769 1851 1925 1886 autem
1960 1855 2153 1887 movens

189 1910 390 1968 seipsum
419 1919 487 1954 est
511 1910 666 1953 vivum
694 1920 739 1954 et
765 1911 1034 1964 animatum,
1067 1910 1270 1969 sequitur
1297 1910 1419 1968 quod
1453 1909 1637 1953 coelum
1669 1911 1727 1953 sit
1758 1909 2027 1964 animatum,
2056 1923 2153 1954 non

189 1988 343 2022 autem
371 1978 458 2022 alia
482 1979 636 2022 anima
662 1993 801 2037 quam
827 1978 1148 2024 intellectuali:
1175 1992 1270 2022 non
1298 1979 1422 2022 enim
1453 1979 1683 2031 nutritiva,
1715 1991 1858 2036 quum
1887 1977 1936 2021 in
1969 1990 2025 2022 eo
2055 1991 2152 2023 non

189 2045 246 2089 sit
273 2046 506 2104 generatio
531 2055 575 2089 et
601 2046 857 2105 corruptio;
885 2061 1033 2104 neque
1061 2046 1290 2099 sensitiva,
1318 2059 1459 2104 quum
1482 2059 1576 2088 non
1602 2044 1770 2088 habeat
1795 2057 2073 2103 organorum
2091 2044 2155 2089 di-

186 2113 470 2167 versitatem3
498 2113 700 2171 sequitur
727 2127 838 2171 ergo
867 2113 990 2172 quod
1032 2123 1273 2157 moveatur
1300 2112 1352 2156 ab
1393 2112 1547 2155 anima
1587 2110 1882 2155 intellectiva.
1917 2110 1968 2156 Si
1999 2120 2152 2156 autem

187 2190 400 2225 movetur
427 2195 452 2224 a
479 2191 659 2225 motore
686 2181 956 2235 extrinseco,
985 2191 1062 2224 aut
1088 2180 1199 2224 illud
1226 2180 1310 2224 erit
1335 2193 1610 2238 corporeum
1634 2189 1711 2223 aut
1735 2172 2074 2237 incorporeum.
2095 2178 2154 2224 Et

187 2248 225 2292 si
250 2247 435 2307 quidem
459 2261 748 2307 corporeum,
766 2262 861 2292 non
878 2257 1036 2292 movet
1052 2248 1140 2292 nisi
1155 2257 1350 2301 motum,
1373 2257 1422 2291 ut
1439 2261 1493 2291 ex
1509 2246 1817 2306 superioribus
1834 2245 1983 2304 (ibid.)
2005 2255 2152 2304 patet;

188 2315 414 2374 oportebit
442 2329 550 2373 ergo
579 2325 623 2359 et
643 2313 754 2359 illud
782 2315 835 2358 ab
865 2314 955 2358 alio
982 2315 1182 2369 moveri3
1209 2329 1349 2373 quum
1373 2323 1526 2358 autem
1543 2328 1637 2357 non
1659 2313 1717 2357 sit
1741 2313 1988 2372 procedere
2012 2313 2062 2358 in
2079 2313 2146 2358 in·

186 2382 365 2426 finitum
391 2382 439 2426 in
469 2382 749 2441 corporibus,
777 2382 1004 2440 oportebit
1030 2382 1242 2426 devenire
1269 2382 1325 2425 ad
1352 2381 1552 2441 primum
1578 2394 1771 2425 movens
1795 2380 2147 2439 incorporeum;

187 2449 310 2509 quod
337 2459 489 2493 autem
517 2459 584 2493 est
608 2452 786 2508 penitus
814 2464 839 2493 a
866 2463 1060 2508 corpore
1092 2458 1366 2507 separatum,
1405 2457 1586 2506 oportet
1618 2461 1717 2492 esse
1743 2445 2066 2502 intellectuale,
2101 2457 2152 2492 ut

187 2532 240 2561 ex
266 2517 570 2576 superioribus
597 2517 717 2574 (Lib.
750 2517 785 2560 1.
813 2531 851 2560 c.
878 2516 974 2573 44.)
1002 2526 1138 2575 patet.
1167 2517 1321 2560 Motus
1354 2515 1492 2574 igitur
1524 2515 1660 2569 coeli,
1694 2514 1817 2574 quod
1849 2523 1918 2559 est
1947 2514 2148 2574 pritnum

188 2598 478 2642 corporeum,
499 2594 567 2628 est
593 2584 646 2627 ab
674 2583 973 2628 inteHectuali
993 2584 1258 2628 substantia.

276 2652 415 2695 Item:
444 2665 638 2710 corpora
661 2651 816 2709 gravia
844 2661 888 2695 et
913 2650 1030 2695 levia
1057 2660 1300 2695 moventur
1317 2664 1342 2694 a
1366 2658 1611 2708 generante
1638 2658 1683 2693 et
1707 2657 1975 2694 removente
2000 2648 2151 2707 prohi-

187 2719 311 2773 bens,
330 2729 379 2763 ut
395 2719 640 2778 probatur
629 2733 675 2762 1n
703 2727 869 2762 octavo
887 2718 1069 2777 Physic.
1089 2719 1149 2775 (c.
1171 2731 1236 2776 32.
1239 2718 1285 2775 )·
1277 2753 1287 2772 ,
1314 2731 1408 2761 non
1427 2717 1549 2761 enim
1571 2725 1721 2776 potest
1737 2730 1836 2760 esse
1859 2715 1982 2775 quod
1998 2714 2150 2762 forma

186 2787 234 2830 in
262 2787 325 2831 eis
352 2787 408 2831 sit
434 2800 627 2830 movens
654 2795 699 2830 et
725 2785 915 2830 materia
941 2795 1083 2838 mota,
1105 2784 1220 2830 nihil
1242 2784 1366 2829 enim
1389 2793 1600 2828 movetur
1620 2783 1708 2827 nisi
1726 2796 1906 2841 corpus.
1923 2782 2051 2828 Sicut
2072 2796 2150 2827 au-

187 2864 281 2898 tem
307 2853 644 2899 elementorum
677 2867 871 2912 corpora
903 2862 1007 2897 sunt
1044 2851 1284 2911 simplicia,
1311 2861 1354 2896 et
1380 2865 1473 2895 non
1501 2860 1569 2894 est
1593 2850 1639 2894 in
1667 2850 1731 2894 eis
1759 2849 2036 2926 compositio
2060 2849 2149 2895 nisi

188 2922 405 2966 materiae
433 2931 477 2966 et
491 2921 712 2975 formae,
702 2931 764 2966 Ita
783 2931 827 2964 et
844 2934 1041 2979 corpora
1063 2919 1277 2964 coelestia
1301 2928 1405 2963 sunt
1421 2917 1662 2977 simplicia.
1683 2917 1761 2961 Si
1749 2917 1887 2976 Igitur
1902 2926 2148 2963 moventur

186 2989 303 3033 sicut
329 2990 485 3048 gravia
512 2998 556 3032 et
580 2987 713 3043 levia,
741 2996 922 3047 oportet
948 2986 1071 3046 quod
1098 2995 1370 3031 moveantur
1394 2999 1419 3029 a
1436 2994 1681 3044 generante
1708 2997 1787 3044 per
1812 2998 1862 3030 se
1884 2992 1931 3030 et
1955 2998 1982 3028 a
2001 2995 2178 3031 remo-x

184 3066 318 3101 vente
345 3056 590 3115 prohibens
616 3069 695 3114 per
722 3055 948 3099 accidens.
977 3054 1079 3098 Hoc
1107 3063 1262 3098 autem
1288 3062 1356 3097 est
1380 3051 1688 3110 impossibile3
1710 3065 1820 3098 nam
1846 3049 1925 3096 illa
1950 3064 2149 3111 corpora

184 3122 511 3182 ingenerabilia
538 3131 656 3176 sunt,
683 3132 840 3181 utpote
865 3135 960 3165 non
986 3120 1202 3165 habentia
1235 3119 1621 3172 contrarietatem,
1645 3128 1689 3163 et
1715 3127 1868 3163 motus
1885 3128 2047 3165 eorum
2067 3118 2151 3163 im-

185 3190 330 3250 pediri
356 3205 449 3234 non
492 3199 695 3248 possunt.
726 3189 924 3248 Oportet
956 3188 1092 3247 igitur
1134 3188 1255 3247 quod
1282 3197 1554 3231 moveantur
1578 3186 1658 3231 illa
1685 3200 1878 3245 corpora
1905 3200 1931 3231 a
1963 3199 2150 3232 moven-

182 3259 300 3303 tibus
326 3273 405 3316 per
432 3257 865 3317 apprehensionem;
893 3270 987 3301 non
1014 3265 1168 3300 autem
1196 3254 1478 3309 sensitivam,
1494 3265 1544 3299 ut
1561 3264 1797 3301 ostensum
1823 3263 1916 3309 est3
1942 3267 2056 3313 ergo
2081 3253 2146 3298 in·

184 3325 478 3371 tellectivam.

273 3393 508 3450 Amplius,
536 3392 573 3436 si
599 3391 873 3451 principium
901 3401 1054 3435 motus
1081 3389 1292 3435 coelestis
1320 3399 1386 3434 est
1412 3388 1511 3433 sola
1527 3399 1688 3433 natura
1706 3388 1875 3448 absque
1899 3387 2150 3448 apprehen-

183 3460 312 3504 sione
340 3460 506 3524 aliqua,
529 3468 708 3518 oportet
730 3459 850 3518 quod
870 3458 1143 3517 principium
1162 3466 1315 3501 motus
1333 3456 1452 3500 coeli
1468 3456 1525 3501 sit
1541 3455 1690 3500 forma
1713 3454 1924 3503 coelestis
1940 3454 2146 3515 corporis

182 3526 298 3571 sicut
324 3535 367 3570 et
393 3526 439 3570 in
467 3525 729 3580 elementis;
756 3525 863 3569 licet
889 3524 1013 3569 enim
1039 3523 1217 3568 formae
1244 3523 1476 3582 simplices
1502 3536 1598 3567 non
1629 3523 1719 3568 sint
1750 3531 2005 3577 moventes,
2037 3531 2142 3567 sunt

181 3602 336 3637 tamen
363 3593 586 3652 principia
614 3602 849 3648 motuum3
878 3591 933 3637 ad
962 3605 1038 3637 eas
1066 3590 1190 3636 enim
1217 3599 1555 3650 consequuntur
1582 3598 1736 3635 motus
1761 3587 2005 3646 naturales,
2027 3588 2147 3635 sicut
