2332 3854
180 133 289 188 280
852 146 1006 186 LIBER
1046 146 1102 184 11.
1144 146 1264 185 cAP.
1305 146 1494 185 xcv111.

181 249 333 327 gentia
359 249 444 294 scit
469 247 592 308 quod
620 258 687 294 est
707 248 788 293 sub
815 263 863 294 se
890 258 935 294 et
960 249 1083 308 quod
1109 257 1176 293 est
1201 262 1336 308 supra
1368 262 1432 303 se,
1463 261 1544 308 per
1574 247 1765 301 modum
1798 261 1907 293 suae
1937 249 2138 295 substan-

179 318 286 371 tiae,
314 317 420 376 quia
447 316 536 360 alia
563 327 631 361 est
661 330 797 361 causa
830 316 1014 360 alterius
1034 332 1074 359 ».

272 385 377 439 Sed,
404 398 546 443 quum
571 383 775 442 superius
802 385 864 441 (c.
895 384 981 440 50.)
1009 382 1066 426 sit
1091 391 1325 426 ostensum
1353 371 1476 442 quod
1507 383 1782 428 substantiae
1814 393 2047 442 separatae
2077 386 2138 431 in-

180 451 463 496 tellectuales
489 466 584 494 non
611 461 714 495 sunt
740 450 1025 507 compositae
1051 464 1105 493 ex
1131 449 1321 493 materia
1347 459 1392 494 et
1422 448 1585 504 forma,
1617 464 1711 494 non
1743 460 1934 508 possunt
1965 451 2140 497 causari

181 519 271 563 nisi
295 533 375 578 per
408 519 599 562 modum
627 517 881 561 creationis.
911 517 1079 560 Creare
1114 527 1266 560 autem
1301 516 1442 561 solius
1478 517 1567 560 Dei
1603 527 1684 571 est,
1715 527 1764 560 ut
1794 531 1928 576 supra
1960 518 2019 576 (c.
2046 517 2140 575 21.)

184 596 419 630 ostensum
446 596 524 630 est.
558 585 665 628 Non
697 584 864 642 poterit
895 583 1031 642 igitur
1062 597 1152 627 una
1183 583 1534 628 substantiarum
1566 593 1875 642 separatarum
1907 597 2006 630 esse
2037 583 2142 629 alte-

183 653 275 698 rius
298 668 449 698 causa.
2013 683 2016 687 ,

273 721 538 764 Praeterea:
568 729 803 763 ostensum
833 727 898 762 est
926 718 986 775 (c.
1018 718 1105 776 15.)
1133 718 1256 778 quod
1281 718 1553 778 principales
1579 728 1728 777 partes
1754 718 1950 764 universi
1981 731 2143 763 omnes

184 798 288 833 sunt
309 803 333 831 a
359 789 461 831 Deo
489 787 752 830 immediate
780 795 985 840 creatae3
1006 800 1100 830 non
1119 796 1186 831 est
1202 786 1338 846 igitur
1353 801 1441 830 una
1461 800 1616 829 earum
1636 785 1689 830 ab
1710 785 1811 830 alia.
1830 785 2143 845 Unaquaeque

186 866 336 900 autem
364 854 717 899 substantiarum
740 862 1049 912 separatarum
1068 863 1135 898 est
1152 853 1208 898 de
1229 853 1551 913 principalibus
1568 853 1766 912 partibus
1783 853 1982 898 universi
1997 851 2143 897 multo

186 922 379 981 amplius
408 936 545 980 quam
573 919 644 964 sol
669 919 743 964 vel
768 919 890 974 luna,
918 934 1059 979 quum
1086 935 1384 999 unaquaeque
1411 935 1568 964 earum
1592 920 1759 964 habeat
1789 909 2019 998 propriam
2046 933 2144 979 spe-

187 991 305 1034 ciem
330 999 373 1032 et
397 987 673 1031 nobiliorem
701 1001 838 1045 quam
865 988 1050 1045 quaevis
1077 989 1250 1046 species
1268 986 1576 1047 corporalium
1592 1001 1757 1032 rerum.
1773 986 1882 1032 Non
1902 986 2040 1045 igitur
2055 1000 2144 1031 una

186 1071 343 1101 earum
367 1065 576 1099 causatur
604 1054 657 1097 ab
686 1053 787 1107 alia,
820 1054 898 1097 sed
925 1068 1087 1099 omnes
1113 1055 1377 1100 immediate
1404 1069 1429 1098 a
1455 1055 1572 1098 Deo.

277 1124 352 1167 Sic
376 1123 527 1180 igitur,
555 1121 805 1166 secundum
833 1121 1078 1179 praedicta,
1106 1121 1334 1180 quaelibet
1358 1122 1712 1166 substantiarum
1737 1130 2047 1179 separatarum
2074 1133 2148 1165 co·

187 1192 367 1250 gnoscit
391 1190 545 1233 Deum
570 1188 767 1233 naturali
799 1188 1064 1246 cognitione
1097 1188 1350 1232 secundum
1383 1188 1574 1233 modum
1606 1202 1714 1233 suae
1748 1187 2039 1242 substantiae,
2068 1200 2149 1247 per

187 1272 324 1317 quam
351 1255 522 1300 similes
550 1266 655 1300 sunt
680 1256 783 1299 Deo
810 1255 925 1299 sicut
952 1270 1140 1310 causae3
1163 1256 1289 1300 Deus
1312 1265 1465 1300 autem
1482 1255 1722 1313 cognoscit
1737 1269 1814 1299 eas
1831 1254 1948 1299 sicut
1967 1253 2149 1314 propria

188 1339 339 1378 causa,
367 1338 523 1368 earum
551 1323 760 1367 omnium
787 1323 832 1366 in
866 1336 913 1367 se
950 1322 1294 1367 similitudinem
1331 1323 1518 1376 habens.
1553 1323 1661 1366 Non
1695 1331 1849 1365 autem
1881 1320 1974 1365 hoc
2006 1320 2148 1365 modo

188 1407 277 1436 una
304 1391 654 1436 substantiarum
681 1399 991 1449 separatarum
1018 1392 1187 1450 poterit
1211 1403 1493 1449 cognoscere
1532 1388 1680 1445 aliam,
1705 1402 1848 1448 quum
1867 1402 1956 1432 una
1978 1401 2073 1433 non
2093 1387 2152 1432 sit

189 1473 326 1503 causa
353 1458 548 1502 alterius.

279 1524 676 1570 Considerandum
710 1534 778 1568 est
809 1524 944 1582 igitur
977 1525 1114 1583 quod,
1147 1539 1288 1584 quum
1344 1523 1469 1568 nulla
1499 1522 1767 1582 hujusmodi
1800 1521 2152 1568 substantiarum

191 1593 443 1638 secundum
470 1606 600 1637 suam
629 1591 872 1635 essentiam
899 1591 956 1635 sit
980 1590 1209 1636 sufficiens
1234 1591 1506 1651 principium
1525 1591 1800 1650 cognitionis
1823 1590 2032 1637 omnium
2048 1588 2154 1637 alia-

189 1676 290 1706 rum
317 1674 483 1713 rerum,
511 1659 755 1717 unicuique
783 1673 939 1702 earum
965 1673 1100 1717 supra
1131 1659 1361 1718 propriam
1400 1658 1699 1703 substantiam
1735 1668 1915 1717 oportet
1945 1655 2154 1717 superad-

191 1729 297 1773 dere
325 1728 545 1787 quasdam
572 1726 878 1785 intelligibiles
905 1726 1238 1781 similitudines,
1272 1741 1351 1785 per
1385 1741 1495 1786 quas
1532 1726 1759 1786 quaelibet
1791 1740 1949 1772 earum
1985 1724 2075 1770 alia
2104 1724 2152 1769 in
2214 1772 2221 1774 ,

189 1795 372 1855 propria
398 1804 560 1838 natura
586 1808 868 1852 cognoscere
894 1794 1050 1851 possit.

282 1863 384 1906 Hoc
413 1872 564 1906 autem
592 1863 655 1905 sic
684 1860 975 1905 manifestum
1003 1875 1101 1905 esse
1128 1870 1290 1920 potest.
1318 1861 1398 1905 Est
1425 1862 1546 1905 enim
1574 1861 1808 1920 proprium
1835 1860 2068 1919 objectum
2090 1859 2156 1904 in-

192 1929 400 1974 tellectus
427 1943 506 1973 ens
532 1927 830 1986 intelligibile,
858 1929 979 1987 quod
1013 1929 1198 1987 quidem
1232 1928 1580 1987 comprehendit
1612 1942 1773 1973 omnes
1804 1926 2078 1972 differentias
2110 1935 2156 1971 et

192 1997 368 2055 species
396 1996 510 2040 entis
543 1994 806 2054 possibiles;
844 1995 1061 2054 quidquid
1100 1996 1223 2039 enim
1258 2010 1357 2040 esse
1391 2005 1541 2054 potest
1571 1995 1764 2054 intelligi
1797 2004 1960 2054 potest.
1995 1993 2155 2046 Quum

192 2075 345 2108 autem
373 2063 523 2107 omnis
551 2062 753 2121 cognitio
780 2062 858 2105 fiat
883 2077 964 2120 per
987 2062 1176 2107 modurn
1194 2062 1515 2116 similitudinis,
1534 2077 1627 2106 non
1644 2072 1794 2120 potest
1807 2060 2007 2107 totaliter
2022 2072 2156 2106 suum

192 2132 425 2190 objectum
451 2129 710 2174 intellectus
740 2143 1039 2187 cognoscere,
1065 2130 1154 2174 nisi
1178 2130 1344 2174 habeat
1368 2130 1415 2173 in
1441 2144 1489 2174 se
1516 2129 1859 2174 similitudinem
1884 2128 2024 2174 totius
2042 2126 2157 2173 entis

194 2208 238 2242 et
263 2198 472 2242 omnium
499 2196 856 2241 differentiarum
884 2198 1002 2255 ejus3
1029 2197 1130 2241 talis
1158 2207 1312 2242 autem
1339 2196 1588 2241 similitudo
1615 2197 1754 2241 totius
1786 2196 1903 2240 entis
1933 2209 2032 2241 esse
2060 2209 2158 2240 non

192 2275 342 2325 potest
366 2265 452 2308 nisi
478 2274 638 2308 natura
664 2263 854 2318 infinita,
881 2279 997 2323 quae
1023 2279 1117 2308 non
1156 2264 1484 2309 determinatur
1520 2265 1574 2308 ad
1609 2264 1810 2323 aliquam
1847 2262 2048 2322 speciem
2083 2261 2159 2307 vel

194 2347 336 2392 genus
363 2332 492 2386 entis,
519 2332 597 2375 sed
625 2340 690 2375 est
717 2331 972 2376 universale
1000 2332 1273 2390 principium
1302 2342 1346 2376 et
1366 2332 1506 2376 virtus
1530 2331 1678 2375 activa
1702 2332 1842 2375 totius
1866 2330 1997 2384 entis,
2012 2328 2158 2390 qualis

195 2410 262 2444 est
287 2399 384 2443 sola
411 2409 571 2443 natura
598 2399 765 2453 divina,
792 2409 841 2442 ut
866 2399 911 2442 in
941 2399 1090 2457 primo
1119 2400 1178 2456 (c.
1207 2412 1275 2456 25.
1297 2409 1340 2443 et
1360 2398 1455 2457 43.)
1478 2409 1710 2443 ostensum
1730 2407 1819 2453 est;
1837 2397 1988 2443 omnis
2005 2390 2158 2442 autem

195 2467 283 2511 alia
310 2477 484 2520 natura,
512 2481 651 2525 quum
685 2466 742 2510 sit
773 2466 1015 2510 terminata
1042 2466 1098 2509 ad
1126 2466 1309 2524 aliquod
1343 2480 1485 2524 genus
1508 2475 1553 2510 et
1583 2465 1779 2524 speciem
1810 2465 1938 2519 entis,
1963 2477 2059 2509 non
2082 2477 2160 2524 po-

193 2544 281 2579 test
307 2548 405 2578 esse
432 2533 699 2577 universalis
726 2532 975 2577 similitudo
994 2532 1132 2577 t'otius
1150 2533 1278 2577 entis.
1298 2533 1584 2592 Relinquitur
1599 2533 1736 2591 igitur
1753 2531 1875 2591 quod
1892 2530 2017 2576 solus
2033 2531 2158 2576 Deus

194 2617 275 2661 per
301 2616 432 2645 suam
460 2601 706 2644 essentiam
739 2601 895 2644 omnia
924 2611 1199 2659 cognoscat3
1226 2600 1454 2659 quaelibet
1481 2610 1634 2651 autem
1659 2600 2012 2644 substantiarum
2036 2612 2161 2658 sepa-

195 2678 396 2712 ratarum
425 2682 504 2726 per
530 2682 662 2711 suam
689 2678 900 2711 naturam
927 2668 1167 2725 cognoscit
1192 2667 1392 2727 perfecta
1419 2667 1682 2726 cognitione
1704 2681 1835 2712 suam
1850 2666 2050 2726 speciem
2065 2675 2161 2710 tan-

195 2746 324 2789 tum;
351 2734 607 2778 intellectus
635 2744 788 2779 autem
814 2735 1040 2793 possibilis
1067 2749 1372 2794 nequaquam,
1399 2734 1478 2779 sed
1496 2748 1575 2794 per
1591 2734 1790 2793 speciem
1812 2732 2160 2792 intelligibilem,

196 2803 313 2846 sicut
339 2816 472 2860 supra
500 2795 674 2845 dictum
702 2811 781 2846 est.
800 2801 866 2846 Ex
883 2802 972 2846 hoc
995 2812 1146 2846 autem
1165 2802 1287 2861 quod
1309 2802 1558 2846 substantia
1577 2801 1728 2860 aliqua
1745 2812 1813 2846 est
1826 2799 2162 2856 intellectuaIiS,

198 2869 579 2928 comprehensiva
606 2878 674 2913 est
698 2869 837 2913 totius
866 2869 1002 2924 entis;
1029 2869 1164 2923 unde,
1192 2883 1332 2927 quum
1355 2869 1601 2914 substantia
1619 2878 1824 2928 separata
1841 2883 1919 2928 per
1940 2882 2072 2913 suam
2086 2882 2164 2913 na-

197 2947 346 2980 turam
372 2949 467 2979 non
494 2935 572 2979 fiat
597 2945 700 2979 actu
727 2935 1121 2994 comprehendens
1147 2945 1295 2980 totum
1324 2950 1418 2989 ens,
1443 2936 1555 2994 ipsa,
1587 2936 1632 2980 in
1666 2950 1746 2980 sua
1778 2935 2027 2981 substantia
2059 2947 2164 2980 con-

198 3002 408 3055 siderata,
437 3011 504 3046 est
530 3002 660 3060 quasi
686 3003 889 3061 potentia
917 3003 972 3046 ad
1009 3002 1325 3048 similitudines
1360 3002 1666 3062 intelligibiles
1703 3003 1864 3062 quibus
1897 3011 2048 3047 totum
2082 3015 2163 3047 ens

200 3068 510 3127 cognoscitur,
538 3078 583 3112 et
607 3067 713 3113 illae
741 3069 1060 3114 similitudines
1088 3080 1220 3115 erunt
1252 3080 1378 3114 actus
1416 3071 1525 3127 ejus,
1559 3070 1606 3113 in
1642 3078 1862 3128 quantum
1897 3079 1966 3116 est
1992 3068 2164 3115 intelle-

200 3134 374 3179 ctualis.
401 3135 509 3179 Non
537 3146 689 3180 autem
717 3146 784 3180 est
808 3136 1023 3193 possibile
1051 3137 1159 3196 quin
1185 3137 1296 3181 istae
1315 3137 1630 3181 similitudines
1648 3137 1736 3182 sint
1761 3136 1926 3197 plures,
1947 3137 2164 3199 quiajam

199 3212 432 3246 ostensum
461 3213 528 3247 est
554 3202 691 3261 paulo
720 3213 823 3248 ante
849 3204 972 3262 quod
999 3204 1137 3248 totius
1164 3204 1277 3249 entis
1301 3203 1566 3248 universalis
1583 3204 1781 3263 perfecta
1797 3203 2047 3250 similitudo
2064 3217 2164 3250 esse

197 3283 291 3313 non
318 3279 469 3328 potest
494 3269 581 3314 nisi
607 3269 794 3314 infinita.
824 3270 953 3315 Sicut
979 3281 1131 3315 autem
1157 3281 1318 3315 natura
1344 3271 1619 3316 substantiae
1641 3280 1875 3330 separatae
1899 3285 1995 3317 non
2015 3281 2085 3317 est
2102 3272 2165 3317 in·

198 3335 336 3390 finita,
359 3336 436 3380 sed
464 3337 720 3391 terminata,
746 3337 809 3381 ita
835 3337 1085 3382 similitudo
1103 3337 1400 3397 intelligibilis
1419 3339 1465 3382 in
1483 3352 1537 3383 ea
1554 3339 1771 3384 exsistens
1787 3352 1881 3384 non
1898 3348 2051 3399 potest
2065 3349 2164 3384 esse

197 3402 388 3458 infinita,
415 3403 493 3448 sed
520 3404 764 3449 terminata
791 3405 847 3449 ad
875 3405 1074 3465 aliquam
1102 3405 1303 3465 speciem
1329 3404 1404 3450 vel
1431 3419 1572 3465 genus
1611 3406 1738 3451 entis.
1776 3405 1911 3451 Unde
1948 3405 2165 3452 adv-com·

199 3470 554 3528 prehensionem
574 3471 713 3516 totius
734 3472 848 3517 entis
867 3473 1155 3531 requiruntur
1171 3471 1321 3531 plures
1338 3472 1605 3532 hujusmodi
1621 3471 1955 3519 similitudines.
1973 3468 2163 3526 Quanto

204 3545 358 3582 autem
386 3535 537 3597 aliqua
564 3538 813 3585 substantia
838 3549 1046 3599 separata
1071 3548 1141 3586 est
1165 3539 1384 3599 superior,
1409 3549 1537 3585 tanto
1571 3541 1668 3600 ejus
1692 3549 1855 3586 natura
1884 3546 1955 3586 est
1981 3536 2164 3585 divinae

2310 1757 2332 1871 ‚mmm
2301 1255 2332 1743 Μτὶ-,ὼῇτὲκψΜΜνι-,ωῑεαέ-ῑ
2330 1136 2332 1142 ,
2320 1108 2323 1110 -
