2332 3854
817 219 975 260 1111311
1013 218 1073 260 11.
1115 218 1236 259 οΔΡ.
1975 219 2075 274 129
2107 281 2124 294 ,

50 319 411 381 Impossibile
432 329 501 365 est
526 329 680 364 autem
707 319 891 379 aliquod
916 334 1061 366 unum
1085 319 1262 365 duobus
1283 320 1544 372 convenire,
1571 328 1616 363 et
1631 319 1808 378 utrique
1824 320 2075 365 secundum

37 355 73 437 ῚῑῚἶ.
114 386 280 447 quod
268 399 433 445 ipsum.
461 385 604 438 Quod
629 386 754 430 enirn
779 387 835 430 de
863 387 1016 446 aliquo
1042 387 1295 432 secundum
1313 386 1464 445 quod'
1454 399 1602 445 ipsum
1621 386 1799 440 dicitur,
1816 387 1965 445 ipsum
1982 401 2076 431 non

119 452 324 499 excedit·
345 452 463 497 sicut
482 452 651 496 habere
676 462 765 497 tres
792 454 984 511 angulos
1007 454 1183 499 duobus
1209 453 1343 498 rectis
1369 451 1598 511 aequales,
1628 467 1722 496 non
1749 453 1926 497 excedit
1946 454 2078 497 trian-

62 523 83 569 ‚J
115 517 295 579 gulam,
326 519 384 563 de
414 533 505 577 quo
538 519 835 577 praedicatur,
869 520 947 563 sed
979 521 1129 564 eidem
1162 519 1514 564 convertibiliter
1545 529 1626 563 est.
1659 518 1710 563 Si
1740 518 1876 577 igitur
1908 518 2076 578 aliquid

50 579 86 647 ’,.
117 585 295 632 dnobus
321 586 580 638 conveniat,
610 599 705 630 non
738 587 953 630 convenit
977 587 1153 645 utrique
1186 587 1436 632 secundum
1464 585 1586 645 quod
1618 585 1766 643 ipsum
1799 595 1880 631 est.
1905 586 2078 645 Impos-

116 652 248 699 sibile
274 662 344 698 est
367 653 506 712 igitur
531 652 715 712 aliquod
742 667 884 696 unum
912 653 967 697 de
994 654 1170 698 duobus
1195 653 1461 713 praedicari,
1484 653 1547 697 ita
1579 652 1703 712 quod
1727 651 1784 696 de
1807 662 1971 697 neutro
1998 667 2077 712 per

118 733 306 778 eausam
331 719 522 773 dicatur,
547 720 626 764 sed
649 729 829 779 oportet
855 719 929 764 vel
954 734 1096 763 unum
1131 734 1228 764 esse
1257 720 1443 764 alterius
1477 733 1678 773 causam,
1710 719 1829 764 sicut
1856 719 1975 778 ignis
2009 731 2078 763 est

56 786 75 822 >3
118 788 255 832 eflusa
272 785 438 831 caloris
451 786 632 845 corpori
650 786 807 839 mixte,
825 800 931 830 curn
947 796 1102 830 tamen
1119 796 1361 845 utrumque
1381 786 1579 830 calidum
1597 787 1796 841 dicaturg
1809 785 1884 831 vel
1896 796 2078 845 oportet

53 857 75 913 ζ-
111 853 243 913 quod
268 852 436 912 aliquid
462 853 646 897 tertium
673 853 730 897 sit
755 866 892 897 causa
919 854 1109 911 utrique,
1135 854 1251 897 sicut
1277 854 1450 896 duabus
1477 853 1679 898 candelis
1702 852 1820 911 ignis
1847 862 1915 898 est
1939 867 2077 897 causa

70 913 75 919 “
110 918 314 971 ⁴lucendi.
339 919 452 964 Esse
477 929 631 963 autem
657 919 820 963 dicitur
845 920 901 964 de
928 920 1056 963 omni
1082 933 1138 963 eo
1165 919 1287 978 quod
1315 930 1406 973 est;
1434 919 1715 977 impossibile
1742 929 1810 965 est
1823 919 1961 978 igitur
1978 934 2076 965 esse

111 985 273 1046 ¹aliqua
296 986 388 1031 duo
422 1001 616 1045 quorum
644 996 853 1030 neutrum
881 987 1048 1031 habeat
1073 1001 1259 1030 causam
1287 986 1480 1040 essendi,
1513 987 1591 1031 sed
1624 996 1805 1045 oportet
1835 996 2076 1046 utrumque

96 1055 413 1111 *acceptorum
440 1067 540 1098 esse
565 1067 646 1112 per
671 1067 873 1106 causam,
899 1053 972 1097 vel
999 1053 1191 1097 alterum
1210 1053 1338 1097 alteri
1357 1067 1454 1097 esse
1473 1067 1660 1097 causam
1682 1053 1874 1106 essendi,
1898 1062 2078 1112 oportet

112 1119 255 1180 igitur
278 1119 413 1180 quod!
428 1119 482 1164 ab
507 1119 589 1164 illo
607 1119 681 1163 cui
697 1118 812 1163 nihil
835 1131 902 1164 est
918 1134 1055 1165 causa
1073 1121 1265 1174 essendi,
1284 1120 1340 1164 sit
1358 1134 1495 1164 omne
1514 1120 1626 1164 illud
1645 1119 1767 1178 quod
1784 1134 2077 1179 quocumque

108 1186 260 1235 {modo
285 1197 366 1232 est.
391 1186 545 1231 Deum
571 1197 725 1231 autem
743 1201 875 1246 supra
893 1187 1012 1244 (Lib.
1041 1188 1073 1230 Ι.
1102 1202 1140 1231 c.
1173 1187 1261 1246 13.)
1285 1187 1567 1231 ostendimus
1589 1187 1854 1244 hujusmodi
1866 1201 1944 1232 ens
1962 1201 2075 1242 esse,

67 1253 192 1300 ’(1111
209 1253 327 1297 nihil
351 1253 410 1298 sit
434 1267 571 1298 causa
597 1253 798 1298 essendi:
833 1253 886 1297 ab
914 1267 970 1298 eo
986 1253 1124 1311 igitur
1141 1264 1208 1298 est
1224 1268 1363 1298 omne
1380 1254 1503 1312 quod
1521 1268 1813 1313 quocumque
1830 1254 1972 1299 modo
1995 1264 2077 1299 est.

57 1336 169 1361 222
207 1319 259 1364 Si
284 1329 439 1364 autem
464 1320 638 1364 dicatur
663 1320 786 1379 quod
813 1334 892 1365 ens
918 1334 1011 1364 non
1046 1331 1113 1364 est
1139 1322 1449 1380 praedicatum
1482 1322 1746 1374 univocum,
1778 1320 2078 1365 nihilominus

57 1383 86 1450 ”j-
106 1386 347 1449 ,vraedicta
374 1386 612 1431 conclusio
637 1397 871 1446 sequetur3
897 1401 991 1431 non
1019 1388 1143 1432 enim
1170 1388 1224 1431 de
1251 1387 1404 1432 multis
1433 1388 1682 1446 aequivoce
1709 1388 1886 1442 dicitur,
1903 1388 1981 1432 sed
1998 1400 2078 1447 per

65 1452 405 1512 ssesteaaalogiam:
433 1463 479 1498 et
503 1455 567 1498 sic
594 1463 776 1512 oportet
799 1454 899 1498 fieri
923 1454 1239 1498 reductionem
1265 1455 1311 1498 in
1338 1469 1495 1498 unum.

69 1516 175 1582 siff<
205 1520 440 1580 Amplius:
469 1521 591 1580 quod
618 1521 754 1565 alicui
780 1522 996 1566 convenit
1027 1536 1082 1566 ex
1117 1536 1199 1566 sua
1230 1532 1405 1575 natura,
1441 1533 1483 1566 et
1518 1536 1613 1565 non
1649 1536 1702 1566 ex
1737 1521 1889 1581 aliqua
1924 1536 2076 1577 causa,

16 1611 17 1614 =
58 1586 396 1641 ij-minoratum
419 1588 467 1631 in
494 1602 565 1642 ee,
591 1598 636 1632 et
661 1587 876 1632 deficiens
903 1602 1002 1632 esse
1027 1601 1121 1632 non
1147 1598 1309 1647 potest.
1349 1588 1398 1632 Si
1431 1588 1555 1632 enim
1590 1598 1778 1633 naturae
1809 1588 1976 1648 aliquid
2009 1603 2078 1633 es-

64 1663 82 1716 ]
116 1653 307 1700 sentiale
331 1654 622 1708 subtrahitur,
648 1654 722 1698 vel
749 1655 951 1708 additur,·
966 1656 1058 1713 jam
1085 1654 1225 1699 altera
1250 1664 1412 1698 natura
1445 1655 1542 1709 erit,
1574 1655 1691 1699 sicut
1723 1665 1767 1699 et
1796 1656 1844 1699 in
1874 1656 2077 1700 numeris

50 1721 334 1794 fj-oecidit,
322 1736 367 1766 111
393 1721 555 1780 quibus
580 1721 728 1765 unitas
752 1722 916 1774 addita,
931 1721 1007 1766 vel
1022 1722 1248 1766 subtracta
1266 1722 1467 1780 speciem
1484 1724 1641 1766 variat.
1660 1722 1709 1766 Si
1727 1732 1881 1767 autem
1901 1733 2077 1778 natura,

65 1787 193 1838 vel
217 1788 465 1848 quidditate
489 1789 555 1832 rei
580 1788 759 1847 integra
782 1798 1011 1843 manente,
1038 1788 1207 1847 aliquid
1233 1789 1513 1833 minoratum
1545 1789 1814 1843 inveniatur,
1839 1790 1932 1847 jam
1955 1799 2078 1848 patet

63 1849 91 1918 f»
115 1855 239 1915 quod
263 1853 376 1899 illud
401 1869 498 1899 non
521 1854 789 1914 simpliciter
814 1855 1037 1914 dependet
1061 1869 1114 1899 ex
1145 1854 1224 1899 illa
1244 1866 1420 1909 natura,
1447 1857 1527 1901 sed
1550 1869 1604 1900 ex
1626 1855 1777 1915 aliqua
1805 1856 1892 1900 alia
1925 1870 2076 1910 causa,

115 1936 197 1983 per
221 1922 349 1980 cujus
374 1921 683 1966 remotionem
710 1922 975 1966 minoratur.
1005 1921 1145 1974 Quod
1171 1922 1308 1980 igitur
1340 1922 1476 1966 alicui
1508 1923 1659 1967 minus
1692 1923 1907 1967 convenit
1938 1938 2077 1983 quam

116 1988 232 2043 aliis,
256 2002 351 2032 non
377 1988 592 2032 convenit
617 1988 660 2033 ei
684 2003 738 2032 ex
764 2003 845 2032 sua
871 1999 1032 2033 natura
1063 1999 1255 2047 tantum,
1288 1991 1367 2034 sed
1400 2003 1454 2033 ex
1486 1990 1574 2034 alia
1607 2005 1759 2035 causa.
1792 1989 1909 2034 Illud
1941 1991 2077 2050 igitur

8 2066 11 2069 ·
61 2054 77 2118 {j
114 2055 201 2102 erit
225 2069 362 2100 causa
389 2055 597 2100 omnium
623 2056 668 2098 in
697 2054 850 2114 aliquo
869 2070 1049 2114 genere,
1068 2057 1141 2113 cui
1163 2057 1361 2100 maxime
1380 2059 1594 2101 convenit
1615 2057 1734 2100 illius
1753 2058 1933 2116 generis
1950 2072 2077 2117 prae-

8 2141 10 2154 ν
111 2122 305 2176 dicatio;
331 2122 451 2166 unde
478 2117 618 2167 etiam
644 2122 767 2180 quod
794 2122 994 2167 maxime
1022 2121 1222 2167 calidum
1249 2134 1316 2168 est
1340 2123 1550 2168 videmus
1578 2138 1676 2168 esse
1700 2138 1887 2168 causam
1911 2125 2076 2169 caloris

0 3208 3 3213 >
0 3189 4 3198 -
0 3123 9 3180 *vm*
0 3003 7 3118 ‚ww-1
0 2947 7 2996 *vs

62 2189 162 2250 {kin
186 2188 402 2238 omnibus
425 2188 599 2242 calidis,
625 2198 669 2233 et
700 2189 823 2247 quod
854 2190 1053 2235 maxime
1086 2190 1304 2244 lucidum,
1339 2205 1525 2235 causam
1558 2191 1768 2235 omnium
1801 2191 2074 2251 lucidorum.

64 2253 79 2310 ξ’
112 2251 238 2305 Deus
265 2265 418 2300 autem
443 2266 511 2299 est
534 2255 733 2300 maxime
761 2270 853 2313 ens,
881 2266 929 2300 ut
959 2256 1005 2300 in
1038 2257 1187 2315 primo
1221 2257 1281 2315 (c.
1306 2258 1393 2316 13.)
1422 2268 1657 2302 ostensum
1681 2268 1774 2312 est3
1808 2258 1905 2317 ipse
1937 2258 2075 2318 igitur

68 2330 345 2404 >Q³J21e=tcausa
370 2322 580 2367 omnium
607 2323 663 2366 de
689 2323 849 2381 quibus
879 2337 958 2367 ens
987 2323 1286 2382 praedicatur,

183 2389 392 2435 A:dhuc
419 2388 672 2433 secundum
699 2389 907 2433 ordinem
933 2388 1178 2434 effectuum
1201 2400 1379 2450 oportet
1397 2405 1494 2435 esse
1513 2391 1718 2435 ordinem
1739 2406 1994 2446 causarum,
2015 2406 2070 2436 eo

88 2501 96 2510 ,
91 2455 238 2521 quod
263 2452 451 2501 effectus
469 2455 615 2500 causis
634 2456 726 2500 suis
742 2457 1076 2516 proportionati
1100 2467 1227 2512 sunt;
1255 2459 1376 2502 unde
1394 2468 1577 2517 oportet
1593 2459 1732 2517 quod,
1749 2459 1867 2502 sicut
1888 2457 2075 2504 effectus

63 2535 100 2572 Ὶχῖ
89 2529 285 2602 proprii
309 2523 621 2567 reducuntur
610 2537 655 2566 111
683 2537 843 2568 causas
869 2524 1090 2582 proprias,
1116 2525 1178 2568 ita
1194 2524 1240 2568 id
1272 2525 1395 2583 quod
1423 2538 1671 2569 commune
1694 2536 1762 2569 est
1777 2525 1824 2568 in
1843 2525 2076 2570 effectibus

178 2610 189 2628 ι
212 2590 308 2635 riis
332 2589 608 2635 reducatur
596 2603 644 2633 111
671 2589 871 2649 aliquam
898 2605 1085 2635 causam
1113 2605 1442 2646 communem3
1470 2592 1587 2636 sicut
1619 2606 1753 2650 supra
1783 2592 2075 2651 particulares

65 2656 94 2707 ζ’
92 2666 276 2712 mas
301 2656 608 2716 generationis
632 2656 769 2715 hujus
794 2655 868 2700 vel
894 2657 1012 2702 illius
1041 2667 1109 2702 est
1133 2658 1203 2702 sol
1221 2627 1487 2703 universalis
1515 2673 1652 2703 causa
1679 2659 2007 2717 generationis;
2031 2670 2077 2704 et

71 2722 126 2770 ff?
192 2733 289 2769 est
307 2722 575 2768 universalis
608 2737 747 2768 causa
764 2724 997 2783 regiminis
1019 2725 1066 2768 in
1082 2739 1242 2784 regno,
1259 2739 1394 2783 supra
1410 2726 1694 2784 praepositos
1711 2726 1854 2784 regni,
1877 2736 1921 2770 et
1938 2726 2075 2770 etiam

74 2775 295 2841 mm
318 2788 616 2849 singularum.
645 2789 876 2835 Omnibus
902 2799 1054 2835 autem
1082 2806 1330 2836 commune
1358 2802 1426 2836 est
1452 2806 1563 2836 esse.
1584 2792 1810 2850 Oportet
1798 2803 1936 2851 igitur
1952 2793 2076 2852 quod

64 2859 76 2879 ³
89 2852 250 2922 ‘supra
273 2869 435 2901 omnes
461 2870 621 2900 causas
647 2856 704 2901 sit
729 2855 881 2916 aliqua
906 2871 1058 2911 causa,
1086 2860 1213 2916 cujus
1239 2858 1297 2903 sit
1321 2859 1429 2903 dare
1456 2873 1568 2903 esse.
1586 2860 1741 2903 Prima
1759 2870 1913 2904 autem
1937 2874 2074 2904 causa

266 2933 350 2978 est,
375 2933 425 2968 ut
445 2937 580 2982 supra
605 2922 726 2982 (Lib.
752 2923 786 2967 Ι.
815 2937 854 2967 c.
893 2923 980 2981 13.)
1018 2934 1254 2970 ostensum
1280 2935 1360 2969 est.
1390 2925 1588 2985 Oportet
1613 2927 1750 2985 igitur
1776 2927 1933 2970 omnia
1958 2940 2075 2986 quae

96 2987 234 3045 tunt,
258 3004 286 3035 a
308 2990 414 3035 Deo
440 3004 554 3034 esse.

150 3056 341 3102 Item:
363 3057 488 3116 quod
513 3071 594 3115 per
619 3059 866 3102 essentiam
891 3057 1056 3102 dicitur
1086 3068 1156 3102 est
1187 3073 1324 3103 causa
1351 3059 1560 3103 omnium
1586 3074 1702 3119 quae
1729 3074 1810 3119 per
1840 3060 2076 3120 participa-

73 3121 290 3169 finenem
315 3123 539 3177 dicuntur,
565 3124 682 3168 sicut
710 3124 830 3182 ignis
849 3135 916 3169 est
933 3138 1069 3169 causa
1089 3126 1299 3170 omnium
1324 3126 1575 3185 ignitorum
1601 3127 1648 3170 in
1675 3137 1895 3185 quantum
1921 3128 2076 3187 hujus-

76 3190 100 3256 'js
113 3189 256 3235 modi.
292 3189 419 3234 Deus
446 3199 600 3234 autem
627 3200 695 3235 est
719 3205 799 3235 ens
825 3206 905 3250 per
932 3192 1177 3236 essentiam
1205 3207 1352 3247 suam,
1378 3194 1484 3253 quia
1511 3203 1578 3237 est
1602 3194 1751 3252 1ρ311111
1779 3208 1900 3247 esse;
1936 3208 2075 3239 omne

0 3300 3 3311 Ι
32 3262 47 3278 1*
89 3254 270 3302 hum
295 3255 416 3299 aliud
443 3269 523 3300 ens
549 3266 617 3300 est
640 3270 722 3301 ens
748 3271 827 3316 per
852 3258 1261 3318 participationem,
1280 3261 1384 3319 quia
1403 3274 1483 3304 ens
1500 3261 1623 3318 quod
1640 3260 1696 3304 sit
1711 3274 1845 3304 suum
1865 3274 1962 3305 esse
1979 3275 2074 3306 non

83 3401 102 3422 22
205 3402 344 3435 causa
369 3388 547 3433 essendi
571 3389 784 3435 omnibus
810 3390 923 3436 aliis

288 3335 389 3367 esse
411 3322 501 3366 nisi
525 3336 683 3376 unum,
708 3333 758 3367 ut
781 3324 829 3368 in
854 3324 1003 3382 primo
1030 3327 1092 3382 (c.
1121 3340 1185 3384 13.
1210 3336 1253 3370 et
1285 3326 1372 3382 14.)
1406 3337 1641 3371 ostensum
1675 3337 1754 3371 est.
1787 3327 1914 3372 Deus
1938 3328 2076 3387 igitur

0 3462 2 3503 ζ
91 3467 189 3504 m
203 3454 467 3501 Praeterea:
494 3468 634 3500 omne
658 3457 781 3515 quod
808 3467 875 3502 est
895 3458 1111 3517 possibile
1136 3473 1235 3503 esse
1258 3469 1302 3504 et
1326 3473 1421 3503 non
1447 3473 1546 3504 esse
1578 3459 1716 3504 habet
1740 3459 1941 3520 aliquam
1974 3475 2076 3506 cau-

0 3527 2 3547 *
89 3522 249 3577 fnum,
248 3521 378 3582 quia,
401 3522 451 3565 in
474 3534 525 3566 se
549 3522 902 3579 consideratum,
934 3524 991 3568 ad
1024 3525 1286 3569 utrumlibet
1315 3540 1364 3570 se
1395 3526 1556 3581 habet;
1590 3537 1635 3571 et
1665 3527 1730 3572 sic
1763 3537 1946 3587 oportet
1976 3542 2075 3574 esse

89 3580 293 3649 fflqmd
306 3587 446 3642 aliud,
470 3587 632 3648 quod
619 3602 771 3648 ipsum
796 3590 852 3636 ad
868 3604 1012 3636 unum
1027 3591 1319 3646 determinet;
1346 3592 1480 3647 unde,
1502 3607 1645 3652 quum
1661 3593 1709 3638 in
1730 3593 1958 3640 infinitum
1974 3609 2077 3655 pro-

251 3690 291 3726 S.
313 3690 469 3727 'raons
494 3690 628 3726 sunm
651 3698 762 3727 contra
783 3692 939 3729 Gentiles.
1050 3741 1055 3746 Ι
1917 3709 1938 3743 9
