2332 3854
0 1840 12 2014 warmunt-mm
7 1767 15 1794 μ
10 1733 17 1744 ι,
9 1711 11 1714 ,

823 245 975 285 Lmen
1015 245 1091 284 111.
1133 245 1253 283 CAP.
1294 244 1460 283 van.
1996 245 2093 299 351

153 349 311 408 imago
341 346 540 393 resultat.
572 347 624 391 In
651 356 872 423 quantum
904 361 1016 406 ergo
1043 346 1271 406 quaelibet
1297 361 1427 391 mens
1449 345 1666 406 quidquid
1679 359 1763 405 per
1789 344 2107 390 certitudinem

153 414 406 474 cognoscit,
438 414 484 457 in
524 413 594 457 his
627 412 858 472 principiis
890 413 1088 457 intuetur
1119 413 1371 458 secundum
1403 425 1520 472 quae
1552 412 1607 456 de
1640 411 1852 455 omnibus
1882 411 2107 469 judicatur

150 480 270 526 facta
300 472 577 525 resolutione
611 480 656 522 in
687 479 801 538 ipsa,
834 479 996 523 dicitur
1029 480 1186 524 omnia
1216 480 1264 523 in
1296 479 1447 524 divina
1473 478 1660 523 veritate
1686 477 1757 521 vel
1785 477 1831 521 in
1854 477 2105 522 rationibus

152 547 343 593 aeternis
368 547 536 599 videre,
570 556 613 591 et
639 545 891 591 secundum
917 559 992 590 eas
1019 544 1074 590 de
1101 546 1312 590 omnibus
1337 545 1550 603 judicare.
1578 545 1635 589 Et
1652 544 1773 588 hunc
1796 557 1980 588 sensum
2003 558 2108 588 con-

150 613 333 658 firmant
362 613 498 657 verba
526 611 804 669 Augustini
793 626 839 655 m
872 612 1020 670 primo
1055 611 1248 670 Soliloq.
1282 613 1343 669 (c.
1372 612 1449 668 8.)‚
1481 611 1558 670 qui
1598 610 1721 665 dicit,
1757 611 1878 669 quod
1905 610 2109 655 scientia·

149 694 250 726 rum
281 679 563 737 spectamina
592 678 801 722 videntur
831 678 878 721 in
917 677 1068 721 divina
1100 678 1287 722 veritate
1319 678 1434 722 sicut
1466 677 1660 722 visibilia
1691 678 1738 722 in
1758 675 1940 721 lumine
1981 676 2106 730 solis,

148 760 264 805 quae
297 755 476 789 constat
506 759 601 789 non
632 744 776 788 videri
807 744 854 787 in
885 744 985 802 ipso
1013 757 1207 803 corpore
1234 743 1359 797 solis,
1390 744 1468 788 sed
1501 758 1580 803 per
1610 743 1767 788 lumen
1800 743 1923 803 quod
1956 753 2024 787 est
2055 743 2108 787 si-

149 811 357 857 militudo
390 811 551 856 solaris
578 811 791 855 claritatis
817 811 863 854 in
891 814 1009 862 aere,
1029 820 1073 854 et
1101 810 1323 854 similibus
1346 811 1612 869 corporibus
1638 809 1808 855 relicta.
1827 809 1893 853 Ex
1908 809 1981 854 his
1997 823 2106 869 ergo

147 878 294 924 verbis
319 878 564 936 Augustini
589 891 683 921 non
710 877 900 922 habetur
925 877 1048 935 quod
1080 877 1206 920 Deus
1231 876 1437 920 videatur
1462 877 1713 920 secundum
1746 891 1875 921 suam
1902 877 2104 921 substan·

147 945 259 990 tiam
289 944 336 989 in
368 945 454 988 hac
487 944 593 997 vita,
626 944 704 988 sed
732 943 882 988 solum
916 944 1033 987 sicut
1058 944 1103 986 in
1131 942 1347 1001 speculo;
1381 943 1503 1000 quod
1530 953 1574 987 et
1600 942 1850 1002 Apostolus
1873 943 1928 987 de
1951 944 2105 1002 cogni-

145 1012 272 1056 tione
302 1011 436 1067 hujus
468 1010 588 1054 vitae
612 1010 864 1064 confitetur,
888 1010 1043 1054 dicens
1069 1011 1124 1068 (Ι.
1145 1009 1354 1053 Corinth.
1378 1009 1500 1053 XIII.
1530 1011 1646 1067 12.):
1682 1010 1871 1055 Videmus
1896 1025 2006 1055 nunc
2023 1018 2109 1070 per

145 1078 354 1138 speculum
376 1078 421 1120 in
444 1078 686 1136 aenigmate.
1284 1114 1292 1123 .
1444 1060 1511 1086 ω’

237 1143 464 1196 Quamvis
497 1154 647 1187 autem
681 1157 811 1188 mens
852 1143 1054 1186 humana
1087 1142 1142 1186 de
1184 1142 1499 1202 propinquiori
1539 1143 1627 1186 Dei
1659 1142 2002 1188 similitudinem
2032 1151 2109 1189 're-

145 1219 401 1271 praesentet
432 1225 569 1269 quam
606 1209 843 1254 inferiores
876 1219 1122 1262 creaturae,
1154 1219 1309 1253 tamen
1347 1210 1550 1268 cognitio
1582 1211 1685 1264 Dei,
1713 1225 1828 1269 quae
1861 1225 1915 1255 ex
1947 1221 2100 1267 mente

144 1278 349 1322 humana
381 1277 527 1335 accipi
566 1287 729 1336 potest,
761 1291 855 1321 non
889 1276 1063 1321 excedit
1093 1275 1204 1320 illud
1239 1290 1381 1335 genus
1414 1277 1691 1335 cognitionis
1723 1274 1859 1336 quod'
1887 1292 1939 1321 ex
1966 1278 2104 1322 sensi-

144 1343 308 1389 bilibus
341 1344 546 1397 sumitur,
579 1358 686 1388 cum
712 1353 756 1388 et
786 1344 885 1402 ipsa
917 1343 1070 1387 anima
1103 1343 1158 1387 de
1190 1344 1338 1402 seipsa
1372 1353 1622 1402 cognoscat
1653 1345 1760 1404 quid
1787 1354 1868 1397 est,
1898 1358 1978 1403 per
2007 1345 2099 1388 hoc

145 1412 268 1471 quod
299 1420 481 1454 naturas
508 1410 719 1470 intelligit
740 1409 1036 1464 sensibilium,
1059 1420 1108 1454 ut
1128 1410 1301 1454 dictum
1323 1419 1391 1455 est
1414 1412 1474 1468 (c.
1492 1409 1601 1468 46..)
1625 1411 1759 1455 Unde
1780 1425 1865 1455 nec
1888 1425 1968 1469 per
1984 1411 2104 1456 hanc

144 1478 268 1522 viam
295 1477 518 1536 cognosci
541 1478 668 1522 Deus
694 1476 842 1522 altiori
874 1477 1016 1521 modo
1042 1486 1192 1536 potest
1223 1491 1362 1536 quam
1389 1477 1506 1522 sicut
1532 1492 1669 1522 causa
1695 1478 1989 1537 cognoscitur
2020 1491 2101 1538 per

146 1543 372 1590 effectum.

765 1777 1078 1835 CAPUT
1134 1779 1471 1834 XLVIII.

293 1904 456 1960 QUOD
487 1913 700 1952 ULTIMA
731 1913 963 1953 HOMINIS
995 1913 1278 1952 FELICITAS
1306 1914 1419 1953 NON
1447 1914 1532 1952 SIT
1565 1914 1622 1954 IN
1655 1915 1767 1953 HAG
1799 1915 1949 1953 VITA.

845 2022 962 2080 (Ι-ΙΙ.
983 2030 1133 2082 quaest.
1165 2024 1211 2067 V.
1232 2030 1315 2068 art.
1332 2023 1407 2082 3.).

235 2147 287 2191 Si
326 2159 436 2204 ergo
468 2145 670 2190 humana
701 2143 892 2189 felicitas
925 2145 1086 2188 ultima
1127 2158 1221 2188 non
1255 2144 1459 2188 consistit
1500 2144 1547 2186 in
1581 2143 1844 2202 cognitione
1877 2144 1979 2198 Dei,
2014 2159 2104 2204 qua

144 2213 448 2258 communiter
479 2213 534 2257 ab
568 2212 779 2256 omnibus
812 2211 885 2256 vel
916 2211 1116 2270 pluribus
1150 2211 1446 2270 cognoscitur
1477 2211 1730 2254 secundum
1758 2211 2005 2269 quamdam
2033 2226 2102 2256 ae-

143 2280 452 2326 stImationem
485 2278 738 2332 confusam,
770 2292 918 2338 neque
952 2280 1115 2322 iterum
1156 2278 1202 2322 in
1247 2278 1510 2336 cognitione
1553 2277 1642 2321 Dei
1682 2292 1770 2336 qua
1811 2279 2105 2336 cognoscitur

142 2361 222 2407 per
252 2348 374 2392 viam
405 2345 807 2391 demonstrationis
841 2347 884 2389 in
914 2345 1112 2389 scientiis
1135 2344 1441 2404 speculativis,
1474 2358 1621 2403 neque
1652 2344 1699 2387 in
1727 2344 1990 2403 cognitione
2012 2345 2102 2390 Dei

146 2428 235 2473 qua
268 2413 560 2472 cognoscitur
595 2426 674 2471 per
705 2411 857 2464 fidem,
891 2421 939 2456 ut
976 2412 1022 2455 in
1055 2411 1361 2470 superioribus
1396 2412 1455 2468 (c.
1483 2410 1549 2466 38.
1573 2425 1639 2470 39.
1659 2420 1703 2455 et
1717 2412 1812 2468 40.)
1854 2421 1921 2455 est
1953 2422 2103 2456 osten-

143 2494 269 2525 sum:
301 2494 395 2525 non
428 2489 496 2524 est
528 2489 679 2524 autem
705 2478 920 2538 possibile
946 2479 991 2522 in
1014 2478 1101 2522 hac
1127 2479 1219 2522 vita
1242 2478 1297 2522 ad
1326 2477 1536 2522 altiorem
1558 2478 1647 2522 Dei
1675 2478 1986 2536 cognitionem
2006 2493 2105 2537 per-

142 2547 310 2600 venire,
342 2556 392 2591 ut
422 2560 501 2605 per
533 2547 776 2590 essentiam
812 2554 1130 2604 cognoscatur,
1163 2544 1237 2588 vel
1262 2544 1424 2589 saltem
1451 2545 1512 2589 ita
1538 2544 1660 2603 quod
1685 2544 1799 2588 aliae
1826 2544 2102 2590 substantiae

142 2619 374 2672 separatae
390 2611 712 2671 intelligantur,
730 2622 779 2656 ut
803 2625 857 2656 ex
883 2612 953 2656 his
980 2611 1122 2671 possit
1140 2612 1265 2655 Deus
1289 2611 1417 2670 quasi
1444 2611 1498 2655 de
1525 2611 1838 2669 propinquiori
1866 2612 2100 2670 cognosci,

144 2689 193 2723 ut
218 2689 451 2724 ostensum
475 2689 542 2723 est
572 2679 633 2736 (c.
651 2676 843 2735 41-46.):
879 2687 1060 2737 oportet
1086 2688 1239 2721 autern
1260 2678 1307 2721 in
1334 2676 1484 2736 aliqua
1505 2677 1593 2720 Dei
1617 2677 1880 2735 cognitione
1903 2677 2103 2723 felicita—

141 2754 237 2790 tem
253 2745 462 2790 ultimam
480 2745 604 2804 poni,
630 2755 680 2788 ut
695 2758 830 2803 supra
847 2745 908 2802 (c.
931 2744 1019 2803 37.)
1037 2744 1277 2803 probatum
1300 2753 1379 2788 est.
1397 2742 1684 2802 Impossibile
1711 2752 1777 2787 est
1799 2744 1920 2802 quod
1943 2745 1988 2788 in
2014 2745 2101 2788 hac

143 2811 234 2856 vita
250 2812 308 2856 sit
322 2811 481 2855 ultima
503 2810 704 2855 hominis
730 2810 938 2854 felicitas.

231 2877 375 2922 Item:
408 2877 592 2921 ultimus
611 2877 711 2921 finis
733 2877 934 2920 hominis
959 2877 1174 2921 terminat
1200 2878 1295 2934 ejus
1319 2875 1567 2935 appetitum
1590 2875 1857 2930 naturalem,
1876 2875 1939 2920 ita
1964 2878 2102 2936 quod,

143 2957 199 2987 eo
230 2943 402 2997 habito,
418 2943 532 2987 nihil
564 2942 684 2987 aliud
717 2944 958 3001 quaeritur.
988 2943 1037 2986 Si
1070 2943 1194 2986 enim
1227 2943 1374 2986 adhuc
1408 2952 1620 2986 movetur
1647 2942 1703 2986 ad
1731 2941 1866 2996 aliud,
1893 2944 2101 2988 nondum

142 3010 280 3054 habet
309 3010 450 3054 finem
480 3010 526 3053 in
557 3024 648 3069 quo
682 3009 899 3068 quiescat„
933 3010 1034 3054 Hoc
1067 3020 1221 3053 autem
1252 3010 1298 3053 in
1330 3009 1418 3053 hac
1450 3009 1541 3052 vita
1573 3023 1667 3053 non
1701 3019 1767 3053 est
1793 3009 2006 3067 possibile
2033 3025 2102 3054 ac-

143 3077 306 3121 cidere.
342 3076 529 3128 Quanto
561 3076 685 3120 enim
717 3075 816 3134 plus
849 3075 1009 3135 aliquis
1041 3076 1267 3134 intelligit,
1299 3085 1427 3119 tanto
1460 3075 1607 3134 magis
1647 3076 1693 3118 in
1737 3089 1793 3119 eo
1827 3075 2100 3121 desiderium

140 3143 424 3201 intelligendi
455 3153 657 3201 augetur,
691 3143 812 3201 quod
855 3153 921 3186 est
962 3144 1174 3187 omnibus
1215 3142 1435 3196 naturale,
1467 3142 1551 3186 nisi
1593 3141 1709 3186 forte
1741 3141 1904 3201 aliquis
1936 3142 1993 3187 sit
2025 3144 2099 3202 qui

142 3210 299 3255 omnia
331 3209 567 3268 intelligat,
601 3211 721 3268 quod
754 3210 800 3253 in
832 3210 918 3253 hac
951 3210 1043 3253 vita
1084 3209 1197 3253 nulli
1239 3223 1439 3268 unquam
1475 3209 1638 3252 accidit
1679 3208 1756 3267 qui
1789 3219 1908 3253 esset
1949 3208 2100 3254 solum

140 3277 299 3321 homo.
337 3277 435 3321 Nec
472 3286 540 3321 est
571 3275 784 3334 possibile
817 3276 1038 3330 accidere,
1079 3291 1185 3319 cum
1217 3277 1263 3319 in
1296 3276 1382 3319 hac
1416 3276 1506 3319 vita
1550 3276 1821 3319 substantias
1855 3287 2098 3334 separatas,

141 3357 257 3402 quae
289 3354 392 3388 sunt
424 3343 622 3386 maxime
653 3342 969 3401 intelligibilia,
992 3357 1273 3401 cognoscere
1306 3357 1399 3386 non
1426 3342 1668 3401 possimus,
1696 3352 1743 3386 ut
1770 3352 2004 3387 ostensum
2032 3355 2099 3388 est

142 3411 202 3466 (c.
223 3422 294 3465 41.
313 3420 358 3454 et
378 3409 485 3466 42..)
519 3409 626 3453 Non
659 3419 726 3453 est
756 3409 893 3468 igitur
923 3409 1135 3468 possibile
1169 3409 1378 3453 ultimam
1411 3408 1611 3452 hominis
1646 3407 1911 3453 felicitatem
1937 3409 1983 3453 in
2009 3410 2096 3456 hac

141 3477 232 3521 vita
265 3491 376 3522 esse.

229 3543 424 3588 Adhuc:
458 3556 597 3587 omne
629 3543 751 3601 quod
783 3552 992 3587 movetur
1024 3543 1070 3586 in
1102 3542 1239 3586 finem
1273 3542 1497 3587 desiderat
1535 3541 1799 3586 naturaliter
1830 3541 2016 3587 stabiliri
2054 3554 2098 3589 et

142 3609 373 3668 quiescere
404 3609 450 3654 in
482 3608 577 3653 illo.
612 3609 744 3654 Unde
779 3622 804 3652 a
835 3608 941 3653 loco
975 3623 1066 3668 quo
1094 3623 1258 3668 corpus
1295 3607 1560 3654 naturaliter
1582 3619 1791 3653 movetur
1812 3623 1904 3653 non
1927 3610 2096 3656 recedit
