2332 3854
824 286 978 327 uam
1016 285 1093 326 111.
1136 286 1256 326 cAP.
1297 285 1374 325 111.
1756 302 1759 304 —
1967 286 2068 341 291

212 390 330 435 Hinc
349 398 416 434 est
431 386 553 448 quod
570 387 848 448 philosophi,
867 387 1136 434 diffinientes
1157 388 1346 443 bonum,
1363 387 1589 433 dixerunt:
1621 403 1644 428 «
1662 387 1842 432 Bonum
1869 396 1935 432 est
1951 386 2074 447 quod

122 456 280 502 omnia
326 465 603 516 appetunt»;
636 465 681 499 et
712 454 962 515 Dionysius
999 455 1098 513 (IV.
1142 469 1238 516 cap.
1277 456 1349 500 De
1386 454 1524 500 divin.
1565 454 1763 512 nomin.)
1803 453 1910 500 dicit
1951 453 2074 514 quod

127 538 152 566 α
173 523 331 569 omnia
355 523 530 568 bonum
555 531 600 567 et
624 521 852 582 optimum
879 522 1209 582 concupiscunt
1224 538 1266 568 n.

922 743 1178 800 CAPUT
1219 745 1314 801 IV.

319 888 479 935 QUOD
520 887 715 926 MALUM
753 886 854 925 EST
898 886 1140 926 PRAETER
1179 887 1567 927 INTENTIONEM
1599 886 1656 927 IN
1675 854 1880 927 ⁶REBHS.

651 996 706 1054 (I.
733 996 840 1041 Sent.
873 995 963 1041 dist.
984 1011 1051 1055 39.
1085 1003 1235 1055 quaest.
1269 997 1329 1042 ΙΙ.
1359 1004 1440 1043 art.
1464 996 1542 1055 2.).

0 792 6 815 i

0 830 8 849 i

0 1105 13 1179 i
212 1114 276 1159 Ex
302 1114 393 1159 hoc
421 1123 570 1158 autern
601 1123 787 1172 apparet
813 1113 934 1172 quod
962 1113 1135 1157 malum
1163 1124 1231 1159 est
1256 1123 1430 1174 praeter
1456 1114 1759 1159 intentionem
1785 1114 1832 1159 in
1858 1115 2007 1169 rebus,
2035 1123 2080 1159 et

123 1181 281 1226 incidit
306 1190 483 1240 praeter
508 1180 808 1224 intentionem
835 1180 1082 1237 agentium.

0 1194 14 1299 i
215 1247 356 1300 Quod
383 1247 505 1291 enirn
533 1261 587 1290 ex
612 1247 791 1291 actione
820 1247 1112 1306 consequitur
1138 1247 1367 1292 diversum
1395 1248 1448 1291 ab
1483 1261 1538 1292 eo
1573 1247 1696 1306 quod
1734 1257 1828 1292 erat
1863 1247 1910 1291 in
1936 1248 2082 1292 inten-

0 1322 11 1354 ὲ
122 1316 263 1369 tione,
289 1315 383 1359 sive
410 1315 633 1358 intentum
660 1314 714 1357 ab
739 1323 915 1372 agente,
933 1314 1224 1358 manifestum
1248 1325 1316 1359 est
1332 1324 1511 1374 praeter
1531 1314 1835 1358 intentionem
1860 1314 2082 1358 accidere.

0 1387 14 1439 ξ
123 1381 300 1431 Malum
326 1390 479 1425 autem
508 1381 737 1425 diversum
771 1391 837 1424 est
865 1395 889 1423 a
925 1381 1065 1435 bono,
1098 1381 1219 1440 quod
1250 1381 1444 1425 intendit
1470 1394 1609 1425 omne
1643 1394 1798 1439 agens.
1836 1380 1917 1425 Est
1946 1380 2085 1439 igitur

123 1448 299 1494 malum
325 1458 503 1508 praeter
527 1448 828 1492 intentionem
855 1448 1083 1491 eveniens.

210 1516 347 1560 Item:
372 1514 572 1559 defectus
598 1515 644 1558 in
672 1513 835 1558 effectu
854 1524 898 1557 et
921 1514 1100 1558 actione
1123 1515 1415 1572 consequitur
1434 1514 1635 1572 aliquem
1654 1513 1881 1558 defectum
1904 1513 1951 1557 in
1969 1514 2086 1572 prin-

0 1585 16 1638 }
124 1582 254 1643 cipiis
273 1581 479 1635 actionis,
492 1581 608 1625 sicut
625 1594 678 1624 ex
696 1580 845 1639 aliqua
864 1581 1154 1639 corruptione
1171 1581 1359 1624 seminis
1374 1580 1576 1639 sequitur
1588 1589 1740 1639 partus
1753 1590 2086 1634 monstruosus,

0 1639 9 1675 ι
126 1660 172 1693 et
196 1663 249 1693 ex
277 1648 495 1693 curvitate
522 1647 662 1691 cruris
690 1647 891 1705 sequitur
917 1646 1204 1690 claudicatio.
1223 1646 1380 1704 Agens
1399 1656 1551 1690 autem
1572 1647 1664 1705 agit
1686 1647 1938 1691 secundum
1959 1647 2083 1705 quod

128 1715 265 1760 habet
294 1715 350 1759 de
374 1714 539 1758 virtute
566 1713 728 1767 activa,
750 1726 844 1756 non
867 1713 1119 1757 secundum
1142 1713 1186 1756 id
1204 1713 1326 1771 quod
1350 1712 1578 1757 defectum
1603 1713 1780 1757 virtutis
1806 1713 1998 1772 patitur;
2021 1729 2088 1758 se-

126 1775 327 1826 cundur'n
355 1790 506 1825 autem
533 1779 654 1838 quod
682 1779 789 1837 agit,
817 1779 880 1823 sic
907 1779 1099 1823 intendit
1125 1779 1277 1822 finem.
1296 1779 1494 1823 Intendit
1510 1780 1646 1838 igitur
1662 1779 1801 1823 finem
1824 1793 2088 1838 correspon-

123 1849 306 1893 dentem
331 1847 507 1901 virtuti3
534 1845 656 1905 quod
682 1846 818 1904 igitur
845 1847 1046 1904 sequitur
1067 1846 1348 1905 respondens
1371 1845 1568 1890 defectui
1593 1846 1782 1900 virtutis,
1806 1847 1890 1890 erit
1910 1858 2088 1905 praeter

123 1915 424 1959 intentionem
451 1913 639 1972 agentis.
683 1912 785 1956 Hoc
814 1922 967 1956 autem
991 1922 1059 1956 est
1094 1912 1285 1957 malum.
1320 1912 1503 1958 Accidit
1527 1913 1665 1971 igitur
1702 1912 1878 1957 malum
1910 1924 2088 1974 praeter

124 1981 440 2027 intentionem.
1948 2012 1951 2014 —

212 2048 398 2092 Adhuc:
427 2046 483 2091 ad
507 2046 631 2090 idem
657 2046 801 2091 tendit
826 2055 979 2090 motus
1006 2045 1189 2090 mobilis
1217 2055 1261 2090 et
1293 2047 1438 2089 motio
1466 2047 1706 2091 moventis.
1730 2047 1902 2092 Mobile
1930 2058 2084 2093 autem

124 2114 268 2160 tendit
291 2128 372 2174 per
396 2128 443 2159 se
471 2114 527 2158 ad
551 2113 740 2167 bonum,
774 2112 830 2156 ad
856 2112 1032 2156 malum
1054 2122 1207 2157 autem
1233 2126 1313 2172 per
1340 2113 1564 2167 accidens,
1598 2123 1642 2158 et
1673 2124 1850 2172 praeter
1875 2116 2085 2160 intentio-

125 2196 258 2237 nem;
291 2181 417 2242 quod·
440 2180 623 2240 quidem
650 2180 849 2224 maxime
875 2180 921 2223 in
954 2179 1250 2238 generatione
1277 2190 1321 2223 et
1348 2180 1639 2238 corruptione
1666 2190 1863 2240 apparet.
1889 2182 2086 2227 Materia

123 2249 261 2303 enim,
287 2261 428 2308 quum
455 2258 520 2291 est
545 2248 626 2291 sub
654 2261 744 2290 una
769 2246 933 2301 forma,
961 2255 1027 2290 est
1058 2246 1104 2290 in
1137 2248 1340 2305 potentia
1379 2246 1433 2289 ad
1470 2245 1668 2290 formam
1697 2246 1834 2291 aliam
1864 2257 1907 2292 et
1938 2249 2082 2307 priva-

123 2315 297 2360 tionem
322 2314 498 2358 formae
522 2314 616 2371 Jam
641 2314 837 2367 habitae,
864 2313 993 2366 sicut,
1021 2327 1163 2372 quum
1189 2322 1256 2358 est
1283 2314 1363 2357 sub
1390 2312 1538 2357 forma
1563 2314 1692 2368 aeris,
1715 2324 1782 2358 est
1807 2315 1852 2358 in
1879 2316 2083 2374 potentia

127 2380 183 2426 ad
206 2381 405 2426 formam
426 2381 559 2440 ignis,
591 2390 635 2424 et
659 2379 963 2439 privationem
989 2379 1166 2423 formae
1194 2380 1323 2433 aeris,
1347 2390 1391 2423 et
1417 2380 1472 2423 ad
1496 2390 1738 2439 utrumque
1759 2382 2081 2426 transmutatio

128 2447 345 2493 materiae
370 2447 637 2492 terminatur
662 2446 822 2491 simul:
851 2446 907 2490 ad
932 2445 1132 2490 formam
1158 2446 1342 2505 quidem
1370 2447 1503 2505 ignis,
1530 2448 1781 2491 secundum
1805 2449 1926 2507 quod
1953 2463 2088 2507 gene-

125 2514 247 2561 ratur
271 2515 414 2574 ignis;
441 2514 497 2558 ad
523 2514 826 2572 privationem
861 2523 1013 2557 autern
1045 2512 1222 2557 formae
1265 2513 1394 2567 aeris,
1431 2514 1684 2558 secundum
1724 2516 1846 2573 quod
1884 2530 2084 2560 corrum-

127 2582 247 2644 pitur
272 2586 361 2626 aer.
388 2581 495 2625 Non
522 2591 676 2625 autem
701 2580 892 2624 intentio
920 2591 963 2625 et
990 2580 1214 2639 appetitus
1242 2580 1460 2624 materiae
1489 2590 1556 2624 est
1582 2581 1637 2624 ad
1665 2582 1984 2639 privationem,
2002 2583 2081 2628 sed

129 2649 183 2694 ad
211 2648 433 2703 formam3
460 2662 554 2692 non
588 2648 709 2692 enim
741 2647 886 2691 tendit
919 2647 974 2690 ad
1010 2647 1315 2704 impossibile3
1351 2657 1418 2691 est
1455 2657 1609 2692 autem
1635 2648 1917 2707 impossibile
1945 2660 2088 2694 mate-

128 2717 245 2761 riam
275 2724 452 2759 tantum
479 2715 559 2758 sub
587 2714 839 2773 privatione
873 2727 987 2767 esse,
1020 2727 1119 2758 esse
1154 2727 1261 2757 vero
1296 2728 1396 2757 earn
1437 2715 1518 2758 sub
1556 2714 1706 2758 forma
1743 2725 1811 2759 est
1846 2717 2085 2775 possibile3

0 2804 4 2812 »
50 2778 55 2781 ’
130 2782 266 2842 igitur
293 2781 415 2841 quod
441 2781 708 2825 terminetur
740 2781 795 2823 ad
822 2780 1126 2839 privationem
1155 2790 1222 2823 est
1248 2790 1424 2838 praeter
1455 2781 1783 2835 intentionem;
1815 2783 2086 2827 terminatur

0 2890 53 2910 ,s
130 2859 282 2893 autern
309 2849 365 2892 ad
391 2861 492 2892 eam
519 2848 565 2890 in
593 2856 815 2906 quantum
855 2848 1058 2905 pervenit
1093 2847 1148 2890 ad
1189 2846 1387 2890 formam
1425 2861 1563 2905 quam
1599 2847 1803 2902 intendit,
1830 2863 1968 2907 quam
2000 2850 2086 2908 pri-

0 2920 5 2968 ζ
129 2915 252 2960 vatio
281 2914 463 2958 alterius
481 2912 657 2957 formae
676 2913 730 2957 de
748 2913 1016 2957 necessitate
1037 2913 1342 2971 consequitur.
1367 2912 1711 2957 Transmutatio
1730 2929 1840 2973 ergo
1864 2917 2081 2961 materiae

0 2973 60 3033 ’Ἣῖ
130 2987 176 3029 in
218 2984 510 3043 generatione
544 2992 586 3026 et
620 2981 910 3039 corruptione
936 2994 1016 3040 per
1047 2994 1094 3024 se
1128 2981 1362 3023 ordinatur
1404 2981 1459 3024 ad
1491 2980 1711 3034 formam3
1745 2982 1936 3039 privatio
1970 2997 2080 3027 vero

42 3064 52 3107 g
132 3049 422 3109 consequitur
436 3058 614 3108 praeter
629 3047 955 3100 intentionem;
979 3056 1023 3091 et
1039 3046 1246 3091 similiter
1263 3057 1443 3106 oportet
1460 3061 1558 3091 esse
1575 3048 1620 3091 in
1639 3047 1850 3092 omnibus
1868 3049 2082 3104 motibus,

0 3156 6 3166 ἦ
34 3113 65 3152 ²²?
128 3127 174 3162 et
196 3117 300 3161 ideo
332 3116 378 3159 in
410 3114 613 3175 quolibet
643 3124 772 3158 motu
810 3122 877 3157 est
909 3114 1142 3172 generatio
1170 3123 1214 3157 et
1250 3114 1480 3172 corruptio
1507 3113 1759 3157 secundum
1786 3114 1915 3173 quid;
1948 3115 2078 3170 sicut,

3 3221 6 3228 ,
36 3179 66 3242 ’ζεῖ
125 3197 265 3243 quum
294 3182 462 3242 aliquid
487 3181 701 3226 alteratur
727 3181 782 3224 de
810 3180 913 3224 albo
937 3180 982 3223 in
1008 3180 1205 3238 nigrum,
1235 3181 1537 3237 corrumpitur
1564 3180 1716 3223 album
1744 3190 1788 3224 et
1812 3180 1861 3225 fit
1882 3182 2079 3240 nigrum.

126 3250 306 3295 Bonum
331 3259 484 3293 autem
511 3258 578 3292 est
599 3247 850 3292 secundum
877 3247 998 3306 quod
1031 3247 1221 3290 materia
1254 3256 1320 3290 est
1352 3246 1549 3305 perfecta
1582 3261 1661 3305 per
1690 3246 1904 3302 formam,
1929 3258 1973 3292 et
2004 3263 2082 3308 po-

38 3324 63 3362 ,ί
125 3316 265 3361 tentia
290 3330 371 3376 per
396 3325 548 3359 actum
574 3314 834 3373 proprium3
862 3313 1032 3356 malum
1069 3323 1222 3357 autem
1249 3314 1502 3357 secundum
1528 3313 1650 3371 quod
1677 3323 1744 3357 est
1769 3314 1944 3372 privata
1978 3325 2081 3360 actu

38 3368 64 3433 ΕΞ
122 3382 289 3428 debito.
319 3382 474 3428 Omne
496 3382 632 3440 igitur
658 3380 780 3439 quod
807 3390 1018 3425 movetur
1042 3380 1186 3424 tendit
1210 3380 1255 3423 in
1283 3394 1366 3424 suo
1394 3389 1522 3424 motu
1550 3380 1785 3438 pervenire
1809 3382 1864 3425 ad
1886 3381 2079 3438 bonum,

11 3460 13 3502 ]
40 3447 69 3491 *τὲ
123 3449 328 3509 pervenit
353 3458 507 3492 autem
535 3447 589 3491 ad
617 3446 791 3490 malum
818 3457 992 3506 praeter
1018 3447 1332 3491 intentionem.
1361 3446 1515 3504 Igitur,
1540 3460 1679 3504 quum
1708 3461 1846 3491 omne
1869 3461 2008 3507 agens
2031 3458 2080 3493 et

123 3528 313 3560 movens
340 3514 544 3558 intendat
570 3513 625 3557 ad
651 3513 840 3566 bonum,
866 3513 1041 3557 malum
1067 3514 1275 3572 provenit
1299 3524 1477 3572 praeter
1502 3514 1802 3559 intentionem
1827 3516 2016 3574 agentis.

47 3568 79 3636 *X
214 3580 447 3641 Amplius:
483 3580 531 3624 in
563 3581 799 3638 agentibus
825 3593 904 3639 per
928 3580 1210 3624 intellectum
1245 3590 1286 3623 et
1324 3580 1688 3625 aestimationem
1723 3596 2078 3643 quamcumque,

96 3647 318 3694 'intentio
344 3648 545 3708 sequitur
583 3646 1019 3706 apprchensionem;
1052 3647 1098 3691 in
1135 3646 1244 3691 illud
1280 3647 1404 3692 enim
1440 3648 1583 3694 tendit
1617 3648 1810 3695 intentio
1849 3650 1972 3710 quod
2010 3643 2083 3713 ap-
