2332 3854
0 533 13 615 ''¹555‘'
0 421 13 525 'm
0 412 5 414 ¹
0 363 2 367 ⁴
4 290 6 293 ·
0 221 2 226 ⁷

0 937 9 951 ,μ
0 749 13 906 ὰ-κΓ-μ--ηῃῃ
0 726 7 740 -η
0 619 7 718 nucu-—

843 263 999 302 LIBER
1038 262 1110 302 1v.
1152 262 1272 303 CAP-
1314 261 1430 301 xm.
1661 262 1663 265 ’
1994 265 2095 320 573

132 369 276 433 ,plene
302 381 463 428 capere
480 376 702 432 possunt3
724 365 844 413 unde
867 365 1053 414 adhuc
1041 379 1089 409 m
1114 364 1377 412 hominibus
1398 363 1611 410 tenebrae
1634 374 1885 422 remanent,
1909 365 1983 409 vel
2009 380 2103 410 ma·

141 436 263 495 jores
286 433 362 479 vel
386 434 601 499 minores,
628 432 879 477 secundum
905 430 1027 491 quod
1055 431 1200 490 magis
1227 441 1272 476 et
1298 430 1448 475 minus
1471 439 1795 476 convertuntur
1819 419 1875 474 ad
1896 431 2100 476 Verbum

140 511 189 553 ‚et
213 501 396 562 capiunt
419 500 582 565 ipsum.
606 499 740 544 Unde
760 499 975 558 Joannes,
1003 508 1052 542 ut
1069 512 1266 544 omnem
1294 496 1522 546 defectum
1549 512 1574 542 a
1601 496 1934 545 manifestativa
1958 498 2098 542 Verbi

142 569 303 620 virtute
318 561 542 619 excludat,
568 579 708 626 quum
726 565 910 609 dixisset
931 564 1054 624 quod
1075 566 1168 609 vita
1186 570 1239 610 est
1255 564 1328 610 lux
1352 565 1581 618 bominum,
1605 563 1835 622 subjungit
1857 558 1978 624 quod
1996 565 2102 611 lucet

131 635 187 689 in
210 635 402 687 tenebris,
429 640 465 679 et
490 634 678 679 tenebrae
708 647 799 678 eam
825 646 907 678 non
933 631 1355 689 comprehenderunt;
1388 645 1481 675 non
1509 631 1631 675 enim
1665 630 1878 676 tenebrae
1908 642 2015 676 sunt
2046 646 2101 675 ex

137 699 232 751 hoc
264 700 386 762 quod
419 698 558 759 aliqui
589 698 740 744 lucem
788 697 927 742 Verbi
967 711 1061 741 non
1106 698 1313 774 capiunt3
1346 698 1475 751 sicut,
1508 697 1610 741 luce
1643 697 1853 756 corporei
1883 698 1993 742 solis
2019 712 2099 758 per

141 767 300 818 orbem
325 765 501 821 diffusa,
524 765 737 812 tenebrae
754 778 848 809 non
870 774 974 809 sunt
998 764 1082 807 nisi
1106 764 1147 808 ei
1165 765 1241 824 qui
1272 764 1432 809 oculos
1451 764 1631 810 clausos
1657 764 1731 810 vel
1756 763 1926 810 debiles
1948 765 2098 809 habet.

228 832 388 890 Haec'
377 833 513 892 igitur
533 844 637 879 sunt
660 846 776 892 quae
802 831 858 875 de
882 831 1179 890 generatione
1206 831 1357 876 divina
1384 843 1427 876 et
1453 832 1509 876 de
1535 831 1701 878 virtute
1737 830 1973 891 Unigeniti
1997 832 2101 882 filii

63 892 67 894 ἡ
133 900 248 960 Dei,
267 914 327 946 ex
352 899 493 949 sacris
520 899 761 960 Scripturis
788 897 954 952 edocti,
982 908 1228 957 utcumque
1257 900 1499 958 concipere
1523 913 1781 959 possumus.

896 1097 1150 1156 CAPUT
1191 1097 1344 1153 XIV.

520 1232 762 1271 SOLUTIO
809 1232 882 1271 AD
923 1233 1195 1271 RATIONES
1237 1232 1406 1271 SUPRA
1446 1232 1725 1272 INDUCTAS

648 1307 876 1350 ,CONTRA
909 1307 1339 1350 GENERATIONEM
1365 1307 1617 1348 DlleAM.

233 1430 356 1486 Quia
385 1445 496 1477 vero
523 1431 688 1480 veritas
714 1445 903 1478 omnem
925 1430 1167 1477 falsitatem
1191 1430 1389 1479 excludit
1420 1440 1464 1476 et
1496 1430 1772 1485 dubietatem
1805 1429 2028 1485 dissolvit,
2053 1430 2100 1475 in

131 1510 355 1560 promptu
374 1497 540 1558 iamfit
566 1512 620 1543 ea
646 1497 895 1546 dissolvere
913 1512 1028 1561 quae
1047 1500 1167 1545 circa
1185 1499 1529 1557 generationem
1556 1498 1759 1542 divinam
1785 1495 2100 1545 difficultatem

135 1564 302 1619 afferre
332 1565 615 1613 videbantur.

226 1632 330 1692 Jam
355 1631 479 1676 enim
506 1646 558 1676 ex
585 1631 716 1676 dictis
742 1641 865 1691 patet
890 1630 1013 1691 quod
1040 1633 1085 1675 in
1110 1631 1215 1676 Deo
1243 1631 1587 1690 generationem
1614 1630 1948 1691 intelligibilem
1973 1630 2101 1690 poni-

142 1713 264 1754 mus,
296 1713 390 1755 non
424 1708 577 1746 autem
609 1698 750 1743 talem
783 1698 929 1757 qualis
956 1707 1021 1743 est
1046 1699 1092 1742 in
1120 1698 1427 1745 materialibus
1459 1698 1606 1751 rebus,
1639 1712 1832 1757 quarum
1864 1698 2099 1757 generatio

140 1768 340 1816 mutatio
366 1765 591 1828 quaedam
610 1775 690 1818 est,
718 1764 999 1824 corruptioni
1017 1765 1250 1823 opposita;
1274 1765 1378 1824 quia
1404 1779 1551 1823 neque
1578 1765 1767 1808 verbum
1794 1765 1841 1807 in
1865 1764 2099 1809 intellectu

145 1843 304 1879 nostro
331 1847 437 1878 cum
455 1831 603 1891 aliqua
622 1832 874 1877 mutatione
901 1832 1167 1891 concipitur,
1184 1846 1268 1875 nec
1295 1832 1433 1876 habet
1451 1831 1708 1890 oppositam
1736 1831 2098 1890 corruptionem3

144 1899 218 1948 cui
244 1899 427 1959 quidem
460 1899 748 1956 conceptioni
780 1898 977 1946 similem
1012 1913 1110 1943 esse
1143 1898 1243 1944 Filii
1275 1899 1364 1942 Dei
1394 1899 1740 1956 generationem
1765 1899 1860 1956 jam
1893 1908 2015 1957 patet
2046 1911 2099 1941 ex

142 1966 287 2013 dictis.
315 1965 535 2014 Similiter
561 1966 696 2009 etiam
723 1965 910 2014 verbum
940 1965 1061 2024 quod
1090 1966 1136 2008 in
1163 1976 1315 2009 mente
1342 1975 1497 2009 nostra
1525 1965 1781 2024 concipitur
1805 1979 1900 2011 non
1927 1967 2016 2009 exit
2041 1965 2096 2009 de

141 2032 343 2092 potentia
373 2032 420 2077 in
454 2042 621 2086 actum,
648 2032 734 2075 nisi
767 2042 987 2091 quatenus
1018 2032 1277 2076 intellectus
1309 2043 1463 2076 noster
1494 2033 1701 2090 procedit
1731 2031 1786 2076 de
1820 2032 2023 2091 potentia
2051 2034 2096 2075 in

143 2110 320 2154 actum;
346 2113 431 2144 nec
458 2109 611 2143 tamen
638 2099 827 2143 verbum
858 2099 1000 2142 oritur
1025 2113 1079 2142 ex
1106 2098 1338 2143 intellectu
1370 2108 1542 2153 nostro,
1574 2098 1661 2142 nisi
1690 2109 1824 2158 prout
1855 2099 2025 2142 exsistit
2050 2098 2097 2142 in

143 2176 272 2219 ,actug
298 2164 435 2211 simul
452 2175 602 2209 autem
630 2179 771 2224 quum
794 2165 839 2208 in
863 2175 964 2209 actu
990 2166 1171 2216 exsistit,
1199 2176 1267 2210 est
1292 2165 1336 2208 in
1365 2180 1421 2210 eo
1443 2166 1631 2209 verbum
1661 2177 1950 2224 conceptum.
1969 2164 2101 2209 Intel-

133 2231 286 2280 lectus
313 2242 464 2280 autem
497 2232 673 2275 divinus
709 2246 944 2290 nunquam
971 2242 1038 2276 est
1062 2233 1108 2275 in
1133 2233 1352 2291 potentia,
1385 2232 1463 2276 sed
1497 2232 1647 2276 solum
1674 2232 1719 2275 in
1747 2244 1864 2286 actu,
1891 2242 1940 2276 ut
1964 2246 2099 2290 supra

141 2310 375 2348 ostensum
402 2309 482 2344 est.
512 2297 760 2343 Generatio
786 2298 923 2357 igitur
944 2297 1083 2357 Verbi
1104 2299 1244 2358 ipsius
1269 2313 1363 2343 non
1390 2309 1458 2343 est
1478 2299 1730 2343 secundum
1757 2299 1926 2342 exitum
1950 2299 2005 2344 de
2023 2313 2100 2358 po-

142 2367 283 2424 tentia
309 2367 354 2414 in
380 2375 549 2418 actum,
576 2365 654 2409 sed
681 2366 798 2415 sicut
825 2365 968 2413 oritur
992 2379 1046 2409 ex
1081 2376 1185 2410 actu
1213 2376 1353 2420 actus,
1387 2377 1435 2410 ut
1466 2365 1680 2426 splendor
1705 2381 1758 2410 ex
1785 2366 1887 2411 luce
1914 2376 1959 2414 et
1983 2366 2099 2411 ratio

143 2429 374 2482 intellecta
396 2446 454 2479 „ex
478 2430 710 2476 intellectu
727 2431 773 2477 in
792 2442 909 2477 actu.
939 2432 1073 2476 Unde
1100 2432 1238 2477 etiam
1267 2442 1452 2492 apparet
1472 2433 1593 2492 quod
1618 2433 1852 2491 generatio
1878 2447 1972 2477 non
1998 2447 2098 2492 pro-

140 2499 267 2547 hibet
298 2498 387 2546 Dei
411 2497 577 2546 Filium
605 2512 703 2543 esse
730 2513 889 2543 verum
922 2498 1075 2543 Deum
1109 2508 1183 2544 aut
1210 2499 1358 2558 ipsum
1394 2514 1491 2544 esse
1526 2510 1783 2554 aeternun13
1817 2500 1926 2559 quin
1951 2500 2099 2560 magis

139 2580 332 2618 *necesse
358 2576 427 2611 est
451 2565 598 2624 ipsum
627 2579 727 2613 esse
755 2576 1050 2614 coaeternum
1073 2565 1195 2621 -De0,
1218 2568 1347 2629 cuius
1374 2576 1441 2611 est
1465 2566 1684 2622 Verbum,
1711 2567 1815 2626 quia
1841 2567 2099 2614 intellectus

138 2632 187 2681 in
214 2642 315 2678 actu
343 2646 577 2690 nunquam
605 2642 672 2677 est
697 2633 793 2676 sine
825 2632 979 2676 verbo.

229 2698 286 2743 Et
311 2698 416 2757 quia
441 2697 543 2742 Filii
559 2697 646 2743 Dei
663 2699 897 2757 generatio
924 2712 1019 2742 non
1037 2709 1104 2745 est
1120 2698 1380 2753 materialis,
1407 2699 1486 2743 sed
1512 2698 1824 2758 intelligibilis,
1851 2699 1985 2744 stulte
2001 2701 2097 2759 iarn

141 2764 369 2814 dubitatur
384 2765 422 2809 si
443 2764 576 2809 Pater
592 2774 738 2809 totam
757 2775 966 2809 naturam
983 2765 1106 2809 dedit
1123 2776 1200 2809 aut
1212 2776 1400 2823 partem.
1418 2765 1712 2809 Manifestum
1731 2776 1796 2809 est
1814 2765 1934 2810 enim
1959 2766 2098 2826 quod,

141 2831 181 2881 si
202 2831 330 2882 Deus
355 2845 403 2876 se
428 2830 655 2890 intelligit,
682 2841 864 2891 oportet
880 2832 1001 2890 quod
1019 2842 1116 2876 tota
1133 2831 1365 2890 plenitudo
1393 2832 1533 2891 ipsius
1552 2832 1837 2876 contineatur
1859 2834 1904 2877 in
1929 2832 2098 2877 Verbo.

140 2897 239 2945 Nec
264 2907 418 2947 tamen
445 2897 694 2943 substantia
726 2897 842 2941 Filio
869 2897 973 2941 data
999 2898 1163 2942 desinit
1189 2912 1287 2942 esse
1314 2898 1359 2941 in
1387 2899 1535 2952 Patre,
1564 2899 1670 2957 quia
1695 2913 1780 2943 nec
1815 2899 1952 2943 etiam
1980 2900 2097 2959 apud

138 2978 228 3014 nos
254 2960 417 3012 desinit
443 2978 540 3008 esse
568 2964 748 3023 propria
775 2972 934 3007 natura
961 2964 1006 3007 in
1039 2978 1085 3007 re
1113 2978 1228 3022 quae
1262 2964 1543 3022 intelligitur,
1566 2979 1619 3008 ex
1644 2965 1735 3008 hoc
1762 2965 1884 3024 quod
1909 2966 2095 3010 verbum

138 3032 281 3080 nostri
303 3030 558 3083 intellectus
568 3045 629 3076 -ex
644 3031 741 3090 ipsa
759 3044 804 3074 re
822 3029 1052 3075 intellecta
1069 3030 1206 3074 habet
1224 3042 1270 3074 ut
1286 3027 1631 3090 intelligibiliter
1657 3032 1867 3076 eamdem
1889 3043 2095 3076 naturam

139 3111 333 3146 numero
367 3098 612 3144 contineat.

229 3162 294 3212 Ex
318 3164 409 3209 hoc
437 3175 588 3208 autem
619 3162 740 3222 quod
766 3163 919 3209 divina
945 3163 1180 3222 generatio
1208 3179 1302 3208 non
1331 3174 1398 3208 est
1424 3164 1685 3219 materialis,
1709 3164 2002 3209 manifestum
2029 3176 2098 3211 est

140 3229 263 3294 quod
279 3243 372 3276 non
391 3241 571 3290 oportet
586 3229 631 3273 in
651 3229 766 3273 Filio
793 3229 879 3273 Dei
904 3244 1001 3274 esse
1029 3229 1149 3274 aliud
1178 3231 1397 3289 recipiens
1420 3242 1464 3275 et
1482 3231 1601 3274 aliud
1622 3242 1831 3275 naturam
1849 3243 2097 3292 receptam.

141 3295 244 3343 Hoc
278 3298 402 3343 enim
427 3298 474 3343 in
501 3297 811 3342 materialibus
842 3298 1211 3356 generationibus
1245 3298 1451 3342 accidere
1485 3312 1670 3342 necesse
1698 3296 1779 3352 est,
1805 3299 1850 3342 in
1877 3310 2098 3358 quantum

142 3364 333 3412 materia
355 3364 562 3422 generati
589 3364 747 3422 recipit
771 3362 968 3407 formam
995 3366 1266 3424 generantis.
1301 3365 1350 3407 In
1385 3365 1678 3422 generatione
1712 3376 1863 3409 autem
1891 3366 2100 3424 intelligi-

139 3429 219 3477 bili
244 3443 339 3474 non
365 3430 428 3474 sic
456 3440 548 3484 est;
575 3443 668 3473 non
697 3430 820 3474 enim
846 3431 910 3475 sic
936 3432 1126 3475 verbum
1154 3432 1206 3475 ab
1236 3430 1467 3476 intellectu
1495 3431 1692 3476 exoritur
1719 3433 1841 3491 quod
1869 3446 1972 3492 pars
1998 3434 2094 3491 ejus

141 3495 529 3556 praeintelligatur
562 3506 609 3540 ut
634 3496 872 3555 recipiens,
898 3507 942 3542 et
966 3512 1070 3558 pars
1103 3499 1198 3556 ejus
1232 3497 1285 3542 ab
1318 3496 1550 3542 intellectu
1578 3497 1744 3551 effluat,
1781 3498 1859 3543 sed
1900 3499 2098 3544 totaliter

141 3562 331 3607 verbum
358 3563 412 3606 ab
439 3561 671 3608 intellectu
697 3563 922 3620 originem
946 3563 1098 3618 habet,
1125 3565 1240 3608 sicut
1258 3566 1361 3608 etin
1380 3564 1511 3608 nobis
1528 3564 1726 3609 totaliter
1749 3579 1890 3608 unum
1907 3566 2097 3610 verbum

142 3642 197 3678 ex
219 3628 310 3679 alio
337 3629 478 3675 oritur
503 3638 553 3674 ut
579 3628 815 3676 conclusio
842 3644 896 3674 ex
919 3630 1167 3691 principiis.
1195 3631 1284 3675 Ubi
1317 3641 1470 3675 autem
1497 3631 1695 3676 totaliter
1728 3631 1897 3691 aliquid
1924 3646 1979 3677 ex
2005 3631 2097 3677 alio
