2332 3854
14 3023 18 3033 ff
0 2704 17 3011 ffxwfsswwffwmaew›
0 2670 11 2690 -μ
0 2615 3 2617 -
4 2591 6 2593 v

798 32 804 51 Q

803 187 957 227 LIBER
996 186 1073 226 111.
1110 186 1236 226 ¹CAP.
1277 185 1438 225 CXLV.
1583 183 1589 190 '
1997 184 2096 238 513

147 294 257 340 boni
281 291 547 353 temporalis
580 300 789 336 aeternae
812 290 1014 334 fruitioni
1031 289 1179 334 ultimi
1205 289 1331 343 finis;
1358 288 1478 332 unde
1500 297 1624 347 patet
1646 287 1768 346 quod
1787 287 1933 331 multo
1957 287 2104 346 magis

148 361 367 406 voluisset
401 360 447 403 in
485 367 719 403 aeternum
754 357 834 400 illo
871 356 996 400 bono
1030 356 1272 415 temporali
1306 355 1407 400 frui.
1441 354 1577 413 Ergo,
1614 353 1864 398 secundum
1899 354 2103 398 divinum

148 427 383 486 judicium,
409 426 470 470 ita
497 424 645 483 puniri
671 423 805 467 debet
832 437 883 467 ac
911 422 947 466 si
975 421 1260 467 aeternaliter
1286 432 1537 480 peccasset.
1579 420 1706 464 Nulli
1739 431 1889 464 autem
1918 421 2104 464 dubium

148 504 216 539 est
241 495 355 553 quin'
374 506 457 551 pro
485 501 670 536 aeterno
702 500 892 549 peccato
927 501 1110 534 aeterna
1138 503 1287 548 poena
1315 489 1540 533 debeatur.
1570 488 1774 533 Debetur
1799 487 1937 546 igitur
1964 487 2006 531 ei
2028 486 2105 546 qui

149 560 204 605 ab
231 560 393 604 ultimo
420 558 509 602 fine
538 556 751 602 avertitur
783 570 932 614 poena
960 566 1156 601 aeterna.
1210 584 1212 593 2

235 626 422 671 Adhuc:
451 624 610 668 eadem
636 623 831 681 justitiae
858 623 1032 666 ratione
1056 637 1203 681 poena
1226 622 1425 682 peccatis
1458 621 1658 665 redditur
1680 630 1724 665 et
1763 620 1896 664 bonis
1930 620 2103 664 actibus

148 692 417 754 praemium.
452 690 713 734 Praemium
738 699 890 733 autem
915 690 1091 733 virtutis
1109 699 1175 733 est
1191 689 1438 742 beatitudo,
1461 702 1578 747 quae
1604 688 1789 747 quidem
1808 697 1885 732 est
1906 698 2104 741 aeterna,

149 770 198 804 ut
219 772 352 817 supra
371 767 605 802 ostensum
624 765 704 801 est.
726 756 848 814 Ergo
876 765 920 799 et
946 769 1095 815 poena
1113 770 1200 814 qua
1220 756 1318 814 quis
1351 769 1376 798 a
1392 755 1668 799 beatitudine
1696 753 1947 799 excluditur
1973 754 2106 799 debet

149 839 248 871 esse
283 835 480 869 aeterna.

168 917 171 920 Δ
237 891 357 935 Hinc
384 899 451 934 est
459 889 590 967 ’quod
609 889 771 933 dicitur
796 888 980 947 (Matth.
1008 888 1152 932 XXV.
1178 888 1297 945 46.:)
1325 889 1453 932 Ibunt
1469 888 1512 931 ln·
1535 888 1846 946 insupplicium
1871 894 2102 942 aeternum,

146 960 252 1017 justi
281 962 419 1003 autem
451 958 495 1000 in
525 957 661 1000 vitam
694 961 919 999 aeternam.

237 1025 326 1069 Per
354 1024 445 1068 hoc
472 1032 623 1066 autem
651 1022 902 1067 excluditur
930 1036 1055 1065 error
1087 1022 1337 1066 dicentium
1364 1035 1535 1079 poenas
1571 1019 2104 1080 malorumquandoque

151 1095 250 1136 esse
275 1089 597 1138 terminandas.
628 1089 762 1140 Quae
789 1089 971 1147 quidem
999 1089 1166 1147 positio
1193 1098 1344 1132 ortum
1372 1088 1583 1131 habuisse
1609 1087 1786 1131 videtur
1819 1102 1844 1131 a
1877 1087 2104 1146 positione

149 1156 453 1218 quorumdam
472 1156 868 1215 philosophorum,
896 1156 971 1214 qui
999 1155 1209 1199 dicebant
1231 1169 1393 1199 omnes
1419 1169 1592 1213 poenas
1619 1155 1903 1213 purgatorias
1930 1168 2043 1208 esse,
2061 1165 2106 1199 et

148 1224 211 1268 ita
237 1222 510 1283 quandoque
538 1222 858 1265 terminandas.
891 1221 1140 1265 Videbatur
1167 1231 1317 1264 autem
1351 1221 1441 1264 hoc
1469 1220 1785 1278 persuasibile:
1813 1232 1910 1264 turn
1941 1235 1995 1264 ex
2026 1221 2107 1264 hu-

149 1289 662 1341 manaconsuetudine3
690 1301 866 1346 poenae
894 1289 1017 1331 enim
1035 1288 1248 1330 humanis
1273 1288 1450 1346 legibus
1468 1286 1719 1330 inferuntur
1745 1287 1801 1330 ad
1828 1288 2106 1332 emendatio-

147 1360 256 1402 n'et'n
281 1356 518 1400 vitiorum:
563 1354 682 1398 unde
718 1354 835 1398 sicut
867 1354 1120 1398 medicinae
1159 1354 1383 1413 quaedam
1422 1364 1548 1407 sunt;
1589 1363 1685 1397 tum
1730 1354 1866 1397 etiam
1903 1355 2105 1408 ratione3

150 1415 187 1468 si
204 1422 328 1467 enim·
352 1435 501 1480 poena
517 1435 612 1465 non
630 1431 812 1479 propter
829 1421 951 1464 aliud
968 1420 1203 1464 inferretur
1230 1435 1255 1463 a
1281 1421 1508 1479 puniente,
1536 1420 1612 1464 sed
1632 1430 1815 1478 propter
1840 1435 1887 1464 se
1912 1431 2112 1476 tantum,

150 1494 414 1548 sequeretur
430 1487 552 1547 quod
570 1488 615 1531 in
633 1488 792 1546 poenis
818 1496 1002 1546 propter
1018 1501 1065 1531 se
1091 1487 1414 1541 delectaretur;
1442 1487 1563 1545 quod
1590 1487 1782 1531 bonitati
1807 1487 1986 1532 divinae
2011 1502 2106 1532 non

152 1555 387 1614 congruit3
415 1564 595 1614 oportet
625 1555 761 1612 igitur
792 1568 964 1612 poenas
991 1564 1174 1612 propter
1197 1553 1317 1597 aliud
1346 1552 1514 1606 inferri,
1541 1568 1626 1597 nec
1654 1553 1830 1598 videtur
1862 1553 1974 1598 alius
2002 1569 2108 1598 con-

147 1623 402 1668 venientior
426 1621 527 1665 finis
554 1635 691 1679 quam
719 1620 977 1664 emendatio
1009 1622 1238 1664 vitiorum.
1282 1620 1472 1663 Videtur
1503 1620 1639 1678 igitur
1667 1621 1991 1664 convenienter
2016 1621 2106 1664 dici

149 1694 311 1733 ornnes
337 1695 508 1748 poenas
541 1688 824 1747 purgatorias
851 1701 964 1741 esse,
998 1696 1042 1730 et
1067 1701 1147 1746 per
1174 1700 1458 1744 consequens
1485 1686 1757 1744 quandoque
1782 1688 2105 1742 terminandas,

151 1769 291 1817 quum
305 1755 440 1800 etiam
460 1753 570 1798 illud
588 1755 708 1813 quod
737 1764 804 1798 est
820 1754 1053 1813 purgabile
1071 1753 1352 1798 accidentale
1371 1753 1427 1797 sit
1443 1753 1619 1797 ratione
1638 1763 1885 1809 creaturae,
1904 1764 1948 1798 et
1964 1756 2106 1814 possit

151 1821 379 1868 removeri
405 1821 573 1880 absque
606 1822 957 1879 consumptione
989 1820 1280 1864 substantiae.

235 1884 495 1933 Estautem
523 1887 868 1932 concedendum
901 1887 1023 1946 quod
1050 1901 1228 1946 poenae
1254 1886 1506 1930 inferuntur
1524 1901 1548 1929 a
1567 1887 1685 1940 Deo,
1710 1901 1805 1931 non
1833 1898 2017 1946 propter
2042 1902 2106 1942 se,

149 1955 432 2016 quasi'Deus
457 1956 503 1998 in
526 1954 644 2013 -ipsis
686 1952 948 2008 delectetur,
975 1955 1054 1998 sed
1080 1963 1265 2012 propter
1297 1953 1434 2007 aliud,
1460 1953 1644 2012 xscilicet
1674 1964 1860 2012 propter
1895 1955 2103 1999 ordinem

150 2022 481 2082 imponendum
514 2021 744 2075 creaturis,
772 2023 815 2064 in
844 2035 934 2079 quo
960 2021 1134 2064 bonum
1161 2021 1360 2064 universi
1388 2021 1605 2065 consistit.
1634 2021 1786 2079 Exigit
1827 2030 1981 2066 autern
2013 2022 2104 2066 hoc

150 2085 266 2134 ordo
299 2100 451 2132 rerum
477 2097 527 2131 ut
551 2087 953 2146 proportionaliter
979 2087 1135 2131 omnia
1161 2087 1372 2130 divinitus
1405 2087 1741 2145 dispensentur3
1775 2098 1958 2146 propter
1984 2090 2107 2148 quod

149 2155 312 2205 dieitur
342 2154 470 2214 (Sap.
499 2154 576 2198 XI.
611 2155 703 2210 21.)
737 2154 859 2212 q'uod
878 2154 1003 2197 Deus
1030 2155 1172 2198 omnia
1197 2153 1306 2197 facit
1330 2155 1376 2197 in
1394 2154 1590 2212 pondere,
1625 2169 1797 2198 numero
1829 2161 1869 2199 et
1899 2169 2106 2200 mensura.

150 2222 280 2267 Sicut
305 2231 457 2265 autem
475 2221 677 2280 praemia
703 2219 1104 2279 proportionaliter
1118 2220 1398 2279 respondent
1424 2221 1598 2264 actibus
1623 2221 1851 2276 virtuosis,
1873 2222 1936 2265 ita
1958 2237 2108 2281 poena

148 2288 374 2349 peceatis;
406 2297 451 2331 et
490 2286 762 2364 quibusdam
798 2288 996 2345 peccatis
1038 2287 1441 2344 proportionantur
1478 2301 1654 2345 poenae
1697 2290 2012 2347 sempiternae,
2059 2299 2108 2334 ut

149 2362 382 2400 ostensum
411 2364 491 2398 est.
518 2353 687 2412 Infligit
712 2354 847 2412 igitur
878 2354 1004 2397 Deus
1036 2368 1119 2413 pro
1152 2354 1421 2431 quibusdam
1449 2355 1647 2412 peccatis
1679 2369 1852 2413 poenas
1886 2366 2107 2411 aeternas,

147 2431 198 2467 ut
227 2421 405 2466 debitus
431 2421 554 2465 ordo
579 2430 782 2464 servetur
812 2421 858 2464 in
890 2421 1037 2474 rebus,
1065 2421 1142 2480 qui
1168 2422 1263 2479 ejus
1291 2421 1562 2480 sapientiam
1596 2422 1892 2467 demonstrat.

238 2489 288 2533 Si
304 2488 403 2548 quis
427 2498 584 2532 tamen
611 2489 834 2532 concedat
851 2478 1014 2532 omnes
1037 2501 1208 2544 poenas
1231 2487 1286 2531 ad
1306 2488 1676 2532 emendationem
1706 2489 1923 2534 vitiorum
1954 2491 2109 2535 induci

149 2565 194 2601 et
217 2569 313 2601 non
344 2565 529 2615 propter
555 2555 692 2608 aliud,
719 2568 813 2599 non
838 2565 994 2599 tamen
1020 2566 1204 2614 propter
1234 2555 1324 2599 hoc
1343 2556 1522 2613 cogitur
1547 2570 1718 2614 ponere
1745 2571 1906 2601 omnes
1935 2572 2106 2616 poenas

149 2624 433 2682 purgatorias
470 2632 514 2666 et
538 2622 846 2666 terminabiles
885 2636 998 2665 esse.
1031 2622 1153 2665 Nam
1187 2631 1231 2666 et
1266 2622 1518 2666 secundum
1557 2621 1682 2680 leges
1709 2623 1936 2667 humanas
1970 2624 2110 2683 aliqui

150 2697 300 2734 morte
326 2690 572 2748 puniuntur
594 2701 689 2732 non
721 2687 906 2747 quidem
941 2688 995 2732 ad
1029 2688 1403 2731 emendationem
1429 2690 1512 2742 sui,
1545 2689 1623 2731 sed
1651 2689 1868 2744 aliorum;
1901 2690 2008 2734 hinc
2043 2700 2109 2735 est

153 2755 275 2815 quod
303 2752 478 2799 dicitur
495 2755 653 2813 (Prov.
680 2754 804 2798 XIX.
832 2754 948 2812 25.):
976 2755 1188 2799 Pestilente
1204 2753 1434 2813 flagellato,
1460 2756 1604 2800 stultus
1628 2758 1857 2815 sapientior
1878 2760 1970 2802 erit.
1998 2758 2109 2811 Qui-

150 2822 256 2866 dam
273 2821 410 2865 etiam
436 2821 688 2864 secundum
709 2821 935 2864 humanas
960 2821 1085 2879 leges
1113 2836 1137 2864 a
1167 2821 1345 2866 civitate
1369 2831 1588 2880 perpetuo
1612 2822 1770 2866 exsilio
1795 2823 2108 2878 excluduntur,

152 2886 215 2942 ut,
248 2888 312 2932 eis
339 2887 590 2941 subtractis,
629 2887 786 2931 civitas
823 2888 981 2946 purior
1012 2888 1396 2932 reddatur:.unde
1430 2889 1592 2932 dicitur
1629 2889 1785 2948 (Prov.
1813 2891 1958 2935 XXII.
1991 2893 2104 2949 10.):

150 2956 267 3012 Ejiee
303 2953 541 3008 derisorem,
580 2961 620 2999 et
653 2956 782 2998 exibit
817 2968 911 2998 cum
947 2969 991 2999 eo
1020 2955 1227 3013 jurgium,
1265 2956 1552 3015 cessabuntque
1584 2970 1729 3000 causae
1755 2963 1793 3002 et
1823 2958 2106 3004 contumeliae.

147 3020 276 3065 Nihil
309 3022 444 3079 igitur
461 3020 686 3083 prohibet,
704 3021 842 3066 etiam
859 3021 896 3065 si
919 3035 1094 3081 poenae
1120 3022 1305 3066 nonnisi
1324 3022 1379 3067 ad
1397 3022 1767 3067 emendationem
1785 3038 1966 3069 morum
1986 3026 2109 3070 adhi-

149 3089 354 3141 beantur,
386 3087 495 3147 quin
521 3088 772 3132 secundum
799 3088 1003 3131 divinum
1036 3088 1256 3146 judicium
1285 3088 1423 3147 aliqui
1450 3089 1643 3134 debeant
1670 3104 1695 3133 a
1716 3091 1935 3136 societate
1967 3092 2108 3138 bono-

148 3169 249 3198 rum
276 3162 492 3213 perpetuo
519 3154 716 3213 separari
733 3164 777 3199 et
801 3154 849 3200 in
868 3165 1103 3201 aeternum
1130 3155 1291 3213 puniri,
1319 3165 1366 3199 ut
1394 3169 1448 3199 ex
1470 3167 1713 3214 perpetuae
1740 3171 1917 3216 poenae
1939 3159 2106 3204 timore

149 3221 363 3265 homines
388 3234 579 3279 peccare
605 3220 836 3275 desistant,
863 3230 907 3265 et
927 3221 1155 3265 bonorum
1179 3221 1373 3265 societas
1391 3224 1545 3280 purior
1562 3236 1614 3266 ex
1633 3237 1793 3267 eorum
1820 3226 2106 3284 separatione

148 3286 373 3341 reddatur,
406 3287 523 3331 sicut
543 3286 708 3331 dicitur
731 3287 902 3346 (Apoc.
925 3287 1047 3331 XXI.
1074 3287 1191 3345 27.):
1220 3289 1317 3332 Non
1340 3290 1517 3332 intrabit
1541 3291 1586 3332 in
1612 3304 1718 3343 eam,
1742 3290 1786 3333 id
1818 3300 1886 3335 est
1910 3291 1956 3336 in
1983 3292 2105 3350 Jeru-

149 3353 293 3398 salem
326 3353 588 3408 coelestem,
620 3367 700 3412 per
731 3367 868 3414 quam
907 3354 1168 3412 designatur
1209 3355 1403 3399 societas
1441 3355 1685 3412 bonorum,
1723 3357 1893 3416 aliquod
1923 3361 2107 3418 coinqui-

148 3426 310 3477 natum,
341 3426 415 3465 aut
431 3421 786 3465 abominationem
809 3420 972 3479 faciens
996 3427 1037 3466 et
1065 3421 1342 3466 mendacium.

284 3656 323 3692 S.
347 3656 501 3692 ΤΗΟΜΑΕ
527 3656 661 3696 Summa
687 3663 795 3691 eontra
821 3655 973 3691 Gentiles.
1933 3674 1969 3708 33
