2332 3854
254 185 355 241 188
951 204 1108 243 unna
1146 203 1206 242 11.
1249 204 1368 245 CAP.
1401 203 1511 243 mv.

247 302 496 347 secundum
522 303 644 362 quod
671 313 738 349 est
759 303 938 349 essendi
958 304 1254 364 principium:
1279 304 1378 364 ipsa
1405 314 1556 350 autem
1581 313 1679 351 tota
1695 304 1948 351 substantia
1969 314 2040 351 est
2055 305 2205 364 ipsum

247 370 370 427 quod
396 379 477 424 est,
504 380 549 414 et
571 371 723 430 ipsum
757 386 854 416 esse
887 381 955 415 est
986 385 1077 429 quo
1104 372 1354 416 substantia
1386 371 1706 417 denominatur
1736 386 1831 417 ens.
1863 373 1915 416 In
1946 371 2207 421 substantiis

248 438 402 480 au'tem
427 437 822 491 intellectualibus,
855 452 971 497 quae
1001 452 1096 482 non
1128 447 1232 482 sunt
1264 453 1319 483 ex
1348 439 1540 484 materia
1571 449 1617 484 et
1646 438 1796 484 forma
1829 439 2127 498 compositae,
2156 448 2208 487 ut

247 503 310 559 (c.
340 517 405 560 50.
434 514 478 548 et
509 504 597 561 51.)
624 515 860 549 ostensum
893 514 974 557 est,
1002 504 1082 548 sed
1107 505 1154 548 in
1181 505 1244 549 eis
1270 505 1369 564 ipsa
1392 505 1543 550 forma
1575 515 1643 550 est
1673 505 1921 550 substantia
1945 505 2207 559 subsistens,

246 569 396 614 forma
423 581 490 615 est
515 571 637 629 quod
665 581 754 625 est;
782 572 931 630 ipsum
959 580 1112 615 autem
1139 585 1238 616 esse
1265 581 1334 616 est
1356 582 1496 627 actus,
1520 582 1564 617 et
1589 587 1680 631 quo
1708 582 1796 626 est;
1823 582 1870 617 et
1900 582 2085 632 propter
2114 572 2207 621 hoc

247 636 294 679 in
321 637 385 680 eis
412 647 479 681 est
505 638 640 681 unica
664 647 842 681 tantum
876 638 1152 696 compositio
1186 648 1313 683 actus
1345 648 1391 683 et
1420 640 1666 698 potentiae,
1699 653 1815 698 quae
1845 639 2024 685 scilicet
2056 648 2127 690 eat
2154 653 2209 686 ex

247 703 495 748 substantia
514 713 557 747 et
570 718 693 758 esse3
721 719 835 762 quae
854 719 878 748 a
895 704 1166 763 quibusdam
1183 705 1346 750 dicitur
1363 720 1416 750 ex
1434 706 1555 765 quod
1574 717 1654 760 est,
1672 717 1717 751 et
1734 720 1832 752 esse
1848 705 1923 751 vel
1939 720 1994 751 ex
2010 720 2068 752 eo
2082 705 2208 766 quod

246 780 315 814 est
341 780 384 814 et
405 784 505 833 *quo
535 780 615 814 est.
642 771 693 813 In
720 771 980 815 substantiis
1006 780 1162 816 autem
1194 773 1461 832 compositis
1494 788 1548 818 ex
1574 773 1766 818 materia
1792 783 1837 818 et
1860 772 2010 818 forma
2035 782 2104 818 est
2132 772 2210 818 du—

245 837 347 894 plex
375 837 651 895 compositio
685 847 812 882 actus
844 847 889 882 et
913 840 1167 897 potentiae:
1200 840 1347 898 prima
1380 839 1564 899 quidem
1594 840 1734 899 ipsius
1767 840 2059 894 substantiae,
2088 852 2207 899 quae

245 904 538 962 componitur
570 918 624 948 ex
646 904 837 948 materia
864 914 909 949 et
932 904 1104 960 forma;
1130 907 1328 952 secunda
1354 921 1464 952 vero
1493 922 1548 952 ex
1572 907 1671 966 ipsa
1692 907 1940 953 substantia
1964 908 2059 966 jam
2085 920 2209 952 com·

244 972 406 1030 posita,
434 982 478 1015 et
499 985 596 1016 esse
624 986 739 1030 quae
762 972 900 1017 etiam
926 983 1077 1032 potest
1102 973 1205 1028 dici,
1232 988 1287 1018 ex
1309 988 1365 1019 eo
1388 974 1511 1033 quod
1529 984 1610 1029 est,
1632 984 1678 1019 et
1699 988 1813 1029 esse,
1827 974 1902 1021 vel
1919 988 1975 1020 ex
2000 987 2056 1020 eo
2082 973 2207 1033 quod

245 1048 325 1093 est,
352 1047 395 1082 et
422 1052 512 1097 quo
540 1048 620 1083 est.

337 1105 413 1148 Sic
437 1105 573 1163 igitur
598 1114 720 1164 patet
741 1107 865 1165 quod
883 1108 1159 1167 compositio
1182 1118 1310 1152 actus
1338 1117 1381 1152 et
1402 1109 1718 1167 potentiaeest
1741 1108 1789 1152 in
1813 1107 1915 1168 plus
1929 1121 2070 1167 quam
2085 1121 2209 1152 come

242 1172 411 1231 positio
452 1171 628 1217 formae
664 1182 708 1217 et
743 1174 986 1229 materiae3
1019 1175 1139 1220 unde
1171 1176 1362 1220 materia
1402 1184 1447 1220 et
1485 1175 1635 1220 forma
1667 1175 1874 1221 dividunt
1911 1174 2209 1222 substantiam

244 1238 553 1294 materialem3
580 1240 784 1298 potentia
810 1250 963 1285 autem
991 1250 1034 1286 et
1060 1251 1186 1286 actus
1213 1242 1419 1287 dividunt
1441 1256 1520 1286 ens
1548 1256 1821 1296 commune;
1844 1251 1888 1287 et
1907 1251 2094 1301 propter
2112 1240 2208 1288 ,hoc

199 1340 202 1343 .
244 1320 560 1366 quaecumque
594 1306 780 1365 quidem
807 1319 1146 1367 consequuntur
1176 1309 1431 1368 potentiam
1465 1320 1509 1354 et
1540 1319 1708 1364 actum,
1733 1310 1780 1354 in
1807 1319 2029 1369 quantum
2059 1309 2211 1369 hujus·

244 1373 384 1427 modi,
407 1383 511 1418 sunt
527 1374 794 1419 communia
811 1375 1072 1420 substantiis
1084 1375 1410 1430 materialibus,
1427 1386 1472 1421 et
1487 1376 1865 1422 immaterialibus
1886 1376 2054 1424 creatis
2065 1376 2211 1432 aient

242 1441 458 1500 recipere,
485 1451 530 1486 et
554 1441 709 1501 recipi,
742 1442 960 1500 perficere
994 1454 1039 1488 et
1069 1443 1241 1504 perfici.
1277 1444 1611 1504 Quaecumque
1637 1459 1748 1489 vero
1772 1444 2094 1504 suntpropria
2115 1458 2212 1492 ma·

241 1508 381 1552 teriae
408 1518 454 1552 et
477 1507 668 1562 formae,
695 1509 742 1553 in
767 1520 989 1568 quantum
1014 1510 1295 1569 hujusmodi,
1322 1511 1439 1556 sicut
1464 1512 1687 1570 generari,
1714 1521 1759 1556 et
1783 1511 2030 1570 corrumpi,
2051 1519 2104 1558 et-
2121 1510 2210 1556 alia

244 1575 521 1633 hujusmodi,
546 1576 662 1620 haec
685 1586 790 1621 sunt
813 1578 997 1636 propria
1018 1578 1374 1624 substantiarum
1395 1579 1717 1635 materialium,
1735 1588 1780 1624 et
1792 1578 1924 1625 nullo
1940 1579 2083 1626 modo
2104 1591 2210 1627 con-

243 1642 431 1687 veniunt
456 1642 715 1689 substantiis
741 1643 1118 1691 immaterialibus
1146 1646 1323 1691 creatis.
1628 1666 1631 1670 ¹

1027 1868 1281 1925 CAPUT
1310 1869 1425 1925 LV.

331 2012 489 2058 QUOD
525 2012 899 2053 SUBSTANTIAE
932 2013 1419 2053 INTELLECTUALES
1450 2014 1592 2054 SUNT
1625 2012 2131 2054 INCORRUPTIBILES.

916 2125 971 2183 (I.
987 2131 1101 2185 part.
1125 2131 1276 2185 quaest.
1303 2125 1340 2170 1.
1367 2130 1448 2170 art.
1469 2125 1545 2184 5.).

330 2242 396 2287 Ex
418 2243 508 2288 hoc
536 2253 689 2288 autem
723 2254 875 2304 aperte
901 2245 1153 2289 ostenditur
1179 2244 1303 2304 quod
1335 2243 1486 2288 omnis
1518 2242 1768 2287 substantia
1793 2241 2111 2287 intellectualis
2137 2252 2205 2287 est

242 2310 607 2369 incorruptibilis.
638 2311 806 2356 Omnis
833 2312 955 2355 enim
983 2312 1215 2370 corruptio
1250 2321 1316 2356 est
1341 2325 1422 2370 per
1448 2310 1786 2369 separationem
1816 2308 1992 2353 formae
2019 2323 2045 2353 a
2070 2318 2210 2354 mate-

241 2376 333 2421 ria:
360 2377 551 2436 simplex
578 2379 763 2437 quidem
797 2379 1028 2438 corruptio
1060 2393 1142 2438 per
1173 2378 1507 2438 separationem
1540 2376 1716 2421 formae
1748 2375 2075 2432 substantialis;
2109 2390 2209 2421 cor-

241 2446 391 2503 ruptio
419 2455 573 2490 autem
598 2446 851 2490 secundum
883 2446 991 2505 quid
1023 2460 1104 2504 per
1136 2447 1474 2505 separationem
1504 2443 1682 2488 formae
1715 2442 2032 2491 accidentalis:
2051 2442 2207 2489 ¹forma

243 2511 367 2556 enim
393 2520 622 2568 manente,
649 2522 829 2571 oportet
854 2527 953 2557 rem
980 2527 1102 2557 esse:
1129 2526 1210 2571 per
1235 2511 1433 2556 formam
1467 2511 1590 2555 enim
1617 2510 1866 2555 substantia
1896 2509 1946 2555 fit
1971 2510 2206 2570 proprium

242 2580 552 2638 susceptivum
574 2581 670 2639 ejus
693 2580 814 2638 quod
842 2590 911 2624 est
933 2594 1044 2624 esse.
1068 2579 1160 2624 Ubi
1181 2589 1334 2624 autem
1359 2593 1454 2623 non
1477 2588 1544 2623 est
1561 2577 1837 2636 compositio
1861 2576 2038 2623 formae
2053 2587 2100 2623 et
2114 2590 2207 2623 ma-

241 2646 396 2701 teriae,
420 2647 483 2690 ibi
506 2661 602 2691 non
627 2657 778 2707 potest
803 2661 902 2692 esse
924 2647 1150 2707 separatio
1178 2647 1468 2700 earumdem;
1494 2646 1631 2704 igitur
1656 2659 1741 2690 nec
1768 2645 2015 2703 corruptio·
2042 2644 2208 2691 Osten-

242 2727 343 2757 sum
371 2723 439 2758 est
464 2723 618 2758 autem
644 2715 706 2773 (c.
737 2714 841 2772 50.),
865 2714 987 2773 quod
1012 2713 1139 2758 nulla
1161 2713 1411 2758 substantia
1433 2711 1752 2757 intellectualis
1778 2722 1845 2757 est
1871 2713 2128 2771 composita
2150 2725 2205 2756 ex

242 2781 432 2826 materia
459 2792 503 2826 et
526 2780 700 2826 forma:
722 2781 849 2826 nulla
873 2782 1011 2842 igitur
1037 2781 1287 2826 substantia
1311 2779 1632 2825 intellectualis
1659 2789 1725 2824 est
1752 2778 2069 2839 corruptibilis.

331 2848 567 2908 Amplius:
596 2849 718 2908 quod
745 2863 824 2909 per
850 2863 898 2894 se
926 2849 1062 2894 alicui
1085 2849 1316 2908 competit,
1343 2848 1399 2892 de
1423 2847 1708 2901 necessitate,
1735 2856 1780 2891 et
1804 2860 2001 2906 semper,
2017 2856 2068 2892 ÷et
2087 2846 2205 2893 inse·

241 2915 499 2975 parabiliter
526 2916 568 2961 ei
591 2916 722 2971 inest,
749 2916 1139 2961 sicut-rotundum
1156 2930 1236 2975 per
1259 2930 1306 2960 se
1333 2915 1518 2974 quidem
1534 2915 1654 2959 inest
1670 2913 1859 2968 circum,
1882 2927 1966 2973 per
1992 2913 2206 2959 accidens

242 2995 395 3028 autem
428 2983 541 3028 aeri:
574 2984 694 3028 unde
726 2998 801 3028 aes
834 2984 1019 3043 quidem
1055 2983 1152 3028 fieri
1189 2997 1284 3027 non
1320 2982 1569 3028 rotundum
1602 2991 1669 3026 est
1700 2980 1941 3040 possibile3
1982 2980 2204 3026 circulum

242 3060 395 3095 autem
419 3065 514 3095 non
533 3065 631 3095 esse
651 3050 913 3105 rotundum,
941 3061 1008 3095 est
1032 3049 1330 3110 impossibile.
1353 3049 1464 3094 Esse
1484 3058 1638 3093 autem
1658 3062 1738 3108 per
1763 3062 1811 3093 se
1838 3048 2131 3107 consequitur
2148 3047 2205 3092 ad

240 3116 453 3162 formam.
480 3119 566 3163 Per
592 3132 639 3163 se
674 3118 796 3163 enim
825 3118 1018 3162 dicimus
1045 3118 1295 3162 secundum
1323 3116 1444 3175 quod
1470 3116 1644 3174 ipsum:
1672 3114 2029 3175 unumquodque
2052 3123 2205 3160 autem

239 3185 378 3230 habet
404 3199 502 3230 esse
529 3185 780 3230 secundum
807 3185 930 3245 quod
962 3185 1101 3229 habet
1126 3183 1339 3229 formam.
1368 3183 1655 3228 Substantiae
1682 3182 1819 3241 igitur
1839 3195 1957 3242 quae
1981 3194 2078 3227 non
2101 3191 2206 3226 sunt

240 3252 364 3311 ipsae
391 3252 567 3297 formae
609 3263 798 3311 possunt
824 3251 990 3311 privari
1022 3265 1122 3296 esse
1154 3251 1407 3296 secundum
1438 3249 1562 3309 quod
1595 3249 1809 3295 amittunt
1838 3247 2058 3295 formam:
2086 3247 2204 3294 siout

242 3333 317 3364 aes
343 3321 541 3378 privatur
566 3320 856 3374 rotunditate,
889 3318 1142 3363 secundum
1174 3318 1296 3377 quod
1329 3317 1492 3362 desinit
1517 3331 1616 3362 esse
1644 3315 1881 3363 circulare.
1913 3315 2202 3362 Substantiae

242 3400 352 3430 vero
380 3401 495 3446 quae
522 3397 626 3432 sunt
649 3387 776 3446 ipsae
807 3386 983 3431 formae
1015 3399 1251 3445 nunquam
1283 3393 1473 3444 possunt
1503 3384 1670 3443 privari
1701 3397 1815 3439 esse,
1845 3382 2027 3429 sicutisi
2052 3382 2205 3442 aliqua

243 3453 490 3498 substantia
525 3464 643 3499 esset
675 3453 885 3509 circulus,
917 3466 1153 3512 nunquam
1180 3462 1335 3511 posset
1366 3449 1463 3495 fieri
1494 3465 1589 3495 non
1621 3450 1829 3495 rotunda.
1859 3449 2111 3496 ostensum
2133 3457 2206 3495 est

243 3529 396 3565 autem
422 3535 557 3580 supra
583 3523 644 3579 (c.
677 3522 780 3579 50.)‚
807 3520 929 3581 quod
956 3519 1233 3566 substantiae
1262 3518 1593 3564 intellectuales
1619 3527 1724 3564 sunt
1745 3518 1873 3578 ipsae
1894 3516 2075 3563 formae
2105 3516 2206 3562 sub-

240 3585 461 3632 sistentes.
489 3587 776 3646 Impossibile
798 3598 867 3634 est
886 3586 1023 3647 igitur
1039 3587 1162 3648 quod
1183 3599 1283 3633 esse
1299 3585 1510 3631 desinint.
1528 3585 1644 3630 Sunt
1663 3585 1800 3645 igitur
1823 3582 2201 3645 incorruptibiles.
