2332 3854
800 271 804 274 .
842 224 994 262 Lmen
1034 224 1069 262 1.
1111 223 1232 263 cAP.
1274 223 1363 261 Lu.
1998 213 2062 281 63

884 413 1141 470 CAPUT
1182 414 1300 471 LII.

173 534 197 538 ”
236 538 512 591 RATIONES
542 549 704 596 Quon
739 549 1053 604 nujusmom
1088 549 1422 590 MULTITUDO
1456 548 1928 589 1NTELL1G1131L1UM

601 623 720 663 Non
751 623 852 662 EST
886 625 943 663 m
975 624 1325 664 min-:macru
1358 624 1573 665 nmmo,

75 772 79 773 γ
118 721 264 771 ἷΐέᾹΈκ
288 726 462 771 eisdem
489 726 627 771 etiam
653 725 903 770 rationibus
930 737 1128 785 apparet,
1161 727 1282 785 quod
1315 741 1409 770 non
1440 735 1591 785 potest
1620 726 1730 785 poni
1761 724 1885 785 quod
1918 724 2066 770 multi

79 789 220 840 udo
243 792 594 870 intelligibilium
618 794 954 852 praedictorum
977 793 1035 837 sit
1050 793 1096 836 in
1115 793 1268 852 aliquo
1288 793 1378 837 alio
1402 793 1634 838 intellectu
1650 802 1829 852 praeter
1844 792 2068 846 divinum,

71 859 92 912 'J
92 857 183 905 vel
203 860 397 913 animae,
414 858 488 904 vel
505 859 669 918 angeli,
687 859 781 904 sive
797 858 1146 918 intelligentiae3
1162 874 1280 904 narn
1290 861 1355 905 sic
1373 860 1629 905 intellectus
1647 860 1824 905 divinus
1846 868 2068 920 quantum

69 926 83 966 s
108 925 167 974 ss
183 925 382 986 aliquam
399 940 529 971 suam
549 928 863 986 operationem
880 927 1156 986 dependeret
1173 927 1227 970 ab
1247 927 1401 986 aliquo
1418 929 1661 986 posteriori
1676 926 1928 982 intellectu,
1945 926 2069 985 quod

65 1002 85 1047 ‘J
105 993 245 1040 &am
268 1002 339 1038 est
367 992 662 1053 impossibile.

66 1066 77 1118 ἦ
112 1070 114 1073 ’
197 1060 326 1106 Sicut
351 1061 475 1105 enim
500 1074 571 1105 res
596 1061 642 1104 in
661 1074 710 1105 se
736 1061 1028 1105 subsistentes
1056 1074 1081 1104 a
1097 1061 1201 1105 Deo
1219 1070 1338 1114 sunt,
1355 1061 1418 1104 ita
1440 1060 1579 1105 etiam
1597 1074 1712 1120 quae
1733 1075 1760 1104 a
1782 1060 1916 1105 rebus
1937 1069 2066 1104 sunt:

106 1126 228 1173 uude
255 1137 300 1172 et
326 1127 380 1171 ad
408 1141 507 1171 esse
532 1127 869 1186 praedictorum
903 1127 1259 1187 intelligibilium
1292 1128 1339 1171 in
1373 1128 1526 1187 aliquo
1560 1128 1867 1187 posteriorum
1898 1126 2070 1172 intelle·

61 1231 89 1254 =.m
108 1203 264 1241 etuum
291 1194 593 1255 praeexigitur
619 1193 875 1254 intelligere
901 1194 1105 1238 divinum
1132 1209 1213 1255 per
1238 1195 1361 1254 quod
1394 1195 1521 1239 Deus
1554 1205 1621 1240 est
1647 1209 1798 1240 causa.

196 1261 410 1322 Sequitur
435 1262 574 1306 etiam
599 1257 884 1306 intellectum
911 1262 1115 1306 divinum
1149 1275 1246 1307 esse
1279 1262 1326 1305 in
1358 1262 1575 1322 potentia,
1608 1277 1715 1309 cum
1748 1276 1829 1306 sua
1861 1260 2069 1321 intelligi·

55 1324 215 1379 *sffflin*
232 1342 334 1373 non
359 1329 449 1374 sint
474 1330 518 1373 ei
543 1330 801 1387 conjuncta.

197 1394 327 1440 Sicut
343 1395 482 1440 etiam
500 1396 744 1455 unicuique
763 1406 830 1441 est
846 1396 1081 1455 proprium
1098 1410 1212 1451 esse,
1230 1396 1292 1441 ita
1309 1406 1355 1441 et
1375 1397 1558 1455 propria
1575 1388 1801 1456 operatio:
1820 1410 1914 1441 non
1930 1395 2069 1456 igitur

62 1458 82 1510 ,ζ
98 1476 207 1514 ,θεεε
229 1473 382 1525 potest
411 1473 461 1508 ut
476 1477 556 1524 per
572 1463 663 1508 hoc
681 1464 804 1522 quod
819 1463 980 1524 aliquis
999 1463 1256 1508 intellectus
1275 1463 1330 1507 ad
1353 1463 1638 1522 operandum
1655 1464 1933 1523 disponatur,
1952 1463 2066 1508 alius

56 1528 87 1587 ζ’
104 1529 420 1591 operationem
445 1529 802 1575 intellectualem
829 1540 1089 1589 exequatur,
1115 1531 1194 1574 sed
1220 1531 1416 1589 ipsemet
1436 1529 1693 1575 intellectus
1711 1531 1829 1589 apud
1847 1545 1985 1590 quern
2007 1530 2069 1574 di-

70 1593 76 1601 ’
105 1597 297 1659 §positio
322 1596 562 1652 invenitur,
589 1598 704 1642 sicut
728 1598 1089 1657 unumquodque
1116 1607 1184 1641 est
1209 1611 1288 1656 per
1314 1597 1560 1641 essentiam
1587 1611 1734 1652 suam,
1765 1611 1859 1642 non
1891 1612 1972 1656 per
2002 1611 2068 1643 es-

58 1674 74 1689 ³
105 1664 300 1711 sentiam
327 1663 525 1710 alterius.
552 1666 641 1709 Per
661 1664 754 1708 hoc
779 1664 917 1724 igitur
941 1665 1065 1723 quod
1090 1663 1394 1723 intelligibilia
1420 1664 1564 1708 multa
1590 1674 1695 1708 sunt
1720 1664 1839 1723 apud
1867 1663 2066 1723 aliquem

105 1731 412 1779 secundorum
438 1731 770 1787 intellectuum,
795 1746 889 1776 non
915 1732 1082 1791 poterit
1107 1745 1208 1776 esse
1233 1731 1356 1790 quod
1382 1731 1642 1776 intellectus
1669 1731 1843 1791 primus
1868 1730 2067 1776 multitu-

58 1824 72 1854 ;
103 1799 259 1846 dinem
291 1809 557 1858 cognoscat.

860 1954 1115 2011 CAPUT
1150 1955 1298 2010 LIII.

316 2089 603 2137 QUOMODO
631 2090 967 2129 MULTITUDO
1002 2090 1476 2130 INTELLECTORUM
1510 2090 1594 2128 SIT
1630 2091 1688 2130 IN
1721 2091 1854 2128 ΠΕΟ.

0 2206 2 2232 ³
55 2209 69 2254 ζ
191 2199 448 2245 Praemissa
475 2209 627 2244 autem
654 2200 890 2254 dubitatio,
916 2199 1109 2244 faciliter
1140 2199 1257 2244 solvi
1289 2209 1439 2259 potest
1471 2200 1508 2243 si
1536 2199 1775 2258 diligenter
1798 2199 2064 2259 inspiciatur

54 2261 78 2327 ff
101 2265 298 2329 qualiter
322 2281 395 2311 res
421 2266 680 2311 intellectae
706 2267 753 2310 in
780 2266 1013 2311 intellectu
1041 2267 1276 2322 exsistant3
1296 2277 1340 2311 et
1357 2277 1406 2311 ut
1432 2267 1485 2311 ab
1503 2266 1737 2311 intellectu
1754 2277 1912 2312 nostro
1932 2268 1987 2311 ad
2006 2268 2067 2312 di-

56 2335 75 2385 ‘J
98 2330 193 2379 vini
217 2332 477 2379 intellectus
503 2333 833 2392 cognitionem,
857 2344 992 2394 prout
1018 2344 1086 2378 est
1101 2334 1316 2411 possibile
1337 2334 1655 2394 procedamus,
1680 2335 2063 2379 considerandum

0 2401 1 2449 ἒ
54 2405 187 2462 figat,
194 2400 329 2460 quod
360 2414 432 2446 res
457 2401 654 2446 exterior
678 2400 909 2445 intellecta
942 2415 968 2445 a
994 2402 1125 2446 nobis
1157 2401 1203 2445 in
1235 2401 1467 2446 intellectu
1499 2415 1658 2446 nostro
1689 2416 1785 2446 non
1807 2403 1977 2446 exsistit
1999 2417 2065 2447 se-

0 2456 1 2470 *
59 2467 304 2513 ¹'euticium
328 2468 558 2528 propriam
585 2476 812 2522 naturam,
844 2469 923 2513 sed
955 2478 1137 2528 oportet
1168 2469 1291 2528 quod
1324 2469 1510 2546 species‘
1533 2470 1629 2527 ejus
1662 2470 1718 2513 sit
1747 2470 1794 2513 in
1826 2468 2060 2514 intellectu

87 2533 259 2588 lnostro
274 2549 368 2614 per⁸
371 2549 510 2595 quam
531 2534 581 2580 fit
601 2535 887 2580 intellectus
875 2551 922 2580 in
941 2546 1057 2582 actu.
1075 2537 1306 2581 Exsistens
1329 2547 1481 2581 autem
1499 2537 1545 2580 in
1564 2547 1682 2591 actu,
1701 2551 1780 2596 per
1796 2537 2062 2595 hujusmodi

77 2601 303 2663 {speciem
334 2602 398 2647 sic
424 2616 505 2662 per
529 2602 759 2679 propriam
786 2602 985 2647 formam
1007 2603 1219 2663 intelligit
1244 2618 1342 2647 rem
1369 2604 1531 2662 ipsam,
1557 2618 1651 2648 non
1670 2613 1824 2648 autern
1845 2605 1920 2658 ita,
1938 2605 2061 2663 quod

76 2659 251 2734 {ipsum
275 2668 530 2728 intelligere
556 2669 614 2714 sit
639 2670 758 2714 actio
780 2671 1003 2715 transiens
1020 2670 1067 2714 in
1084 2685 1181 2715 rem
1199 2670 1494 2725 intellectam,
1512 2671 1629 2715 sicut
1647 2670 1885 2715 calefactio
1902 2671 2062 2716 transit

81 2732 461 2792 &calefactum
488 2737 566 2781 sed
593 2746 750 2781 manet
775 2739 820 2781 in
846 2736 1145 2796 intelligente,
1178 2738 1432 2782 secundum
1465 2738 1587 2796 quod
1620 2738 1757 2781 habet
1788 2737 2059 2782 relationem

182 2815 281 2847 rem
307 2817 424 2863 quae
449 2802 731 2862 intelligitur,
759 2818 813 2848 ex
839 2818 894 2848 eo
922 2805 1044 2863 quod
1072 2805 1246 2863 species
1268 2804 1512 2864 praedicta,
1541 2819 1656 2863 quae
1689 2814 1756 2849 est
1785 2804 2060 2864 principium

69 2866 419 2930 „jffitellectualis
445 2871 737 2928 operationis,
763 2881 812 2914 ut
837 2870 1001 2926 forma,
1035 2880 1102 2915 est
1128 2871 1377 2915 similitudo
1410 2870 1545 2916 illius.

189 2935 391 2982 Ulterius
419 2946 571 2981 autem
599 2937 982 2981 considerandum
1008 2947 1089 2991 est,
1117 2939 1239 2996 quod
1265 2937 1521 2982 intellectus
1547 2952 1627 2998 per
1652 2938 1854 2997 speciem
1884 2938 1951 2982 rei
1972 2937 2062 2982 for-

72 3008 249 3060 {matus
279 3003 578 3063 intelligendo
609 3003 780 3048 format
817 3005 862 3048 in
890 3005 1039 3063 seipso
1074 3006 1323 3064 quamdam
1355 3006 1658 3050 intentionem
1691 3006 1757 3050 rei
1789 3005 2060 3059 intellectae,

64 3067 215 3131 squ-ae
239 3079 311 3115 est
338 3071 454 3115 ratio
479 3071 618 3131 ipsius
651 3085 789 3130 quam
816 3071 1043 3129 significat
1075 3071 1307 3127 diffiniti03
1336 3083 1380 3117 et
1411 3073 1503 3117 hoc
1531 3073 1714 3132 quidem
1747 3072 2059 3117 necessarium

67 3161 87 3199 ‚3
74 3141 180 3191 (ἐπεὶ,
205 3149 263 3182 eo
288 3137 411 3196 quod
434 3137 692 3182 intellectus
717 3137 930 3204 intelligit
954 3138 1263 3183 indifferenter
1289 3154 1388 3183 rem
1415 3140 1649 3184 absentem
1678 3150 1721 3183 et
1753 3150 2057 3198 praesentem,

68 3264 70 3266 .
72 3200 145 3247 in
170 3217 262 3263 quo
281 3217 386 3249 cnm
401 3203 662 3250 intellectu
650 3206 920 3264 imaginatio
940 3207 1168 3251 convenit.
1189 3206 1278 3250 Sed
1301 3206 1559 3251 intellectus
1578 3207 1668 3250 hoc
1688 3206 1884 3266 amplius
1906 3206 2058 3260 habet,

32 3280 34 3282 ’
70 3269 220 3331 ἢοοά
242 3270 380 3315 etiam
402 3270 614 3342 intelligit
629 3286 725 3316 rem
748 3281 797 3317 ut
817 3282 1074 3332 separatam
1099 3287 1124 3316 a
1147 3273 1483 3317 conditionibus
1507 3273 1830 3326 materialibus,
1847 3273 1945 3317 sine
1962 3273 2060 3332 qui-

145 3359 147 3362 ·
205 3337 252 3381 in
277 3351 428 3382 rerum
454 3347 614 3382 natura
638 3352 731 3383 non
759 3339 956 3394 exsistit3
985 3350 1029 3383 et
1055 3340 1144 3384 hoc
1171 3354 1264 3383 non
1291 3350 1446 3402 posset
1468 3353 1566 3384 esse
1585 3339 1673 3383 nisi
1693 3339 1951 3384 intellectus
1973 3340 2056 3384 sibi

75 3454 79 3460 ί
98 3388 399 3449 tentionem
424 3404 704 3464 praedictam
734 3404 966 3451 formaret.
994 3406 1121 3450 Haec
1163 3416 1315 3450 autem
1352 3407 1543 3451 intentio
1580 3405 1827 3461 intellecta,
1855 3421 1961 3452 cum
2001 3407 2059 3452 sit

168 3470 227 3515 si
250 3471 470 3516 terminus
495 3470 790 3531 intelligibilis
816 3473 1110 3531 operationis,
1138 3483 1206 3516 est
1232 3472 1351 3517 aliud
1380 3487 1406 3516 a
1438 3473 1589 3531 specie
1627 3473 1903 3533 intelligibili
1939 3487 2056 3533 quae

143 3536 208 3602 “it
229 3536 508 3583 intellectum
536 3538 583 3583 in
609 3548 728 3593 actu,
754 3539 877 3598 quod
909 3548 1090 3598 oportet
1121 3539 1401 3584 considerari
1433 3549 1482 3584 ut
1512 3539 1807 3600 intelligibilis
1834 3542 2057 3601 operatio-

71 3603 177 3659 3³5
199 3604 495 3665 principium,
526 3605 634 3651 licet
660 3615 900 3666 utrumque
938 3606 995 3652 sit
1033 3607 1095 3651 rei
1124 3606 1379 3653 intellectae
1404 3606 1668 3653 similitudo.
1695 3607 1784 3654 Per
1813 3609 1904 3654 hoc
1931 3610 2054 3654 enim
