<?xml version="1.0" encoding="UTF-8"?>
<!DOCTYPE html PUBLIC "-//W3C//DTD XHTML 1.0 Transitional//EN"
    "http://www.w3.org/TR/xhtml1/DTD/xhtml1-transitional.dtd">
<html xmlns="http://www.w3.org/1999/xhtml" xml:lang="en" lang="en">
 <head>
  <title>
</title>
<meta http-equiv="Content-Type" content="text/html;charset=utf-8" />
  <meta name='ocr-system' content='tesseract 3.04.00' />
  <meta name='ocr-capabilities' content='ocr_page ocr_carea ocr_par ocr_line ocrx_word'/>
</head>
<body>
  <div class='ocr_page' id='page_1' title='image "./divithomaeaquina00thom_0358.png"; bbox 0 0 2332 3854; ppageno 0'>
   <div class='ocr_carea' id='block_1_1' title="bbox 263 176 2233 264">
    <p class='ocr_par' dir='ltr' id='par_1_1' title="bbox 263 176 2233 264">
     <span class='ocr_line' id='line_1_1' title="bbox 263 176 2233 264; baseline -0.001 -17"><span class='ocrx_word' id='word_1_1' title='bbox 263 195 370 264; x_wconf 82' lang='lat'>346</span> <span class='ocrx_word' id='word_1_2' title='bbox 942 209 1095 247; x_wconf 83' lang='lat' dir='ltr'>LIBER</span> <span class='ocrx_word' id='word_1_3' title='bbox 1131 208 1207 246; x_wconf 88' lang='lat'>111.</span> <span class='ocrx_word' id='word_1_4' title='bbox 1250 207 1375 246; x_wconf 49' lang='lat' dir='ltr'>cAp,</span> <span class='ocrx_word' id='word_1_5' title='bbox 1410 207 1556 247; x_wconf 76' lang='lat' dir='ltr'>xuv.</span> <span class='ocrx_word' id='word_1_6' title='bbox 2217 176 2233 217; x_wconf 40' lang='lat' dir='ltr'>i</span> 
     </span>
    </p>
   </div>
   <div class='ocr_carea' id='block_1_2' title="bbox 256 309 2215 768">
    <p class='ocr_par' dir='ltr' id='par_1_2' title="bbox 256 309 2212 768">
     <span class='ocr_line' id='line_1_2' title="bbox 257 309 2212 370; baseline 0 -15"><span class='ocrx_word' id='word_1_7' title='bbox 257 311 303 355; x_wconf 90' lang='lat' dir='ltr'>in</span> <span class='ocrx_word' id='word_1_8' title='bbox 330 320 455 370; x_wconf 82' lang='lat' dir='ltr'>sexto</span> <span class='ocrx_word' id='word_1_9' title='bbox 478 310 624 354; x_wconf 86' lang='lat' dir='ltr'>Ethic.</span> <span class='ocrx_word' id='word_1_10' title='bbox 652 311 711 367; x_wconf 92' lang='lat' dir='ltr'>(c.</span> <span class='ocrx_word' id='word_1_11' title='bbox 740 311 818 366; x_wconf 89' lang='lat'>8.)‚</span> <span class='ocrx_word' id='word_1_12' title='bbox 846 320 889 354; x_wconf 91' lang='lat' dir='ltr'>et</span> <span class='ocrx_word' id='word_1_13' title='bbox 914 310 960 352; x_wconf 91' lang='lat' dir='ltr'>in</span> <span class='ocrx_word' id='word_1_14' title='bbox 983 309 1204 368; x_wconf 88' lang='lat' dir='ltr'>principio</span> <span class='ocrx_word' id='word_1_15' title='bbox 1224 309 1480 368; x_wconf 90' lang='lat' dir='ltr'>Metaphys.</span> <span class='ocrx_word' id='word_1_16' title='bbox 1501 309 1737 355; x_wconf 88' lang='lat' dir='ltr'>scientiam</span> <span class='ocrx_word' id='word_1_17' title='bbox 1755 325 1894 370; x_wconf 87' lang='lat' dir='ltr'>quam</span> <span class='ocrx_word' id='word_1_18' title='bbox 1921 313 1966 355; x_wconf 90' lang='lat' dir='ltr'>in</span> <span class='ocrx_word' id='word_1_19' title='bbox 1992 310 2073 355; x_wconf 88' lang='lat' dir='ltr'>illo</span> <span class='ocrx_word' id='word_1_20' title='bbox 2097 310 2212 356; x_wconf 85' lang='lat' dir='ltr'>libro</span> 
     </span>
     <span class='ocr_line' id='line_1_3' title="bbox 258 376 2211 436; baseline 0.002 -16"><span class='ocrx_word' id='word_1_21' title='bbox 258 377 433 421; x_wconf 86' lang='lat' dir='ltr'>tradere</span> <span class='ocrx_word' id='word_1_22' title='bbox 455 377 662 431; x_wconf 88' lang='lat' dir='ltr'>intendit,</span> <span class='ocrx_word' id='word_1_23' title='bbox 689 377 958 435; x_wconf 90' lang='lat' dir='ltr'>sapientiam</span> <span class='ocrx_word' id='word_1_24' title='bbox 980 376 1202 419; x_wconf 88' lang='lat' dir='ltr'>nominat.</span> <span class='ocrx_word' id='word_1_25' title='bbox 1225 376 1356 420; x_wconf 92' lang='lat' dir='ltr'>Patet</span> <span class='ocrx_word' id='word_1_26' title='bbox 1381 390 1491 436; x_wconf 87' lang='lat' dir='ltr'>ergo</span> <span class='ocrx_word' id='word_1_27' title='bbox 1514 377 1636 436; x_wconf 93' lang='lat' dir='ltr'>quod</span> <span class='ocrx_word' id='word_1_28' title='bbox 1659 378 1815 436; x_wconf 90' lang='lat' dir='ltr'>opinio</span> <span class='ocrx_word' id='word_1_29' title='bbox 1842 377 2101 423; x_wconf 86' lang='lat' dir='ltr'>Aristotelis</span> <span class='ocrx_word' id='word_1_30' title='bbox 2125 377 2211 424; x_wconf 79' lang='lat' dir='ltr'>fuit</span> 
     </span>
     <span class='ocr_line' id='line_1_4' title="bbox 258 443 2211 504; baseline 0.001 -17"><span class='ocrx_word' id='word_1_31' title='bbox 258 444 380 502; x_wconf 91' lang='lat' dir='ltr'>quod</span> <span class='ocrx_word' id='word_1_32' title='bbox 412 443 570 488; x_wconf 87' lang='lat' dir='ltr'>ultima</span> <span class='ocrx_word' id='word_1_33' title='bbox 595 443 799 496; x_wconf 85' lang='lat' dir='ltr'>felicitas,</span> <span class='ocrx_word' id='word_1_34' title='bbox 827 457 965 501; x_wconf 88' lang='lat' dir='ltr'>quam</span> <span class='ocrx_word' id='word_1_35' title='bbox 998 443 1141 486; x_wconf 89' lang='lat' dir='ltr'>homo</span> <span class='ocrx_word' id='word_1_36' title='bbox 1168 444 1214 486; x_wconf 92' lang='lat' dir='ltr'>in</span> <span class='ocrx_word' id='word_1_37' title='bbox 1240 443 1333 486; x_wconf 87' lang='lat' dir='ltr'>vita</span> <span class='ocrx_word' id='word_1_38' title='bbox 1358 443 1443 487; x_wconf 91' lang='lat' dir='ltr'>ista</span> <span class='ocrx_word' id='word_1_39' title='bbox 1469 444 1701 503; x_wconf 87' lang='lat' dir='ltr'>acquirere</span> <span class='ocrx_word' id='word_1_40' title='bbox 1728 453 1892 504; x_wconf 89' lang='lat' dir='ltr'>potest,</span> <span class='ocrx_word' id='word_1_41' title='bbox 1925 445 1982 489; x_wconf 88' lang='lat' dir='ltr'>sit</span> <span class='ocrx_word' id='word_1_42' title='bbox 2008 444 2211 504; x_wconf 84' lang='lat' dir='ltr'>cognitio</span> 
     </span>
     <span class='ocr_line' id='line_1_5' title="bbox 259 508 2212 569; baseline 0.001 -15"><span class='ocrx_word' id='word_1_43' title='bbox 259 510 313 554; x_wconf 91' lang='lat' dir='ltr'>de</span> <span class='ocrx_word' id='word_1_44' title='bbox 338 511 469 554; x_wconf 89' lang='lat' dir='ltr'>rebus</span> <span class='ocrx_word' id='word_1_45' title='bbox 497 510 672 563; x_wconf 89' lang='lat' dir='ltr'>divinis,</span> <span class='ocrx_word' id='word_1_46' title='bbox 706 508 849 567; x_wconf 88' lang='lat' dir='ltr'>qualis</span> <span class='ocrx_word' id='word_1_47' title='bbox 875 523 955 566; x_wconf 91' lang='lat' dir='ltr'>per</span> <span class='ocrx_word' id='word_1_48' title='bbox 988 509 1198 553; x_wconf 85' lang='lat' dir='ltr'>scientias</span> <span class='ocrx_word' id='word_1_49' title='bbox 1226 509 1526 568; x_wconf 88' lang='lat' dir='ltr'>speculativas</span> <span class='ocrx_word' id='word_1_50' title='bbox 1558 511 1716 554; x_wconf 90' lang='lat' dir='ltr'>haberi</span> <span class='ocrx_word' id='word_1_51' title='bbox 1748 520 1909 569; x_wconf 88' lang='lat' dir='ltr'>potest.</span> <span class='ocrx_word' id='word_1_52' title='bbox 1942 510 2025 555; x_wconf 89' lang='lat' dir='ltr'>Ille</span> <span class='ocrx_word' id='word_1_53' title='bbox 2057 519 2212 555; x_wconf 87' lang='lat' dir='ltr'>autem</span> 
     </span>
     <span class='ocr_line' id='line_1_6' title="bbox 256 575 2214 653; baseline 0 -32"><span class='ocrx_word' id='word_1_54' title='bbox 256 578 481 653; x_wconf 89' lang='lat' dir='ltr'>posterior</span> <span class='ocrx_word' id='word_1_55' title='bbox 506 577 669 620; x_wconf 89' lang='lat' dir='ltr'>modus</span> <span class='ocrx_word' id='word_1_56' title='bbox 696 575 1005 633; x_wconf 88' lang='lat' dir='ltr'>cognoscendi</span> <span class='ocrx_word' id='word_1_57' title='bbox 1028 590 1098 620; x_wconf 91' lang='lat' dir='ltr'>res</span> <span class='ocrx_word' id='word_1_58' title='bbox 1125 575 1300 620; x_wconf 90' lang='lat' dir='ltr'>divinas</span> <span class='ocrx_word' id='word_1_59' title='bbox 1325 589 1419 620; x_wconf 91' lang='lat' dir='ltr'>non</span> <span class='ocrx_word' id='word_1_60' title='bbox 1441 591 1520 636; x_wconf 89' lang='lat' dir='ltr'>per</span> <span class='ocrx_word' id='word_1_61' title='bbox 1545 578 1670 620; x_wconf 89' lang='lat' dir='ltr'>viam</span> <span class='ocrx_word' id='word_1_62' title='bbox 1691 578 1985 621; x_wconf 84' lang='lat' dir='ltr'>scientiarum</span> <span class='ocrx_word' id='word_1_63' title='bbox 2010 575 2214 636; x_wconf 83' lang='lat' dir='ltr'>specula·</span> 
     </span>
     <span class='ocr_line' id='line_1_7' title="bbox 256 641 2215 711; baseline 0.001 -24"><span class='ocrx_word' id='word_1_64' title='bbox 256 643 467 696; x_wconf 68' lang='lat' dir='ltr'>uvarum,</span> <span class='ocrx_word' id='word_1_65' title='bbox 494 644 572 687; x_wconf 90' lang='lat' dir='ltr'>sed</span> <span class='ocrx_word' id='word_1_66' title='bbox 594 641 794 700; x_wconf 88' lang='lat' dir='ltr'>quodam</span> <span class='ocrx_word' id='word_1_67' title='bbox 822 642 1127 700; x_wconf 87' lang='lat' dir='ltr'>generationis</span> <span class='ocrx_word' id='word_1_68' title='bbox 1155 642 1311 687; x_wconf 89' lang='lat' dir='ltr'>ordine</span> <span class='ocrx_word' id='word_1_69' title='bbox 1331 642 1538 696; x_wconf 88' lang='lat' dir='ltr'>naturali,</span> <span class='ocrx_word' id='word_1_70' title='bbox 1562 652 1630 687; x_wconf 88' lang='lat' dir='ltr'>est</span> <span class='ocrx_word' id='word_1_71' title='bbox 1661 642 1883 688; x_wconf 87' lang='lat' dir='ltr'>confictus</span> <span class='ocrx_word' id='word_1_72' title='bbox 1909 643 1963 687; x_wconf 90' lang='lat' dir='ltr'>ab</span> <span class='ocrx_word' id='word_1_73' title='bbox 1987 644 2215 711; x_wconf 67' lang='lat' dir='ltr'>expossito-</span> 
     </span>
     <span class='ocr_line' id='line_1_8' title="bbox 258 709 687 768; baseline 0 -16"><span class='ocrx_word' id='word_1_74' title='bbox 258 710 378 753; x_wconf 91' lang='lat' dir='ltr'>ribus</span> <span class='ocrx_word' id='word_1_75' title='bbox 405 709 687 768; x_wconf 89' lang='lat' dir='ltr'>quibusdam.</span> 
     </span>
    </p>
   </div>
   <div class='ocr_carea' id='block_1_3' title="bbox 1002 907 1468 964">
    <p class='ocr_par' dir='ltr' id='par_1_3' title="bbox 1002 907 1468 964">
     <span class='ocr_line' id='line_1_9' title="bbox 1002 907 1468 964; baseline 0.002 -1"><span class='ocrx_word' id='word_1_76' title='bbox 1002 907 1256 964; x_wconf 93' lang='lat' dir='ltr'><strong>CAPUT</strong></span> <span class='ocrx_word' id='word_1_77' title='bbox 1296 908 1468 964; x_wconf 91' lang='lat' dir='ltr'><strong>XLV.</strong></span> 
     </span>
    </p>
   </div>
   <div class='ocr_carea' id='block_1_4' title="bbox 520 1041 1987 1164">
    <p class='ocr_par' dir='ltr' id='par_1_4' title="bbox 520 1041 1987 1164">
     <span class='ocr_line' id='line_1_10' title="bbox 520 1041 1987 1087; baseline 0 -7"><span class='ocrx_word' id='word_1_78' title='bbox 520 1041 679 1087; x_wconf 89' lang='lat' dir='ltr'><strong>QUOD</strong></span> <span class='ocrx_word' id='word_1_79' title='bbox 718 1042 830 1083; x_wconf 89' lang='lat' dir='ltr'>NON</span> <span class='ocrx_word' id='word_1_80' title='bbox 862 1041 1145 1082; x_wconf 89' lang='lat' dir='ltr'>POSSUMUS</span> <span class='ocrx_word' id='word_1_81' title='bbox 1179 1042 1238 1082; x_wconf 92' lang='lat' dir='ltr'>IN</span> <span class='ocrx_word' id='word_1_82' title='bbox 1277 1045 1388 1082; x_wconf 90' lang='lat' dir='ltr'>HAC</span> <span class='ocrx_word' id='word_1_83' title='bbox 1420 1043 1552 1082; x_wconf 84' lang='lat' dir='ltr'>VITA</span> <span class='ocrx_word' id='word_1_84' title='bbox 1591 1044 1954 1084; x_wconf 82' lang='lat' dir='ltr'>INTELLIGERE</span> <span class='ocrx_word' id='word_1_85' title='bbox 1984 1078 1987 1080; x_wconf 72' lang='grc'><em>,</em></span> 
     </span>
     <span class='ocr_line' id='line_1_11' title="bbox 870 1125 1604 1164; baseline 0.001 -2"><span class='ocrx_word' id='word_1_86' title='bbox 870 1125 1239 1164; x_wconf 84' lang='lat' dir='ltr'>SUBSTANTIAS</span> <span class='ocrx_word' id='word_1_87' title='bbox 1281 1125 1604 1164; x_wconf 87' lang='lat' dir='ltr'><strong>SEPARATAS.</strong></span> 
     </span>
    </p>
   </div>
   <div class='ocr_carea' id='block_1_5' title="bbox 791 1242 1680 1301">
    <p class='ocr_par' dir='ltr' id='par_1_5' title="bbox 791 1242 1680 1301">
     <span class='ocr_line' id='line_1_12' title="bbox 791 1242 1680 1301; baseline 0.002 -15"><span class='ocrx_word' id='word_1_88' title='bbox 791 1242 848 1300; x_wconf 89' lang='lat' dir='ltr'>(I.</span> <span class='ocrx_word' id='word_1_89' title='bbox 871 1248 986 1301; x_wconf 84' lang='lat' dir='ltr'>part.</span> <span class='ocrx_word' id='word_1_90' title='bbox 1010 1248 1160 1300; x_wconf 83' lang='lat' dir='ltr'>quaest.</span> <span class='ocrx_word' id='word_1_91' title='bbox 1186 1243 1470 1327; x_wconf 88' lang='lat' dir='ltr'><em>LXXXVIII.</em></span> <span class='ocrx_word' id='word_1_92' title='bbox 1496 1249 1578 1288; x_wconf 72' lang='lat' dir='ltr'>art.</span> <span class='ocrx_word' id='word_1_93' title='bbox 1605 1244 1680 1301; x_wconf 79' lang='lat' dir='ltr'>L).</span> 
     </span>
    </p>
   </div>
   <div class='ocr_carea' id='block_1_6' title="bbox 251 1367 2219 3628">
    <p class='ocr_par' dir='ltr' id='par_1_6' title="bbox 255 1367 2219 1960">
     <span class='ocr_line' id='line_1_13' title="bbox 349 1367 2216 1439; baseline 0.001 -28"><span class='ocrx_word' id='word_1_94' title='bbox 349 1367 471 1420; x_wconf 88' lang='lat' dir='ltr'>Quia</span> <span class='ocrx_word' id='word_1_95' title='bbox 489 1381 599 1426; x_wconf 86' lang='lat' dir='ltr'>ergo</span> <span class='ocrx_word' id='word_1_96' title='bbox 626 1367 875 1411; x_wconf 88' lang='lat' dir='ltr'>secundum</span> <span class='ocrx_word' id='word_1_97' title='bbox 905 1367 1070 1412; x_wconf 90' lang='lat' dir='ltr'>modos</span> <span class='ocrx_word' id='word_1_98' title='bbox 1085 1368 1342 1427; x_wconf 90' lang='lat' dir='ltr'>praedictos</span> <span class='ocrx_word' id='word_1_99' title='bbox 1360 1367 1637 1412; x_wconf 89' lang='lat' dir='ltr'>substantiae</span> <span class='ocrx_word' id='word_1_100' title='bbox 1649 1376 1890 1426; x_wconf 85' lang='lat' dir='ltr'>separatae</span> <span class='ocrx_word' id='word_1_101' title='bbox 1905 1381 2001 1412; x_wconf 89' lang='lat' dir='ltr'>non</span> <span class='ocrx_word' id='word_1_102' title='bbox 2022 1377 2216 1439; x_wconf 79' lang='lat' dir='ltr'>possunt</span> 
     </span>
     <span class='ocr_line' id='line_1_14' title="bbox 258 1425 2216 1512; baseline 0.001 -35"><span class='ocrx_word' id='word_1_103' title='bbox 258 1434 475 1493; x_wconf 86' lang='lat' dir='ltr'>cognosci</span> <span class='ocrx_word' id='word_1_104' title='bbox 504 1449 530 1478; x_wconf 89' lang='lat' dir='ltr'>a</span> <span class='ocrx_word' id='word_1_105' title='bbox 550 1434 682 1478; x_wconf 93' lang='lat' dir='ltr'>nobis</span> <span class='ocrx_word' id='word_1_106' title='bbox 715 1434 761 1477; x_wconf 92' lang='lat' dir='ltr'>in</span> <span class='ocrx_word' id='word_1_107' title='bbox 785 1434 879 1478; x_wconf 89' lang='lat' dir='ltr'>vita</span> <span class='ocrx_word' id='word_1_108' title='bbox 903 1434 1004 1489; x_wconf 91' lang='lat' dir='ltr'>ista,</span> <span class='ocrx_word' id='word_1_109' title='bbox 1030 1434 1352 1511; x_wconf 81' lang='lat' dir='ltr'>inquirendum</span> <span class='ocrx_word' id='word_1_110' title='bbox 1377 1444 1517 1479; x_wconf 89' lang='lat' dir='ltr'>restat</span> <span class='ocrx_word' id='word_1_111' title='bbox 1537 1445 1690 1478; x_wconf 86' lang='lat' dir='ltr'>utrum</span> <span class='ocrx_word' id='word_1_112' title='bbox 1712 1434 1866 1512; x_wconf 74' lang='lat' dir='ltr'>aliquo</span> <span class='ocrx_word' id='word_1_113' title='bbox 1892 1434 2064 1480; x_wconf 90' lang='lat' dir='ltr'>modo</span> <span class='ocrx_word' id='word_1_114' title='bbox 2052 1449 2100 1479; x_wconf 89' lang='lat' dir='ltr'>m</span> <span class='ocrx_word' id='word_1_115' title='bbox 2110 1425 2216 1479; x_wconf 79' lang='lat' dir='ltr'>vita</span> 
     </span>
     <span class='ocr_line' id='line_1_15' title="bbox 255 1500 2217 1560; baseline 0 -15"><span class='ocrx_word' id='word_1_116' title='bbox 255 1502 341 1545; x_wconf 89' lang='lat' dir='ltr'>ista</span> <span class='ocrx_word' id='word_1_117' title='bbox 372 1501 644 1545; x_wconf 88' lang='lat' dir='ltr'>substantias</span> <span class='ocrx_word' id='word_1_118' title='bbox 676 1500 796 1558; x_wconf 89' lang='lat' dir='ltr'>ipsas</span> <span class='ocrx_word' id='word_1_119' title='bbox 828 1500 1081 1559; x_wconf 90' lang='lat' dir='ltr'>intelligere</span> <span class='ocrx_word' id='word_1_120' title='bbox 1102 1501 1344 1560; x_wconf 85' lang='lat' dir='ltr'>possimus.</span> <span class='ocrx_word' id='word_1_121' title='bbox 1374 1500 1516 1552; x_wconf 85' lang='lat' dir='ltr'>Quod</span> <span class='ocrx_word' id='word_1_122' title='bbox 1543 1511 1694 1546; x_wconf 85' lang='lat' dir='ltr'>autern</span> <span class='ocrx_word' id='word_1_123' title='bbox 1712 1501 1803 1546; x_wconf 90' lang='lat' dir='ltr'>hoc</span> <span class='ocrx_word' id='word_1_124' title='bbox 1831 1501 1888 1546; x_wconf 90' lang='lat' dir='ltr'>sit</span> <span class='ocrx_word' id='word_1_125' title='bbox 1911 1501 2132 1560; x_wconf 80' lang='lat' dir='ltr'>possibile</span> <span class='ocrx_word' id='word_1_126' title='bbox 2153 1503 2217 1545; x_wconf 89' lang='lat' dir='ltr'>ni-</span> 
     </span>
     <span class='ocr_line' id='line_1_16' title="bbox 255 1567 2219 1627; baseline 0 -15"><span class='ocrx_word' id='word_1_127' title='bbox 255 1570 362 1613; x_wconf 91' lang='lat' dir='ltr'>titur</span> <span class='ocrx_word' id='word_1_128' title='bbox 384 1568 622 1612; x_wconf 86' lang='lat' dir='ltr'>ostendere</span> <span class='ocrx_word' id='word_1_129' title='bbox 641 1567 924 1612; x_wconf 89' lang='lat' dir='ltr'>Themistius</span> <span class='ocrx_word' id='word_1_130' title='bbox 948 1569 1102 1627; x_wconf 84' lang='lat' dir='ltr'>(tertio</span> <span class='ocrx_word' id='word_1_131' title='bbox 1124 1568 1195 1612; x_wconf 92' lang='lat' dir='ltr'>De</span> <span class='ocrx_word' id='word_1_132' title='bbox 1223 1568 1390 1623; x_wconf 89' lang='lat' dir='ltr'>anima,</span> <span class='ocrx_word' id='word_1_133' title='bbox 1409 1583 1446 1612; x_wconf 91' lang='lat' dir='ltr'>c.</span> <span class='ocrx_word' id='word_1_134' title='bbox 1475 1567 1563 1625; x_wconf 85' lang='lat'>50.)</span> <span class='ocrx_word' id='word_1_135' title='bbox 1586 1582 1664 1627; x_wconf 92' lang='lat' dir='ltr'>per</span> <span class='ocrx_word' id='word_1_136' title='bbox 1684 1567 1842 1613; x_wconf 88' lang='lat' dir='ltr'>locum</span> <span class='ocrx_word' id='word_1_137' title='bbox 1859 1582 1884 1613; x_wconf 88' lang='lat' dir='ltr'>a</span> <span class='ocrx_word' id='word_1_138' title='bbox 1901 1568 2084 1613; x_wconf 85' lang='lat' dir='ltr'>minori.</span> <span class='ocrx_word' id='word_1_139' title='bbox 2107 1567 2219 1612; x_wconf 91' lang='lat' dir='ltr'>Sub·</span> 
     </span>
     <span class='ocr_line' id='line_1_17' title="bbox 256 1634 2216 1694; baseline 0.001 -15"><span class='ocrx_word' id='word_1_140' title='bbox 256 1635 447 1679; x_wconf 87' lang='lat' dir='ltr'>stantiae</span> <span class='ocrx_word' id='word_1_141' title='bbox 474 1635 596 1678; x_wconf 91' lang='lat' dir='ltr'>enim</span> <span class='ocrx_word' id='word_1_142' title='bbox 619 1644 852 1694; x_wconf 88' lang='lat' dir='ltr'>separatae</span> <span class='ocrx_word' id='word_1_143' title='bbox 878 1645 984 1679; x_wconf 89' lang='lat' dir='ltr'>sunt</span> <span class='ocrx_word' id='word_1_144' title='bbox 1000 1635 1148 1693; x_wconf 89' lang='lat' dir='ltr'>magis</span> <span class='ocrx_word' id='word_1_145' title='bbox 1164 1634 1470 1694; x_wconf 88' lang='lat' dir='ltr'>intelligibiles</span> <span class='ocrx_word' id='word_1_146' title='bbox 1495 1649 1632 1694; x_wconf 87' lang='lat' dir='ltr'>quam</span> <span class='ocrx_word' id='word_1_147' title='bbox 1651 1635 1924 1680; x_wconf 87' lang='lat' dir='ltr'>materialia:</span> <span class='ocrx_word' id='word_1_148' title='bbox 1950 1636 2066 1680; x_wconf 85' lang='lat' dir='ltr'>haec</span> <span class='ocrx_word' id='word_1_149' title='bbox 2092 1636 2216 1680; x_wconf 85' lang='lat' dir='ltr'>enim</span> 
     </span>
     <span class='ocr_line' id='line_1_18' title="bbox 257 1700 2216 1762; baseline 0.001 -16"><span class='ocrx_word' id='word_1_150' title='bbox 257 1711 361 1746; x_wconf 90' lang='lat' dir='ltr'>sunt</span> <span class='ocrx_word' id='word_1_151' title='bbox 385 1700 686 1759; x_wconf 89' lang='lat' dir='ltr'>intelligibilia</span> <span class='ocrx_word' id='word_1_152' title='bbox 718 1702 765 1745; x_wconf 89' lang='lat' dir='ltr'>in</span> <span class='ocrx_word' id='word_1_153' title='bbox 792 1712 1012 1760; x_wconf 90' lang='lat' dir='ltr'>quantum</span> <span class='ocrx_word' id='word_1_154' title='bbox 1050 1711 1153 1745; x_wconf 92' lang='lat' dir='ltr'>sunt</span> <span class='ocrx_word' id='word_1_155' title='bbox 1188 1701 1308 1746; x_wconf 88' lang='lat' dir='ltr'>facta</span> <span class='ocrx_word' id='word_1_156' title='bbox 1343 1701 1575 1746; x_wconf 86' lang='lat' dir='ltr'>intellecta</span> <span class='ocrx_word' id='word_1_157' title='bbox 1608 1703 1654 1746; x_wconf 92' lang='lat' dir='ltr'>in</span> <span class='ocrx_word' id='word_1_158' title='bbox 1686 1713 1790 1747; x_wconf 91' lang='lat' dir='ltr'>actu</span> <span class='ocrx_word' id='word_1_159' title='bbox 1822 1717 1903 1762; x_wconf 84' lang='lat' dir='ltr'>per</span> <span class='ocrx_word' id='word_1_160' title='bbox 1932 1701 2216 1747; x_wconf 76' lang='lat' dir='ltr'>intellectum</span> 
     </span>
     <span class='ocr_line' id='line_1_19' title="bbox 259 1767 2218 1827; baseline 0.001 -15"><span class='ocrx_word' id='word_1_161' title='bbox 259 1778 496 1826; x_wconf 73' lang='lat' dir='ltr'>agentem,</span> <span class='ocrx_word' id='word_1_162' title='bbox 523 1767 602 1811; x_wconf 89' lang='lat' dir='ltr'>illa</span> <span class='ocrx_word' id='word_1_163' title='bbox 627 1781 736 1812; x_wconf 88' lang='lat' dir='ltr'>vero</span> <span class='ocrx_word' id='word_1_164' title='bbox 776 1778 882 1812; x_wconf 91' lang='lat' dir='ltr'>sunt</span> <span class='ocrx_word' id='word_1_165' title='bbox 913 1769 1166 1813; x_wconf 89' lang='lat' dir='ltr'>secundum</span> <span class='ocrx_word' id='word_1_166' title='bbox 1202 1769 1348 1827; x_wconf 88' lang='lat' dir='ltr'>seipsa</span> <span class='ocrx_word' id='word_1_167' title='bbox 1380 1768 1696 1827; x_wconf 85' lang='lat' dir='ltr'>intelligibilia.</span> <span class='ocrx_word' id='word_1_168' title='bbox 1731 1769 1781 1812; x_wconf 90' lang='lat' dir='ltr'>Si</span> <span class='ocrx_word' id='word_1_169' title='bbox 1813 1782 1926 1827; x_wconf 86' lang='lat' dir='ltr'>ergo</span> <span class='ocrx_word' id='word_1_170' title='bbox 1957 1767 2218 1814; x_wconf 37' lang='lat' dir='ltr'>intellectus*</span> 
     </span>
     <span class='ocr_line' id='line_1_20' title="bbox 256 1834 2216 1894; baseline 0 -16"><span class='ocrx_word' id='word_1_171' title='bbox 256 1845 412 1879; x_wconf 90' lang='lat' dir='ltr'>noster</span> <span class='ocrx_word' id='word_1_172' title='bbox 438 1835 786 1894; x_wconf 87' lang='lat' dir='ltr'>comprehendit</span> <span class='ocrx_word' id='word_1_173' title='bbox 810 1835 925 1879; x_wconf 91' lang='lat' dir='ltr'>haec</span> <span class='ocrx_word' id='word_1_174' title='bbox 953 1835 1219 1890; x_wconf 88' lang='lat' dir='ltr'>materialia,</span> <span class='ocrx_word' id='word_1_175' title='bbox 1246 1835 1392 1879; x_wconf 89' lang='lat' dir='ltr'>multo</span> <span class='ocrx_word' id='word_1_176' title='bbox 1419 1837 1566 1894; x_wconf 89' lang='lat' dir='ltr'>magis</span> <span class='ocrx_word' id='word_1_177' title='bbox 1588 1845 1719 1879; x_wconf 88' lang='lat' dir='ltr'>natus</span> <span class='ocrx_word' id='word_1_178' title='bbox 1743 1845 1811 1880; x_wconf 87' lang='lat' dir='ltr'>est</span> <span class='ocrx_word' id='word_1_179' title='bbox 1835 1834 2088 1894; x_wconf 81' lang='lat' dir='ltr'>intelligere</span> <span class='ocrx_word' id='word_1_180' title='bbox 2113 1834 2216 1879; x_wconf 80' lang='lat' dir='ltr'>illas</span> 
     </span>
     <span class='ocr_line' id='line_1_21' title="bbox 257 1902 797 1960; baseline -0.002 -15"><span class='ocrx_word' id='word_1_181' title='bbox 257 1902 527 1946; x_wconf 87' lang='lat' dir='ltr'>substantias</span> <span class='ocrx_word' id='word_1_182' title='bbox 554 1912 797 1960; x_wconf 90' lang='lat' dir='ltr'>separatas.</span> 
     </span>
    </p>

    <p class='ocr_par' dir='ltr' id='par_1_7' title="bbox 251 1967 2217 3361">
     <span class='ocr_line' id='line_1_22' title="bbox 345 1967 2213 2028; baseline 0.001 -17"><span class='ocrx_word' id='word_1_183' title='bbox 345 1969 471 2012; x_wconf 88' lang='lat' dir='ltr'>Haec</span> <span class='ocrx_word' id='word_1_184' title='bbox 495 1978 645 2012; x_wconf 88' lang='lat' dir='ltr'>autern</span> <span class='ocrx_word' id='word_1_185' title='bbox 673 1970 788 2012; x_wconf 89' lang='lat' dir='ltr'>ratio</span> <span class='ocrx_word' id='word_1_186' title='bbox 816 1968 1068 2012; x_wconf 89' lang='lat' dir='ltr'>secundum</span> <span class='ocrx_word' id='word_1_187' title='bbox 1095 1969 1293 2013; x_wconf 90' lang='lat' dir='ltr'>diversas</span> <span class='ocrx_word' id='word_1_188' title='bbox 1320 1969 1559 2027; x_wconf 86' lang='lat' dir='ltr'>opiniones</span> <span class='ocrx_word' id='word_1_189' title='bbox 1583 1968 1638 2012; x_wconf 90' lang='lat' dir='ltr'>de</span> <span class='ocrx_word' id='word_1_190' title='bbox 1664 1968 1896 2013; x_wconf 90' lang='lat' dir='ltr'>intellectu</span> <span class='ocrx_word' id='word_1_191' title='bbox 1921 1967 2128 2028; x_wconf 85' lang='lat' dir='ltr'>possibili</span> <span class='ocrx_word' id='word_1_192' title='bbox 2153 1968 2213 2012; x_wconf 88' lang='lat' dir='ltr'>di·</span> 
     </span>
     <span class='ocr_line' id='line_1_23' title="bbox 255 2034 2215 2094; baseline 0 -16"><span class='ocrx_word' id='word_1_193' title='bbox 255 2035 512 2079; x_wconf 88' lang='lat' dir='ltr'>versimode</span> <span class='ocrx_word' id='word_1_194' title='bbox 539 2035 782 2093; x_wconf 88' lang='lat' dir='ltr'>judicanda</span> <span class='ocrx_word' id='word_1_195' title='bbox 809 2045 888 2078; x_wconf 93' lang='lat' dir='ltr'>est.</span> <span class='ocrx_word' id='word_1_196' title='bbox 924 2035 972 2079; x_wconf 89' lang='lat' dir='ltr'>Si</span> <span class='ocrx_word' id='word_1_197' title='bbox 1005 2037 1128 2079; x_wconf 89' lang='lat' dir='ltr'>enirn</span> <span class='ocrx_word' id='word_1_198' title='bbox 1154 2034 1410 2079; x_wconf 90' lang='lat' dir='ltr'>intellectus</span> <span class='ocrx_word' id='word_1_199' title='bbox 1436 2035 1663 2094; x_wconf 90' lang='lat' dir='ltr'>possibilis</span> <span class='ocrx_word' id='word_1_200' title='bbox 1694 2049 1789 2080; x_wconf 89' lang='lat' dir='ltr'>non</span> <span class='ocrx_word' id='word_1_201' title='bbox 1821 2035 1879 2079; x_wconf 91' lang='lat' dir='ltr'>sit</span> <span class='ocrx_word' id='word_1_202' title='bbox 1907 2035 2049 2080; x_wconf 88' lang='lat' dir='ltr'>virtus</span> <span class='ocrx_word' id='word_1_203' title='bbox 2069 2049 2096 2079; x_wconf 89' lang='lat' dir='ltr'>a</span> <span class='ocrx_word' id='word_1_204' title='bbox 2123 2049 2215 2079; x_wconf 88' lang='lat' dir='ltr'>ma-</span> 
     </span>
     <span class='ocr_line' id='line_1_24' title="bbox 254 2101 2216 2160; baseline 0.001 -15"><span class='ocrx_word' id='word_1_205' title='bbox 254 2103 366 2146; x_wconf 89' lang='lat' dir='ltr'>teria</span> <span class='ocrx_word' id='word_1_206' title='bbox 399 2101 673 2160; x_wconf 89' lang='lat' dir='ltr'>dependens,</span> <span class='ocrx_word' id='word_1_207' title='bbox 706 2111 751 2145; x_wconf 92' lang='lat' dir='ltr'>et</span> <span class='ocrx_word' id='word_1_208' title='bbox 783 2102 838 2145; x_wconf 90' lang='lat' dir='ltr'>sit</span> <span class='ocrx_word' id='word_1_209' title='bbox 863 2102 1028 2145; x_wconf 91' lang='lat' dir='ltr'>iterum</span> <span class='ocrx_word' id='word_1_210' title='bbox 1055 2102 1307 2146; x_wconf 89' lang='lat' dir='ltr'>secundum</span> <span class='ocrx_word' id='word_1_211' title='bbox 1335 2117 1433 2146; x_wconf 89' lang='lat' dir='ltr'>esse</span> <span class='ocrx_word' id='word_1_212' title='bbox 1463 2116 1487 2145; x_wconf 89' lang='lat' dir='ltr'>a</span> <span class='ocrx_word' id='word_1_213' title='bbox 1511 2116 1703 2160; x_wconf 87' lang='lat' dir='ltr'>corpore</span> <span class='ocrx_word' id='word_1_214' title='bbox 1731 2111 1979 2160; x_wconf 87' lang='lat' dir='ltr'>separatus,</span> <span class='ocrx_word' id='word_1_215' title='bbox 2001 2111 2052 2146; x_wconf 91' lang='lat' dir='ltr'>ut</span> <span class='ocrx_word' id='word_1_216' title='bbox 2075 2102 2216 2146; x_wconf 87' lang='lat' dir='ltr'>Aver-</span> 
     </span>
     <span class='ocr_line' id='line_1_25' title="bbox 253 2167 2214 2227; baseline 0 -15"><span class='ocrx_word' id='word_1_217' title='bbox 253 2173 357 2212; x_wconf 77' lang='lat' dir='ltr'>roes</span> <span class='ocrx_word' id='word_1_218' title='bbox 390 2168 533 2226; x_wconf 92' lang='lat' dir='ltr'>ponit,</span> <span class='ocrx_word' id='word_1_219' title='bbox 570 2169 771 2227; x_wconf 90' lang='lat' dir='ltr'>sequitur</span> <span class='ocrx_word' id='word_1_220' title='bbox 802 2168 925 2227; x_wconf 93' lang='lat' dir='ltr'>quod</span> <span class='ocrx_word' id='word_1_221' title='bbox 960 2168 1138 2212; x_wconf 88' lang='lat' dir='ltr'>nullum</span> <span class='ocrx_word' id='word_1_222' title='bbox 1174 2168 1483 2213; x_wconf 89' lang='lat' dir='ltr'>necessarium</span> <span class='ocrx_word' id='word_1_223' title='bbox 1516 2170 1725 2213; x_wconf 88' lang='lat' dir='ltr'>ordinem</span> <span class='ocrx_word' id='word_1_224' title='bbox 1763 2169 1818 2213; x_wconf 90' lang='lat' dir='ltr'>ad</span> <span class='ocrx_word' id='word_1_225' title='bbox 1850 2182 1922 2213; x_wconf 86' lang='lat' dir='ltr'>res</span> <span class='ocrx_word' id='word_1_226' title='bbox 1953 2167 2214 2213; x_wconf 84' lang='lat' dir='ltr'>materiales</span> 
     </span>
     <span class='ocr_line' id='line_1_26' title="bbox 253 2233 2217 2293; baseline 0 -15"><span class='ocrx_word' id='word_1_227' title='bbox 253 2235 430 2279; x_wconf 89' lang='lat' dir='ltr'>habeat.</span> <span class='ocrx_word' id='word_1_228' title='bbox 458 2235 593 2278; x_wconf 91' lang='lat' dir='ltr'>Unde</span> <span class='ocrx_word' id='word_1_229' title='bbox 626 2249 741 2293; x_wconf 92' lang='lat' dir='ltr'>quae</span> <span class='ocrx_word' id='word_1_230' title='bbox 765 2245 869 2279; x_wconf 88' lang='lat' dir='ltr'>sunt</span> <span class='ocrx_word' id='word_1_231' title='bbox 894 2236 1041 2292; x_wconf 89' lang='lat' dir='ltr'>magis</span> <span class='ocrx_word' id='word_1_232' title='bbox 1063 2234 1365 2293; x_wconf 89' lang='lat' dir='ltr'>intelligibilia</span> <span class='ocrx_word' id='word_1_233' title='bbox 1386 2236 1433 2278; x_wconf 91' lang='lat' dir='ltr'>in</span> <span class='ocrx_word' id='word_1_234' title='bbox 1455 2235 1626 2293; x_wconf 89' lang='lat' dir='ltr'>seipsis,</span> <span class='ocrx_word' id='word_1_235' title='bbox 1655 2245 1784 2278; x_wconf 91' lang='lat' dir='ltr'>erunt</span> <span class='ocrx_word' id='word_1_236' title='bbox 1810 2235 1894 2279; x_wconf 90' lang='lat' dir='ltr'>sibi</span> <span class='ocrx_word' id='word_1_237' title='bbox 1915 2235 2064 2293; x_wconf 87' lang='lat' dir='ltr'>magis</span> <span class='ocrx_word' id='word_1_238' title='bbox 2090 2233 2217 2279; x_wconf 89' lang='lat' dir='ltr'>intel-</span> 
     </span>
     <span class='ocr_line' id='line_1_27' title="bbox 252 2299 2214 2360; baseline 0 -15"><span class='ocrx_word' id='word_1_239' title='bbox 252 2301 455 2360; x_wconf 86' lang='lat' dir='ltr'>ligibilia.</span> <span class='ocrx_word' id='word_1_240' title='bbox 481 2302 569 2346; x_wconf 89' lang='lat' dir='ltr'>Sed</span> <span class='ocrx_word' id='word_1_241' title='bbox 596 2312 703 2345; x_wconf 89' lang='lat' dir='ltr'>tunc</span> <span class='ocrx_word' id='word_1_242' title='bbox 737 2301 865 2360; x_wconf 92' lang='lat' dir='ltr'>sequi</span> <span class='ocrx_word' id='word_1_243' title='bbox 891 2302 1068 2345; x_wconf 84' lang='lat' dir='ltr'>videtur</span> <span class='ocrx_word' id='word_1_244' title='bbox 1094 2302 1231 2360; x_wconf 85' lang='lat' dir='ltr'>quod,</span> <span class='ocrx_word' id='word_1_245' title='bbox 1266 2316 1371 2346; x_wconf 90' lang='lat' dir='ltr'>cum</span> <span class='ocrx_word' id='word_1_246' title='bbox 1396 2315 1481 2345; x_wconf 91' lang='lat' dir='ltr'>nos</span> <span class='ocrx_word' id='word_1_247' title='bbox 1515 2316 1540 2344; x_wconf 88' lang='lat' dir='ltr'>a</span> <span class='ocrx_word' id='word_1_248' title='bbox 1572 2302 1794 2360; x_wconf 91' lang='lat' dir='ltr'>principio</span> <span class='ocrx_word' id='word_1_249' title='bbox 1821 2315 1900 2360; x_wconf 90' lang='lat' dir='ltr'>per</span> <span class='ocrx_word' id='word_1_250' title='bbox 1929 2299 2214 2345; x_wconf 81' lang='lat' dir='ltr'>intellectum</span> 
     </span>
     <span class='ocr_line' id='line_1_28' title="bbox 254 2367 2215 2427; baseline -0.001 -15"><span class='ocrx_word' id='word_1_251' title='bbox 254 2367 517 2427; x_wconf 89' lang='lat' dir='ltr'>possibilem</span> <span class='ocrx_word' id='word_1_252' title='bbox 545 2367 869 2427; x_wconf 89' lang='lat' dir='ltr'>intelligamus,</span> <span class='ocrx_word' id='word_1_253' title='bbox 890 2383 915 2411; x_wconf 90' lang='lat' dir='ltr'>a</span> <span class='ocrx_word' id='word_1_254' title='bbox 940 2368 1163 2427; x_wconf 88' lang='lat' dir='ltr'>principio</span> <span class='ocrx_word' id='word_1_255' title='bbox 1185 2367 1495 2426; x_wconf 77' lang='lat' dir='ltr'>intelligamus</span> <span class='ocrx_word' id='word_1_256' title='bbox 1518 2368 1788 2412; x_wconf 86' lang='lat' dir='ltr'>substantias</span> <span class='ocrx_word' id='word_1_257' title='bbox 1810 2377 2065 2426; x_wconf 81' lang='lat' dir='ltr'>separatas:</span> <span class='ocrx_word' id='word_1_258' title='bbox 2091 2367 2215 2426; x_wconf 84' lang='lat' dir='ltr'>quod</span> 
     </span>
     <span class='ocr_line' id='line_1_29' title="bbox 253 2433 2214 2492; baseline 0 -14"><span class='ocrx_word' id='word_1_259' title='bbox 253 2445 377 2492; x_wconf 88' lang='lat' dir='ltr'>patet</span> <span class='ocrx_word' id='word_1_260' title='bbox 399 2449 496 2479; x_wconf 90' lang='lat' dir='ltr'>esse</span> <span class='ocrx_word' id='word_1_261' title='bbox 519 2433 700 2479; x_wconf 90' lang='lat' dir='ltr'>falsum.</span> <span class='ocrx_word' id='word_1_262' title='bbox 736 2434 826 2478; x_wconf 89' lang='lat' dir='ltr'>Sed</span> <span class='ocrx_word' id='word_1_263' title='bbox 848 2435 939 2478; x_wconf 91' lang='lat' dir='ltr'>hoc</span> <span class='ocrx_word' id='word_1_264' title='bbox 967 2435 1293 2478; x_wconf 88' lang='lat' dir='ltr'>inconveniens</span> <span class='ocrx_word' id='word_1_265' title='bbox 1317 2434 1484 2478; x_wconf 90' lang='lat' dir='ltr'>evitare</span> <span class='ocrx_word' id='word_1_266' title='bbox 1512 2435 1738 2478; x_wconf 73' lang='lat' dir='ltr'>Averroes</span> <span class='ocrx_word' id='word_1_267' title='bbox 1763 2434 1936 2488; x_wconf 83' lang='lat' dir='ltr'>nititur,</span> <span class='ocrx_word' id='word_1_268' title='bbox 1961 2434 2214 2478; x_wconf 85' lang='lat' dir='ltr'>secundum</span> 
     </span>
     <span class='ocr_line' id='line_1_30' title="bbox 255 2499 2214 2561; baseline -0.001 -15"><span class='ocrx_word' id='word_1_269' title='bbox 255 2516 309 2546; x_wconf 91' lang='lat' dir='ltr'>ea</span> <span class='ocrx_word' id='word_1_270' title='bbox 335 2516 450 2561; x_wconf 91' lang='lat' dir='ltr'>quae</span> <span class='ocrx_word' id='word_1_271' title='bbox 475 2501 530 2545; x_wconf 94' lang='lat' dir='ltr'>de</span> <span class='ocrx_word' id='word_1_272' title='bbox 558 2503 653 2560; x_wconf 82' lang='lat' dir='ltr'>ejus</span> <span class='ocrx_word' id='word_1_273' title='bbox 677 2501 893 2561; x_wconf 89' lang='lat' dir='ltr'>opinione</span> <span class='ocrx_word' id='word_1_274' title='bbox 916 2502 1146 2560; x_wconf 88' lang='lat' dir='ltr'>praedicta</span> <span class='ocrx_word' id='word_1_275' title='bbox 1172 2511 1296 2546; x_wconf 91' lang='lat' dir='ltr'>sunt:</span> <span class='ocrx_word' id='word_1_276' title='bbox 1325 2515 1440 2560; x_wconf 91' lang='lat' dir='ltr'>quae</span> <span class='ocrx_word' id='word_1_277' title='bbox 1468 2511 1592 2559; x_wconf 89' lang='lat' dir='ltr'>patet</span> <span class='ocrx_word' id='word_1_278' title='bbox 1609 2515 1707 2545; x_wconf 89' lang='lat' dir='ltr'>esse</span> <span class='ocrx_word' id='word_1_279' title='bbox 1729 2499 1843 2544; x_wconf 87' lang='lat' dir='ltr'>falsa</span> <span class='ocrx_word' id='word_1_280' title='bbox 1860 2514 1914 2544; x_wconf 80' lang='lat' dir='ltr'>ex</span> <span class='ocrx_word' id='word_1_281' title='bbox 1939 2500 2214 2559; x_wconf 85' lang='lat' dir='ltr'>praemissis.</span> 
     </span>
     <span class='ocr_line' id='line_1_31' title="bbox 256 2564 2214 2627; baseline 0 -15"><span class='ocrx_word' id='word_1_282' title='bbox 256 2569 305 2612; x_wconf 91' lang='lat' dir='ltr'>Si</span> <span class='ocrx_word' id='word_1_283' title='bbox 331 2579 483 2612; x_wconf 91' lang='lat' dir='ltr'>autem</span> <span class='ocrx_word' id='word_1_284' title='bbox 502 2568 759 2612; x_wconf 89' lang='lat' dir='ltr'>intellectus</span> <span class='ocrx_word' id='word_1_285' title='bbox 786 2567 1012 2627; x_wconf 88' lang='lat' dir='ltr'>possibilis</span> <span class='ocrx_word' id='word_1_286' title='bbox 1045 2582 1138 2612; x_wconf 92' lang='lat' dir='ltr'>non</span> <span class='ocrx_word' id='word_1_287' title='bbox 1172 2578 1240 2612; x_wconf 90' lang='lat' dir='ltr'>est</span> <span class='ocrx_word' id='word_1_288' title='bbox 1266 2582 1289 2611; x_wconf 90' lang='lat' dir='ltr'>a</span> <span class='ocrx_word' id='word_1_289' title='bbox 1324 2581 1515 2626; x_wconf 89' lang='lat' dir='ltr'>corpore</span> <span class='ocrx_word' id='word_1_290' title='bbox 1545 2578 1779 2626; x_wconf 90' lang='lat' dir='ltr'>separatus</span> <span class='ocrx_word' id='word_1_291' title='bbox 1811 2567 2063 2612; x_wconf 89' lang='lat' dir='ltr'>secundum</span> <span class='ocrx_word' id='word_1_292' title='bbox 2081 2564 2214 2622; x_wconf 70' lang='lat' dir='ltr'>⁴esse,</span> 
     </span>
     <span class='ocr_line' id='line_1_32' title="bbox 254 2634 2214 2694; baseline -0.001 -15"><span class='ocrx_word' id='word_1_293' title='bbox 254 2650 309 2680; x_wconf 89' lang='lat' dir='ltr'>ex</span> <span class='ocrx_word' id='word_1_294' title='bbox 341 2636 430 2679; x_wconf 92' lang='lat' dir='ltr'>hoc</span> <span class='ocrx_word' id='word_1_295' title='bbox 458 2636 556 2693; x_wconf 89' lang='lat' dir='ltr'>ipso</span> <span class='ocrx_word' id='word_1_296' title='bbox 595 2635 717 2694; x_wconf 91' lang='lat' dir='ltr'>quod</span> <span class='ocrx_word' id='word_1_297' title='bbox 755 2644 823 2679; x_wconf 91' lang='lat' dir='ltr'>est</span> <span class='ocrx_word' id='word_1_298' title='bbox 854 2634 933 2679; x_wconf 91' lang='lat' dir='ltr'>tali</span> <span class='ocrx_word' id='word_1_299' title='bbox 967 2635 1149 2692; x_wconf 89' lang='lat' dir='ltr'>corpori</span> <span class='ocrx_word' id='word_1_300' title='bbox 1180 2637 1330 2678; x_wconf 88' lang='lat' dir='ltr'>unitus</span> <span class='ocrx_word' id='word_1_301' title='bbox 1364 2635 1617 2678; x_wconf 90' lang='lat' dir='ltr'>secundum</span> <span class='ocrx_word' id='word_1_302' title='bbox 1656 2648 1768 2688; x_wconf 88' lang='lat' dir='ltr'>esse,</span> <span class='ocrx_word' id='word_1_303' title='bbox 1799 2634 1939 2678; x_wconf 90' lang='lat' dir='ltr'>habet</span> <span class='ocrx_word' id='word_1_304' title='bbox 1963 2634 2214 2693; x_wconf 85' lang='lat' dir='ltr'>quemdam</span> 
     </span>
     <span class='ocr_line' id='line_1_33' title="bbox 253 2700 2214 2760; baseline -0.001 -14"><span class='ocrx_word' id='word_1_305' title='bbox 253 2701 561 2746; x_wconf 89' lang='lat' dir='ltr'>necessarium</span> <span class='ocrx_word' id='word_1_306' title='bbox 588 2702 794 2745; x_wconf 89' lang='lat' dir='ltr'>ordinem</span> <span class='ocrx_word' id='word_1_307' title='bbox 823 2702 878 2745; x_wconf 90' lang='lat' dir='ltr'>ad</span> <span class='ocrx_word' id='word_1_308' title='bbox 902 2701 1167 2756; x_wconf 87' lang='lat' dir='ltr'>materialia,</span> <span class='ocrx_word' id='word_1_309' title='bbox 1192 2712 1242 2745; x_wconf 93' lang='lat' dir='ltr'>ut</span> <span class='ocrx_word' id='word_1_310' title='bbox 1266 2701 1353 2745; x_wconf 90' lang='lat' dir='ltr'>nisi</span> <span class='ocrx_word' id='word_1_311' title='bbox 1379 2715 1458 2759; x_wconf 92' lang='lat' dir='ltr'>per</span> <span class='ocrx_word' id='word_1_312' title='bbox 1483 2700 1561 2744; x_wconf 89' lang='lat' dir='ltr'>illa</span> <span class='ocrx_word' id='word_1_313' title='bbox 1589 2701 1644 2744; x_wconf 90' lang='lat' dir='ltr'>ad</span> <span class='ocrx_word' id='word_1_314' title='bbox 1673 2701 1868 2745; x_wconf 89' lang='lat' dir='ltr'>aliorum</span> <span class='ocrx_word' id='word_1_315' title='bbox 1901 2700 2214 2760; x_wconf 85' lang='lat' dir='ltr'>cognitionem</span> 
     </span>
     <span class='ocr_line' id='line_1_34' title="bbox 253 2767 2217 2827; baseline -0.001 -15"><span class='ocrx_word' id='word_1_316' title='bbox 253 2771 487 2827; x_wconf 89' lang='lat' dir='ltr'>pervenire</span> <span class='ocrx_word' id='word_1_317' title='bbox 513 2782 607 2812; x_wconf 90' lang='lat' dir='ltr'>non</span> <span class='ocrx_word' id='word_1_318' title='bbox 632 2769 787 2827; x_wconf 89' lang='lat' dir='ltr'>possit.</span> <span class='ocrx_word' id='word_1_319' title='bbox 823 2768 957 2812; x_wconf 92' lang='lat' dir='ltr'>Unde</span> <span class='ocrx_word' id='word_1_320' title='bbox 984 2782 1078 2812; x_wconf 92' lang='lat' dir='ltr'>non</span> <span class='ocrx_word' id='word_1_321' title='bbox 1105 2770 1320 2827; x_wconf 88' lang='lat' dir='ltr'>sequitur,</span> <span class='ocrx_word' id='word_1_322' title='bbox 1347 2769 1383 2811; x_wconf 93' lang='lat' dir='ltr'>si</span> <span class='ocrx_word' id='word_1_323' title='bbox 1410 2767 1687 2812; x_wconf 84' lang='lat' dir='ltr'>substantiae</span> <span class='ocrx_word' id='word_1_324' title='bbox 1704 2777 1939 2826; x_wconf 84' lang='lat' dir='ltr'>separatae</span> <span class='ocrx_word' id='word_1_325' title='bbox 1963 2767 2056 2812; x_wconf 88' lang='lat' dir='ltr'>sint</span> <span class='ocrx_word' id='word_1_326' title='bbox 2075 2767 2123 2811; x_wconf 92' lang='lat' dir='ltr'>in</span> <span class='ocrx_word' id='word_1_327' title='bbox 2143 2780 2217 2811; x_wconf 89' lang='lat' dir='ltr'>se-</span> 
     </span>
     <span class='ocr_line' id='line_1_35' title="bbox 253 2832 2213 2895; baseline -0.001 -15"><span class='ocrx_word' id='word_1_328' title='bbox 253 2837 360 2895; x_wconf 88' lang='lat' dir='ltr'>ipsis</span> <span class='ocrx_word' id='word_1_329' title='bbox 387 2837 532 2892; x_wconf 82' lang='lat' dir='ltr'>magis</span> <span class='ocrx_word' id='word_1_330' title='bbox 554 2834 874 2894; x_wconf 85' lang='lat' dir='ltr'>intelligibiles,</span> <span class='ocrx_word' id='word_1_331' title='bbox 896 2835 1018 2894; x_wconf 92' lang='lat' dir='ltr'>quod</span> <span class='ocrx_word' id='word_1_332' title='bbox 1035 2845 1221 2894; x_wconf 88' lang='lat' dir='ltr'>propter</span> <span class='ocrx_word' id='word_1_333' title='bbox 1242 2835 1333 2879; x_wconf 92' lang='lat' dir='ltr'>hoc</span> <span class='ocrx_word' id='word_1_334' title='bbox 1356 2835 1446 2879; x_wconf 90' lang='lat' dir='ltr'>sint</span> <span class='ocrx_word' id='word_1_335' title='bbox 1462 2835 1609 2894; x_wconf 88' lang='lat' dir='ltr'>magis</span> <span class='ocrx_word' id='word_1_336' title='bbox 1630 2834 1938 2890; x_wconf 80' lang='lat' dir='ltr'>intelligibiles</span> <span class='ocrx_word' id='word_1_337' title='bbox 1957 2832 2213 2879; x_wconf 83' lang='lat' dir='ltr'>intellectui</span> 
     </span>
     <span class='ocr_line' id='line_1_36' title="bbox 253 2900 2213 2964; baseline -0.001 -18"><span class='ocrx_word' id='word_1_338' title='bbox 253 2913 424 2947; x_wconf 88' lang='lat' dir='ltr'>nostro.</span> <span class='ocrx_word' id='word_1_339' title='bbox 446 2902 503 2946; x_wconf 92' lang='lat' dir='ltr'>Et</span> <span class='ocrx_word' id='word_1_340' title='bbox 527 2902 618 2946; x_wconf 89' lang='lat' dir='ltr'>hoc</span> <span class='ocrx_word' id='word_1_341' title='bbox 645 2903 960 2946; x_wconf 87' lang='lat' dir='ltr'>demonstrant</span> <span class='ocrx_word' id='word_1_342' title='bbox 990 2902 1128 2946; x_wconf 89' lang='lat' dir='ltr'>verba</span> <span class='ocrx_word' id='word_1_343' title='bbox 1155 2902 1412 2946; x_wconf 89' lang='lat' dir='ltr'>Aristotelis</span> <span class='ocrx_word' id='word_1_344' title='bbox 1444 2902 1491 2945; x_wconf 91' lang='lat' dir='ltr'>in</span> <span class='ocrx_word' id='word_1_345' title='bbox 1518 2901 1720 2947; x_wconf 89' lang='lat' dir='ltr'>secundo</span> <span class='ocrx_word' id='word_1_346' title='bbox 1747 2901 1950 2960; x_wconf 84' lang='lat' dir='ltr'>Metaph.</span> <span class='ocrx_word' id='word_1_347' title='bbox 1981 2901 2033 2964; x_wconf 50' lang='grc' dir='ltr'>(τ,</span> <span class='ocrx_word' id='word_1_348' title='bbox 2067 2914 2108 2945; x_wconf 87' lang='lat' dir='ltr'>c.</span> <span class='ocrx_word' id='word_1_349' title='bbox 2139 2900 2213 2957; x_wconf 89' lang='lat'>1.)-</span> 
     </span>
     <span class='ocr_line' id='line_1_37' title="bbox 252 2966 2210 3027; baseline -0.001 -14"><span class='ocrx_word' id='word_1_350' title='bbox 252 2970 375 3014; x_wconf 86' lang='lat' dir='ltr'>Dicit</span> <span class='ocrx_word' id='word_1_351' title='bbox 401 2969 522 3013; x_wconf 89' lang='lat' dir='ltr'>enirn</span> <span class='ocrx_word' id='word_1_352' title='bbox 549 2968 717 3012; x_wconf 88' lang='lat' dir='ltr'>ibidem</span> <span class='ocrx_word' id='word_1_353' title='bbox 744 2969 866 3027; x_wconf 89' lang='lat' dir='ltr'>quod</span> <span class='ocrx_word' id='word_1_354' title='bbox 891 2967 1130 3013; x_wconf 88' lang='lat' dir='ltr'>difficultas</span> <span class='ocrx_word' id='word_1_355' title='bbox 1157 2968 1441 3027; x_wconf 89' lang='lat' dir='ltr'>intelligendi</span> <span class='ocrx_word' id='word_1_356' title='bbox 1466 2983 1536 3012; x_wconf 90' lang='lat' dir='ltr'>res</span> <span class='ocrx_word' id='word_1_357' title='bbox 1563 2968 1664 3012; x_wconf 89' lang='lat' dir='ltr'>illas</span> <span class='ocrx_word' id='word_1_358' title='bbox 1690 2967 1858 3012; x_wconf 88' lang='lat' dir='ltr'>accidit</span> <span class='ocrx_word' id='word_1_359' title='bbox 1882 2981 1937 3012; x_wconf 87' lang='lat' dir='ltr'>ex</span> <span class='ocrx_word' id='word_1_360' title='bbox 1961 2966 2093 3012; x_wconf 89' lang='lat' dir='ltr'>nobis</span> <span class='ocrx_word' id='word_1_361' title='bbox 2113 2969 2210 3012; x_wconf 90' lang='lat' dir='ltr'>&#39;non</span> 
     </span>
     <span class='ocr_line' id='line_1_38' title="bbox 253 3034 2209 3090; baseline -0.002 -10"><span class='ocrx_word' id='word_1_362' title='bbox 253 3050 307 3080; x_wconf 85' lang='lat' dir='ltr'>ex</span> <span class='ocrx_word' id='word_1_363' title='bbox 334 3035 445 3090; x_wconf 89' lang='lat' dir='ltr'>illis;</span> <span class='ocrx_word' id='word_1_364' title='bbox 471 3050 581 3079; x_wconf 88' lang='lat' dir='ltr'>narn</span> <span class='ocrx_word' id='word_1_365' title='bbox 612 3035 868 3079; x_wconf 90' lang='lat' dir='ltr'>intellectus</span> <span class='ocrx_word' id='word_1_366' title='bbox 901 3046 1056 3079; x_wconf 90' lang='lat' dir='ltr'>noster</span> <span class='ocrx_word' id='word_1_367' title='bbox 1089 3049 1137 3079; x_wconf 90' lang='lat' dir='ltr'>se</span> <span class='ocrx_word' id='word_1_368' title='bbox 1162 3035 1300 3079; x_wconf 90' lang='lat' dir='ltr'>habet</span> <span class='ocrx_word' id='word_1_369' title='bbox 1332 3035 1387 3079; x_wconf 90' lang='lat' dir='ltr'>ad</span> <span class='ocrx_word' id='word_1_370' title='bbox 1420 3034 1789 3079; x_wconf 88' lang='lat' dir='ltr'>manifestissima</span> <span class='ocrx_word' id='word_1_371' title='bbox 1813 3047 1982 3088; x_wconf 86' lang='lat' dir='ltr'>rerum,</span> <span class='ocrx_word' id='word_1_372' title='bbox 2013 3034 2131 3078; x_wconf 89' lang='lat' dir='ltr'>sicut</span> <span class='ocrx_word' id='word_1_373' title='bbox 2159 3046 2209 3077; x_wconf 86' lang='lat' dir='ltr'>se</span> 
     </span>
     <span class='ocr_line' id='line_1_39' title="bbox 251 3091 2214 3164; baseline -0.001 -18"><span class='ocrx_word' id='word_1_374' title='bbox 251 3103 389 3146; x_wconf 88' lang='lat' dir='ltr'>habet</span> <span class='ocrx_word' id='word_1_375' title='bbox 421 3101 582 3146; x_wconf 90' lang='lat' dir='ltr'>oculus</span> <span class='ocrx_word' id='word_1_376' title='bbox 613 3101 948 3160; x_wconf 83' lang='lat' dir='ltr'>vespertilionis</span> <span class='ocrx_word' id='word_1_377' title='bbox 983 3102 1038 3145; x_wconf 90' lang='lat' dir='ltr'>ad</span> <span class='ocrx_word' id='word_1_378' title='bbox 1075 3091 1377 3145; x_wconf 69' lang='lat' dir='ltr'>lucem&#39;solis.</span> <span class='ocrx_word' id='word_1_379' title='bbox 1411 3101 1545 3146; x_wconf 89' lang='lat' dir='ltr'>Unde</span> <span class='ocrx_word' id='word_1_380' title='bbox 1570 3115 1675 3145; x_wconf 90' lang='lat' dir='ltr'>cum</span> <span class='ocrx_word' id='word_1_381' title='bbox 1697 3114 1777 3160; x_wconf 89' lang='lat' dir='ltr'>per</span> <span class='ocrx_word' id='word_1_382' title='bbox 1808 3100 2061 3145; x_wconf 82' lang='lat' dir='ltr'>materialia</span> <span class='ocrx_word' id='word_1_383' title='bbox 2088 3099 2214 3164; x_wconf 88' lang='lat' dir='ltr'>intel-</span> 
     </span>
     <span class='ocr_line' id='line_1_40' title="bbox 253 3168 2214 3227; baseline -0.001 -14"><span class='ocrx_word' id='word_1_384' title='bbox 253 3169 372 3214; x_wconf 92' lang='lat' dir='ltr'>lecta</span> <span class='ocrx_word' id='word_1_385' title='bbox 397 3182 491 3212; x_wconf 91' lang='lat' dir='ltr'>non</span> <span class='ocrx_word' id='word_1_386' title='bbox 517 3168 692 3227; x_wconf 89' lang='lat' dir='ltr'>possint</span> <span class='ocrx_word' id='word_1_387' title='bbox 719 3168 911 3226; x_wconf 88' lang='lat' dir='ltr'>intelligi</span> <span class='ocrx_word' id='word_1_388' title='bbox 937 3168 1212 3212; x_wconf 87' lang='lat' dir='ltr'>substantiae</span> <span class='ocrx_word' id='word_1_389' title='bbox 1245 3177 1493 3227; x_wconf 89' lang='lat' dir='ltr'>separatae,</span> <span class='ocrx_word' id='word_1_390' title='bbox 1526 3177 1575 3212; x_wconf 90' lang='lat' dir='ltr'>ut</span> <span class='ocrx_word' id='word_1_391' title='bbox 1606 3181 1741 3226; x_wconf 91' lang='lat' dir='ltr'>supra</span> <span class='ocrx_word' id='word_1_392' title='bbox 1773 3176 2009 3212; x_wconf 88' lang='lat' dir='ltr'>ostensum</span> <span class='ocrx_word' id='word_1_393' title='bbox 2041 3176 2124 3221; x_wconf 83' lang='lat' dir='ltr'>est,</span> <span class='ocrx_word' id='word_1_394' title='bbox 2147 3179 2214 3211; x_wconf 83' lang='lat' dir='ltr'>se·</span> 
     </span>
     <span class='ocr_line' id='line_1_41' title="bbox 254 3230 2210 3295; baseline -0.002 -15"><span class='ocrx_word' id='word_1_395' title='bbox 254 3238 403 3295; x_wconf 89' lang='lat' dir='ltr'>quitur</span> <span class='ocrx_word' id='word_1_396' title='bbox 435 3236 556 3295; x_wconf 90' lang='lat' dir='ltr'>quod</span> <span class='ocrx_word' id='word_1_397' title='bbox 590 3235 847 3280; x_wconf 88' lang='lat' dir='ltr'>intellectus</span> <span class='ocrx_word' id='word_1_398' title='bbox 880 3230 1106 3294; x_wconf 89' lang='lat' dir='ltr'>possibilis</span> <span class='ocrx_word' id='word_1_399' title='bbox 1138 3245 1293 3279; x_wconf 87' lang='lat' dir='ltr'>noster</span> <span class='ocrx_word' id='word_1_400' title='bbox 1323 3234 1452 3279; x_wconf 89' lang='lat' dir='ltr'>nullo</span> <span class='ocrx_word' id='word_1_401' title='bbox 1486 3234 1628 3279; x_wconf 88' lang='lat' dir='ltr'>modo</span> <span class='ocrx_word' id='word_1_402' title='bbox 1660 3233 1805 3293; x_wconf 87' lang='lat' dir='ltr'>possit</span> <span class='ocrx_word' id='word_1_403' title='bbox 1834 3232 2087 3293; x_wconf 83' lang='lat' dir='ltr'>intelligere</span> <span class='ocrx_word' id='word_1_404' title='bbox 2108 3232 2210 3277; x_wconf 78' lang='lat' dir='ltr'>sub-</span> 
     </span>
     <span class='ocr_line' id='line_1_42' title="bbox 255 3305 708 3361; baseline -0.002 -14"><span class='ocrx_word' id='word_1_405' title='bbox 255 3305 441 3347; x_wconf 89' lang='lat' dir='ltr'>stantias</span> <span class='ocrx_word' id='word_1_406' title='bbox 465 3313 708 3361; x_wconf 88' lang='lat' dir='ltr'>separatas.</span> 
     </span>
    </p>

    <p class='ocr_par' dir='ltr' id='par_1_8' title="bbox 253 3365 2214 3628">
     <span class='ocr_line' id='line_1_43' title="bbox 343 3365 2213 3428; baseline -0.002 -15"><span class='ocrx_word' id='word_1_407' title='bbox 343 3370 445 3413; x_wconf 91' lang='lat' dir='ltr'>Hoc</span> <span class='ocrx_word' id='word_1_408' title='bbox 473 3371 610 3413; x_wconf 89' lang='lat' dir='ltr'>etiam</span> <span class='ocrx_word' id='word_1_409' title='bbox 638 3378 823 3428; x_wconf 89' lang='lat' dir='ltr'>apparet</span> <span class='ocrx_word' id='word_1_410' title='bbox 850 3383 903 3413; x_wconf 87' lang='lat' dir='ltr'>ex</span> <span class='ocrx_word' id='word_1_411' title='bbox 937 3369 1094 3413; x_wconf 89' lang='lat' dir='ltr'>ordine</span> <span class='ocrx_word' id='word_1_412' title='bbox 1121 3367 1377 3412; x_wconf 89' lang='lat' dir='ltr'>intellectus</span> <span class='ocrx_word' id='word_1_413' title='bbox 1403 3367 1631 3427; x_wconf 88' lang='lat' dir='ltr'>possibilis</span> <span class='ocrx_word' id='word_1_414' title='bbox 1658 3368 1715 3412; x_wconf 91' lang='lat' dir='ltr'>ad</span> <span class='ocrx_word' id='word_1_415' title='bbox 1741 3374 1970 3427; x_wconf 81' lang='lat' dir='ltr'>agentem.</span> <span class='ocrx_word' id='word_1_416' title='bbox 2001 3365 2213 3411; x_wconf 79' lang='lat' dir='ltr'>Potentia</span> 
     </span>
     <span class='ocr_line' id='line_1_44' title="bbox 255 3430 2209 3494; baseline -0.002 -15"><span class='ocrx_word' id='word_1_417' title='bbox 255 3438 374 3479; x_wconf 86' lang='lat' dir='ltr'>enirn</span> <span class='ocrx_word' id='word_1_418' title='bbox 403 3437 581 3493; x_wconf 88' lang='lat' dir='ltr'>passiva</span> <span class='ocrx_word' id='word_1_419' title='bbox 599 3436 653 3480; x_wconf 91' lang='lat' dir='ltr'>ad</span> <span class='ocrx_word' id='word_1_420' title='bbox 677 3435 754 3479; x_wconf 90' lang='lat' dir='ltr'>illa</span> <span class='ocrx_word' id='word_1_421' title='bbox 780 3435 932 3479; x_wconf 91' lang='lat' dir='ltr'>solum</span> <span class='ocrx_word' id='word_1_422' title='bbox 959 3444 1026 3480; x_wconf 89' lang='lat' dir='ltr'>est</span> <span class='ocrx_word' id='word_1_423' title='bbox 1045 3436 1088 3479; x_wconf 89' lang='lat' dir='ltr'>in</span> <span class='ocrx_word' id='word_1_424' title='bbox 1106 3435 1308 3494; x_wconf 88' lang='lat' dir='ltr'>potentia</span> <span class='ocrx_word' id='word_1_425' title='bbox 1333 3434 1380 3478; x_wconf 91' lang='lat' dir='ltr'>in</span> <span class='ocrx_word' id='word_1_426' title='bbox 1404 3449 1519 3493; x_wconf 87' lang='lat' dir='ltr'>quae</span> <span class='ocrx_word' id='word_1_427' title='bbox 1546 3444 1697 3494; x_wconf 92' lang='lat' dir='ltr'>potest</span> <span class='ocrx_word' id='word_1_428' title='bbox 1716 3433 2073 3493; x_wconf 60' lang='lat' dir='ltr'>proprium‘ejus</span> <span class='ocrx_word' id='word_1_429' title='bbox 2104 3430 2209 3476; x_wconf 85' lang='lat' dir='ltr'>acti-</span> 
     </span>
     <span class='ocr_line' id='line_1_45' title="bbox 253 3497 2212 3561; baseline -0.001 -17"><span class='ocrx_word' id='word_1_430' title='bbox 253 3515 383 3545; x_wconf 88' lang='lat' dir='ltr'>vum:</span> <span class='ocrx_word' id='word_1_431' title='bbox 411 3503 540 3547; x_wconf 92' lang='lat' dir='ltr'>omni</span> <span class='ocrx_word' id='word_1_432' title='bbox 564 3503 687 3547; x_wconf 89' lang='lat' dir='ltr'>enim</span> <span class='ocrx_word' id='word_1_433' title='bbox 710 3502 939 3561; x_wconf 88' lang='lat' dir='ltr'>potentiae</span> <span class='ocrx_word' id='word_1_434' title='bbox 966 3503 1171 3560; x_wconf 85' lang='lat' dir='ltr'>passivae</span> <span class='ocrx_word' id='word_1_435' title='bbox 1189 3500 1435 3561; x_wconf 88' lang='lat' dir='ltr'>respondet</span> <span class='ocrx_word' id='word_1_436' title='bbox 1451 3502 1654 3560; x_wconf 89' lang='lat' dir='ltr'>potentia</span> <span class='ocrx_word' id='word_1_437' title='bbox 1671 3501 1820 3545; x_wconf 82' lang='lat' dir='ltr'>activa</span> <span class='ocrx_word' id='word_1_438' title='bbox 1833 3499 1882 3544; x_wconf 86' lang='lat' dir='ltr'>in</span> <span class='ocrx_word' id='word_1_439' title='bbox 1896 3503 2080 3553; x_wconf 65' lang='lat' dir='ltr'>natum</span> <span class='ocrx_word' id='word_1_440' title='bbox 2102 3497 2212 3543; x_wconf 87' lang='lat' dir='ltr'>alias</span> 
     </span>
     <span class='ocr_line' id='line_1_46' title="bbox 254 3563 2214 3628; baseline -0.003 -15"><span class='ocrx_word' id='word_1_441' title='bbox 254 3569 457 3626; x_wconf 86' lang='lat' dir='ltr'>potentia</span> <span class='ocrx_word' id='word_1_442' title='bbox 484 3570 661 3628; x_wconf 86' lang='lat' dir='ltr'>passiva</span> <span class='ocrx_word' id='word_1_443' title='bbox 688 3579 805 3614; x_wconf 88' lang='lat' dir='ltr'>esset</span> <span class='ocrx_word' id='word_1_444' title='bbox 826 3567 1006 3623; x_wconf 81' lang='lat' dir='ltr'>frustra,</span> <span class='ocrx_word' id='word_1_445' title='bbox 1034 3582 1139 3613; x_wconf 89' lang='lat' dir='ltr'>cum</span> <span class='ocrx_word' id='word_1_446' title='bbox 1166 3582 1259 3613; x_wconf 89' lang='lat' dir='ltr'>non</span> <span class='ocrx_word' id='word_1_447' title='bbox 1286 3569 1428 3627; x_wconf 89' lang='lat' dir='ltr'>possit</span> <span class='ocrx_word' id='word_1_448' title='bbox 1454 3567 1609 3613; x_wconf 87' lang='lat' dir='ltr'>reduci</span> <span class='ocrx_word' id='word_1_449' title='bbox 1634 3567 1680 3612; x_wconf 89' lang='lat' dir='ltr'>in</span> <span class='ocrx_word' id='word_1_450' title='bbox 1708 3575 1862 3622; x_wconf 83' lang='lat' dir='ltr'>actum</span> <span class='ocrx_word' id='word_1_451' title='bbox 1892 3564 1981 3611; x_wconf 78' lang='lat' dir='ltr'>nisi</span> <span class='ocrx_word' id='word_1_452' title='bbox 2001 3578 2084 3624; x_wconf 88' lang='lat' dir='ltr'>per</span> <span class='ocrx_word' id='word_1_453' title='bbox 2109 3563 2214 3609; x_wconf 83' lang='lat' dir='ltr'>acti·</span> 
     </span>
    </p>
   </div>
   <div class='ocr_carea' id='block_1_7' title="bbox 2262 2970 2332 3854">
    <p class='ocr_par' dir='ltr' id='par_1_9' title="bbox 2262 2970 2332 3854">
     <span class='ocr_line' id='line_1_47' title="bbox 2262 2970 2332 3854; baseline 0 0"><span class='ocrx_word' id='word_1_454' title='bbox 2262 2970 2332 3854; x_wconf 95' lang='lat' dir='ltr'> </span> 
     </span>
    </p>
   </div>
  </div>
 </body>
</html>
