2332 3854
776 236 931 277 LIBER
969 235 1046 275 111.
1092 235 1209 277 CAP.
1253 235 1495 277 cxxxvn.
2008 236 2107 292 501

815 427 1070 483 CAPUT
1114 427 1458 484 CXXXVII.

116 600 146 607 ,,
193 561 272 600 οε,
304 561 516 601 ERRORE
554 561 745 601 EORUM
786 562 883 608 QUI
923 563 1245 601 PERPETUAM
1285 559 1711 602 com-menum
1748 559 2092 600 IMPUGNANT.

148 686 171 711 ε
248 669 377 715 Sicut
409 679 562 715 autem
588 680 747 716 contra
771 672 1044 729 paupertatis
1076 671 1418 729 perfectionem,
1445 671 1505 715 ita
1533 679 1576 715 et
1610 679 1768 715 contra
1795 668 2102 714 continentiae

141 734 334 799 *bonum
360 737 546 796 quidam
572 738 770 796 perversi
792 752 951 782 sensus
969 738 1180 782 homines
1199 748 1301 782 sunt
1323 738 1478 791 locuti,
1501 751 1695 796 quorum
1722 735 1907 795 quidam
1934 736 2107 780 bonum

119 811 131 821 ’
161 803 470 848 continentiae
495 804 565 848 his
593 815 638 849 et
663 804 886 849 similibus
903 805 1152 849 rationibus
1172 804 1410 849 excludere
1438 803 1654 847 nituntur.
1681 802 1779 847 Viri
1797 802 1921 847 enim
1947 812 1992 847 et
2013 816 2108 846 mu-

161 867 284 914 lieris
315 871 579 928 conjunctio
613 871 667 915 ad
703 872 878 916 bonum
913 872 1077 931 speciei
1113 871 1358 916 ordinatur.
1397 871 1606 915 Divinius
1647 879 1800 914 autem
1836 879 1903 914 est
1936 869 2111 914 bonum

162 937 329 995 speciei
356 951 494 996 quam
526 938 700 982 bonum
731 938 964 983 individui.
998 939 1145 997 Magis
1179 953 1288 997 ergo
1316 948 1474 997 peceat
1505 938 1582 997 qui
1608 937 1800 982 omnino
1828 936 2021 981 abstinet
2052 936 2105 980 ab

164 1013 267 1048 actu
293 1017 385 1063 quo
412 1014 706 1050 conservatur
730 1006 919 1064 species,
947 1019 1084 1064 quam
1107 1014 1333 1064 peccaret,
1356 1005 1393 1048 si
1421 1004 1662 1048 abstineret
1685 1003 1737 1047 ab
1766 1012 1867 1047 actu
1896 1016 1986 1061 quo
2011 1016 2115 1046 con·

162 1079 364 1117 srvatur
394 1071 694 1126 individuum,
721 1073 838 1117 sicut
863 1082 968 1117 sunt
994 1072 1232 1126 comestio,
1260 1082 1303 1115 et
1329 1082 1475 1129 potus,
1504 1081 1548 1114 et
1575 1070 1663 1113 alia
1689 1069 1966 1127 hujusmodi.

247 1135 436 1191 §dhucz
470 1152 525 1183 ex
551 1138 702 1183 divina
729 1140 1012 1184 ordinatione
1038 1139 1200 1183 dantur
1231 1138 1410 1182 homini
1442 1139 1648 1181 membra
1682 1137 1736 1181 ad
1770 1136 2114 1194 generationem

162 1212 281 1260 apta,
308 1212 352 1248 et
372 1204 509 1248 etiam
530 1205 598 1250 vis
630 1205 993 1265 concupiscibilis
1021 1216 1064 1250 et
1088 1205 1297 1258 incitans,
1324 1215 1369 1249 et
1401 1204 1488 1248 alia
1513 1203 1777 1261 hujusmodi
1803 1203 1859 1247 ad
1885 1202 1975 1246 hoc
2002 1201 2120 1246 ordi-

161 1279 282 1314 nata.
307 1270 497 1316 Videtur
520 1272 657 1331 igitur
683 1283 840 1318 contra
866 1273 1067 1317 divinam
1089 1272 1425 1317 ordinationem
1456 1284 1591 1329 agere
1623 1270 1700 1329 qui
1721 1269 1912 1314 omnino
1936 1269 1989 1312 ab
2013 1278 2115 1312 actu

162 1336 468 1394 generationis
490 1338 696 1384 abstinet.

250 1403 389 1449 Item.
415 1405 453 1449 si
477 1405 649 1450 bonum
667 1416 735 1451 est
750 1407 871 1466 quod
889 1421 1004 1451 unus
1021 1406 1265 1459 contineat,
1292 1404 1455 1449 melius
1481 1413 1548 1448 est
1572 1404 1695 1462 quod
1722 1402 1868 1456 multi,
1891 1403 2117 1461 optimum

161 1479 315 1515 autem
340 1471 463 1530 quod
480 1486 654 1517 omnes.
682 1473 772 1518 Sed
791 1487 844 1518 ex
869 1473 960 1517 hoc
986 1472 1186 1531 sequitur
1211 1471 1332 1548 quod
1360 1485 1501 1529 genus
1527 1470 1781 1514 humanum
1799 1468 1992 1513 deficiat.
2009 1467 2117 1513 Non

158 1535 296 1595 igitur
326 1537 500 1582 bonurn
527 1549 594 1583 est
619 1539 741 1598 quod
775 1539 937 1598 aliquis
964 1540 1108 1583 homo
1136 1539 1326 1583 omnino
1350 1538 1596 1581 contineat.

249 1603 479 1663 Amplius:
504 1606 700 1660 castitas,
722 1607 838 1651 sicut
864 1616 908 1650 et
925 1606 1040 1650 aliae
1066 1607 1264 1659 virtutes,
1290 1605 1336 1648 in
1359 1603 1673 1647 mediocritate
1700 1603 1964 1647 consistunt.
1993 1602 2122 1647 Sicut

159 1668 297 1728 igitur
322 1680 480 1715 contra
504 1672 717 1716 virtutem
740 1673 835 1730 agit
855 1673 932 1732 qui
958 1673 1148 1716 omnino
1176 1670 1570 1730 concupiscentias
1597 1670 1859 1728 insequitur,
1893 1679 1938 1714 et
1961 1670 2122 1713 intem-

160 1745 343 1795 peratus
367 1746 447 1791 est,
472 1737 535 1782 ita
561 1749 718 1783 contra
744 1739 953 1784 virtutem
982 1739 1074 1797 agit
1106 1739 1183 1797 qui
1208 1738 1399 1782 omnino
1434 1736 1814 1795 concupiscentiis
1842 1735 2047 1790 abstinet,
2074 1745 2117 1779 et

158 1801 431 1847 insensibilis
465 1815 545 1849 est.

248 1869 507 1916 Praeterea:
530 1885 624 1916 non
646 1882 711 1916 est
737 1871 950 1930 possibile
970 1872 1077 1932 quin
1098 1873 1144 1916 in
1171 1871 1360 1916 homine
1389 1870 1787 1929 concupiscentiae
1814 1884 2116 1915 venereorum

162 1934 339 1995 aliquae
372 1938 588 1992 oriantur,
621 1952 726 1982 cum
753 1938 979 1983 naturales
1010 1940 1111 1984 sint.
1139 1938 1366 1983 Resistere
1400 1948 1551 1981 autem
1579 1937 1770 1981 omnino
1798 1937 2121 1996 concupiscen-

159 2003 248 2057 tiis,
280 2014 325 2048 et
348 2006 477 2063 quasi
502 2005 766 2049 continuam
792 2020 993 2064 pugnam
1015 2006 1195 2060 habere,
1224 2007 1447 2062 majorem
1474 2003 1836 2062 inquietudinem
1863 2004 2018 2047 animo
2042 2003 2117 2048 tri·

159 2069 271 2124 buit,
296 2085 434 2129 quam
459 2071 497 2115 si
530 2071 691 2130 aliquis
717 2073 949 2116 moderate
982 2072 1361 2131 concupiscentiis
1393 2081 1605 2115 uteretur.
1635 2070 1757 2114 Cum
1783 2070 1918 2129 igitur
1950 2070 2121 2129 inquie-

161 2136 271 2181 tudo
298 2137 438 2184 animi
463 2138 661 2182 maxime
686 2138 953 2196 perfectioni
984 2139 1159 2183 virtutis
1185 2148 1420 2198 repugnat,
1447 2138 1625 2181 videtur
1650 2136 1918 2196 perfectioni
1941 2136 2118 2182 virtutis

164 2201 390 2247 adversari
422 2204 544 2263 quod
577 2204 738 2263 aliquis
764 2217 1029 2264 perpetuam
1062 2205 1387 2250 continentiam
1422 2213 1583 2248 servet.

250 2268 377 2315 Haec
401 2269 538 2328 igitur
560 2281 718 2316 contra
743 2281 1008 2330 perpetuam
1036 2272 1364 2316 continentiam
1389 2270 1526 2328 objici
1548 2269 1771 2323 videntur,
1797 2269 1958 2328 quibus
1980 2271 2119 2314 etiam

161 2335 346 2395 adjungi
371 2346 520 2395 potest
544 2347 837 2396 praeceptum
862 2338 1068 2392 Domini,
1101 2338 1223 2397 quod
1255 2338 1413 2396 primis
1445 2336 1704 2395 parentibus
1726 2335 1892 2394 legitur
1917 2350 2016 2381 esse
2048 2335 2123 2380 da-

159 2411 258 2448 tum
284 2402 424 2460 (Gen.
450 2403 486 2449 I.
510 2404 580 2448 28.
607 2414 651 2449 et
675 2405 754 2448 IX.
778 2405 862 2462 7.):
892 2405 1069 2450 Crescite
1094 2411 1130 2450 et
1156 2404 1514 2464 multiplicamini,
1550 2410 1587 2448 et
1620 2404 1765 2462 replete
1788 2409 1973 2456 terram‚·
1997 2403 2121 2462 quod

159 2483 255 2514 non
281 2479 348 2514 est
371 2481 615 2526 remotum,
637 2471 715 2515 sed
742 2471 889 2530 magis
915 2472 1091 2516 videtur
1118 2486 1216 2516 esse
1245 2485 1270 2514 a
1296 2470 1501 2514 Domino
1527 2470 1574 2513 in
1601 2469 1852 2528 Evangelio
1882 2469 2122 2514 confirma-

160 2545 260 2582 tum
293 2536 474 2594 (Matth.
505 2537 628 2582 XIX.
661 2536 740 2594 6.),
781 2537 856 2581 ubi
888 2538 1071 2583 dicitur:
1107 2538 1232 2594 Quod
1262 2539 1378 2582 Deus
1410 2538 1641 2595 conjunxit,
1681 2537 1800 2580 homo
1834 2551 1916 2580 non
1945 2543 2119 2596 separet,

161 2601 219 2647 de
245 2603 566 2661 conjunctione
587 2604 868 2648 matrImonii
889 2603 1096 2663 loquens.
1116 2604 1292 2649 Contra
1313 2604 1404 2648 hoc
1423 2613 1575 2647 autem
1593 2613 1887 2661 praeceptum
1910 2616 2120 2661 expresse

161 2667 335 2715 faciunt
359 2670 436 2729 qui
461 2680 726 2728 perpetuam
753 2670 1082 2715 continentiam
1109 2681 1303 2716 servant.
1322 2669 1539 2714 Videtur'
1528 2669 1665 2728 igitur
1683 2683 1780 2713 esse
1798 2668 2008 2713 illicitum
2024 2683 2120 2727 per·

162 2722 346 2795 pefflam
372 2737 699 2781 continentiam
722 2751 918 2782 servare.

252 2801 355 2847 Hoc
383 2812 534 2847 autem
560 2818 651 2847 non
685 2803 867 2847 difficile
899 2813 967 2847 est
997 2803 1174 2847 solvere
1206 2803 1457 2848 secundum
1491 2816 1544 2846 ea
1576 2815 1691 2860 quae
1718 2802 1967 2860 praemissa
1998 2812 2116 2847 sunt.

166 2864 561 2913 Considerandum
593 2879 660 2914 est
685 2872 822 2923 enim,
848 2870 969 2928 quod
997 2869 1085 2914 alia
1117 2870 1232 2914 ratio
1259 2879 1327 2914 est
1350 2868 1560 2913 habenda
1586 2869 1631 2911 in
1653 2867 1724 2911 his
1751 2883 1867 2927 quae
1891 2868 1945 2912 ad
1967 2882 2123 2913 neces-

164 2934 343 2980 sitatem
370 2936 721 2994 uniuscujusque
746 2936 948 2980 hominis
975 2937 1213 2995 pertinent,
1241 2946 1374 2995 atque
1402 2935 1489 2978 alia
1520 2935 1566 2978 in
1591 2934 1663 2979 his
1689 2948 1804 2992 quae
1822 2937 2045 2992 pertinent
2062 2936 2118 2979 ad

163 3001 462 3047 multitudinis
486 3003 817 3047 necessitatem.
850 3003 901 3046 In
937 3003 1008 3047 his
1041 3004 1177 3047 enim
1198 3017 1313 3062 quae
1346 3003 1401 3046 ad
1434 3002 1788 3061 uniuscujusque
1819 3002 2021 3047 hominis
2046 3015 2120 3046 ne-

165 3068 421 3113 cessitatem
456 3069 694 3128 pertinent,
727 3079 906 3129 oportet
945 3070 1066 3129 quod
1106 3069 1289 3114 cuilibet
1324 3070 1634 3128 provideatur:
1668 3069 1930 3127 hujusmodi
1964 3079 2116 3113 autem

162 3144 266 3179 sunt
291 3134 430 3189 cibus,
452 3145 496 3180 et
520 3145 669 3193 potus,
696 3145 740 3180 et
761 3135 849 3180 alia
871 3150 986 3195 quae
1014 3136 1068 3180 ad
1087 3136 1463 3180 sustentationem
1490 3135 1708 3179 individui
1735 3137 1976 3194 pertinent:
1995 3135 2114 3179 unde

161 3202 468 3246 necessarium
495 3213 562 3247 est
586 3203 707 3262 quod
735 3201 922 3262 quilibet
953 3204 1055 3247 cibo
1083 3214 1126 3247 et
1151 3214 1261 3261 potu
1285 3213 1446 3247 utatur.
1474 3203 1525 3245 In
1548 3202 1618 3245 his
1637 3213 1797 3245 ,autem
1825 3216 1940 3261 quae
1966 3215 2119 3246 neces-

162 3268 279 3312 saria
305 3279 407 3313 sunt
432 3269 723 3323 multitudini,
750 3283 843 3314 non
870 3279 1049 3328 oportet
1074 3270 1194 3329 quod
1228 3270 1411 3314 cuilibet
1437 3270 1491 3313 de
1520 3267 1805 3312 multitudine
1839 3268 2117 3321 attribuatur,

162 3340 310 3394 neque
336 3335 474 3380 etiam
501 3347 567 3380 est
592 3336 818 3394 possibile.
845 3336 976 3380 Patet
1002 3337 1123 3380 enim
1151 3336 1294 3380 multa
1321 3350 1418 3381 esse
1450 3335 1704 3380 necessaria
1737 3334 2014 3379 multitudini
2039 3335 2119 3379 ho-

164 3401 356 3455 minum,
383 3412 431 3446 ut
456 3402 593 3458 cibus,
626 3413 772 3462 potus,
804 3403 1146 3456 vestimentum,
1171 3404 1349 3458 domus,
1374 3412 1417 3447 et
1451 3402 1538 3446 alia
1574 3402 1850 3460 hujusmodi,
1888 3415 2002 3460 quae
2038 3401 2119 3445 im·

164 3467 377 3526 possibile
404 3478 471 3512 est
496 3470 617 3527 quod
644 3483 723 3528 per
754 3483 895 3514 unum
927 3480 1238 3528 procurentur,
1275 3479 1319 3513 et
1354 3470 1456 3513 ideo
1493 3479 1674 3527 oportet
1703 3468 1986 3511 diversorum
2019 3481 2118 3511 esse

165 3534 343 3579 diversa
369 3533 533 3590 officia,
560 3536 675 3581 sicut
701 3536 839 3581 etiam
863 3535 910 3580 in
938 3550 1130 3595 corpore
1158 3537 1334 3580 diversa
1362 3535 1567 3579 membra
1594 3535 1649 3578 ad
1672 3534 1875 3578 diversos
1902 3543 2028 3578 actus
2051 3547 2119 3578 or-

168 3600 388 3646 dinantur.
417 3600 540 3654 Quia
567 3616 676 3661 ergo
698 3603 932 3662 generatio
953 3616 1047 3647 non
1069 3612 1135 3648 est
1156 3602 1211 3646 de
1234 3601 1502 3647 necessitate
1529 3601 1761 3656 individui,
1788 3600 1866 3645 sed
1890 3600 1945 3645 de
1966 3613 2121 3646 neces·
