2332 3854
285 219 392 272 208
970 232 1125 270 LIBER
1163 232 1218 269 11.
1261 232 1380 269 cAP.
1422 231 1552 270 Lx11.

284 334 544 395 principalis
571 345 723 378 autem
752 348 888 378 causa
917 342 982 377 est
1010 334 1177 387 anima,
1206 332 1261 376 ad
1289 347 1428 392 quam
1463 344 1754 393 comparatur
1781 322 1907 379 calor
1934 335 2052 381 sicut
2082 337 2242 398 instru-

284 412 490 446 mentum
519 401 573 445 ad
602 401 834 445 artificem.
861 401 968 444 Non
990 400 1127 458 igitur
1153 409 1305 457 potest
1331 400 1485 444 anima
1515 401 1781 459 vegetabilis
1807 402 1999 460 produci
2024 417 2079 446 ex
2112 417 2235 455 com·

285 470 505 514 mixtione
533 468 889 520 elementorum;
918 466 1064 510 multo
1090 466 1228 525 igitur
1254 466 1404 510 minus
1431 481 1588 512 sensus
1616 478 1660 511 et
1685 467 1941 512 intellectus
1973 462 2215 528 possibilis.

373 537 511 579 Item:
546 534 797 592 intelligere
825 543 891 576 est
913 532 1138 592 quaedam
1167 533 1371 592 operatio
1398 533 1444 577 in
1471 549 1560 593 qua
1585 533 1866 609 impossibile
1893 544 1960 581 est
1986 537 2240 587 communi-

287 617 390 647 care
418 602 600 661 aliquod
637 615 860 658 organum
885 613 1173 658 corporeum.
1203 599 1328 644 Haec
1362 611 1515 644 autem
1542 601 1748 660 operatio
1778 601 2030 648 attribuitur
2063 603 2242 648 animae

285 669 359 714 vel
386 670 522 713 etiam
549 668 748 720 homini;
777 667 938 710 dicitur
965 666 1088 709 enim
1111 666 1232 744 quod
1255 666 1409 710 anima
1423 667 1638 726 intelligit
1662 666 1736 711 vel
1751 667 1898 712 homo
1924 683 2009 728 per
2025 671 2242 727 animam.

289 737 486 794 Oportet
512 735 648 793 igitur
675 733 858 792 aliquod
886 732 1161 792 principium
1183 734 1230 776 in
1254 733 1445 778 homine
1469 748 1566 778 esse
1586 749 1611 778 a
1630 748 1822 792 corpore
1849 749 1943 780 non
1970 735 2244 798 dependens,

287 804 407 862 quod
435 804 490 846 sit
516 801 788 860 principium
807 799 908 843 talis
936 800 1227 858 operationis.
1245 799 1538 860 Praeparatio
1567 811 1718 846 autem
1742 815 1936 861 sequens
1963 803 2248 854 commixtio-

288 884 394 913 nem
436 869 769 912 elementorum
812 881 836 909 a
879 880 1072 925 corpore
1109 866 1335 925 dependet
1366 867 1618 911 manifeste.
1657 865 1765 911 Non
1798 877 1864 912 est
1898 869 2035 928 igitur
2059 884 2249 930 praepa-

288 936 404 979 ratio
431 935 520 979 tale
553 933 825 993 principium
854 932 987 991 quale
1019 932 1276 977 intellectus
1306 933 1556 991 possibilis:
1597 934 1707 978 dicit
1742 935 1864 979 enim
1901 935 2173 982 Aristoteles
2198 937 2246 980 in

287 1003 420 1046 tertio
447 1003 519 1045 De
544 1001 695 1044 anima
724 1001 774 1057 (t.
804 1014 842 1044 c.
875 1000 948 1057 5.),
972 1000 1094 1058 quod
1121 999 1381 1044 intellectus
1409 1000 1638 1058 possibilis
1665 1011 1734 1045 est
1752 1016 1842 1061 quo
1861 1002 2014 1050 anima
2037 1003 2248 1063 opinatur

289 1079 333 1112 et
358 1068 580 1125 intelligit.
604 1067 711 1111 Non
731 1077 797 1111 est
814 1067 951 1126 igitur
973 1066 1230 1111 intellectus
1249 1067 1477 1125 possibilis
1503 1068 1804 1127 praeparatio.
1830 1069 1879 1114 Si
1898 1080 2051 1115 autem
2073 1071 2247 1118 dicatur

288 1136 411 1194 quod
437 1135 710 1193 principium
738 1134 994 1193 praedictae
1018 1134 1296 1191 operationis
1320 1134 1368 1177 in
1385 1135 1517 1178 nobis
1536 1145 1603 1179 est
1620 1135 1792 1193 species
1811 1135 2108 1196 intelligibilis
2129 1137 2249 1188 facta

287 1204 333 1246 in
361 1211 464 1245 actu
491 1202 544 1245 ab
572 1201 805 1245 intellectu
834 1211 1011 1258 agente,
1038 1201 1129 1244 hoc
1156 1215 1249 1244 non
1277 1201 1454 1244 videtur
1479 1200 1701 1255 sufficere,
1726 1202 1831 1261 quia
1857 1218 2000 1262 quum
2019 1204 2166 1257 homo
2193 1205 2249 1249 de

288 1270 492 1329 potentia
524 1267 807 1325 intelligente
830 1267 908 1310 fiat
935 1277 1037 1311 actu
1063 1266 1339 1326 intelligens,
1368 1277 1551 1326 oportet
1577 1269 1699 1326 quod
1726 1283 1820 1313 non
1847 1268 2000 1319 solum
2025 1269 2252 1330 intelligat

289 1351 370 1395 per
396 1336 597 1394 speciem
624 1333 959 1392 intelligibilem
986 1349 1067 1392 per
1094 1348 1232 1393 quam
1254 1333 1305 1377 fit
1331 1344 1434 1378 actu
1458 1333 1731 1393 intelligenS,
1751 1335 1829 1380 sed
1855 1349 1936 1395 per
1958 1337 2159 1398 aliquam
2175 1351 2253 1396 po-

287 1403 476 1447 tentiam
504 1401 833 1446 intellectivam
866 1415 982 1459 quae
1009 1401 1066 1445 sit
1092 1401 1350 1460 praedictae
1375 1402 1654 1459 operationis
1681 1402 1972 1461 principium,
1994 1403 2111 1448 sicut
2135 1414 2180 1453 et
2203 1404 2251 1448 in

215 1493 217 1495 >
290 1485 424 1514 sensu
453 1469 630 1514 accidit.
659 1468 786 1512 Haec
815 1478 968 1512 autem
994 1467 1198 1526 potentia
1226 1468 1279 1511 ab
1315 1468 1564 1512 Aristotele
1591 1469 1775 1527 ponitur
1802 1470 1958 1528 (tertio
1984 1470 2056 1517 De
2083 1470 2252 1525 anima,

289 1548 319 1582 t.
348 1552 384 1581 c.
418 1550 452 1594 ς.
458 1538 492 1594 ),
520 1535 776 1580 intellectus
803 1534 1044 1594 possibilis.
1072 1534 1336 1579 Intellectus
1363 1534 1501 1594 igitur
1522 1534 1750 1594 possibilis
1777 1545 1845 1581 est
1868 1550 1965 1581 non
1990 1535 2252 1597 dependens

292 1619 317 1648 a
344 1619 552 1663 corpore.

378 1673 633 1726 Praeterea,
661 1670 835 1728 species
861 1683 956 1713 non
984 1678 1051 1714 est
1076 1668 1373 1728 intelligibilis
1402 1678 1520 1723 actu,
1547 1669 1642 1714 nisi
1660 1670 1913 1717 secundum
1939 1671 2062 1731 quod
2090 1681 2160 1722 est
2179 1670 2252 1718 de-

291 1748 449 1798 purata
478 1738 531 1781 ab
560 1751 658 1782 esse
685 1735 925 1781 materiali.
950 1736 1052 1780 Hoc
1073 1746 1225 1780 autem
1243 1750 1337 1780 non
1356 1747 1506 1794 potest
1526 1736 1735 1781 accidere
1753 1737 1863 1782 dum
1880 1737 2042 1782 fuerit
2031 1752 2077 1783 m
2100 1731 2253 1802 aliqua

290 1805 493 1866 potentia
519 1803 761 1857 materiali,
789 1817 904 1862 quae
937 1802 1114 1847 scilicet
1140 1804 1197 1846 sit
1238 1813 1424 1847 causata
1463 1818 1516 1847 ex
1554 1803 1784 1879 principiis
1817 1804 2144 1859 materialibus,
2175 1804 2250 1849 vel

293 1886 409 1932 quae
435 1872 492 1916 sit
520 1881 646 1915 actus
673 1869 921 1914 materialis
950 1870 1125 1928 organi.
1156 1870 1354 1929 Oportet
1378 1870 1515 1928 igitur
1541 1871 1651 1929 poni
1684 1869 1883 1930 aliquam
1910 1871 2164 1930 potentiam
2190 1871 2254 1915 in-

292 1938 607 1983 tellectivam'
596 1953 643 1981 111
669 1937 800 1981 nobis
826 1936 1194 1992 immaterialem,
1219 1951 1334 1995 quae
1363 1948 1429 1981 est
1455 1936 1714 1982 intellectus
1739 1938 1982 1997 possibilis.

381 2005 572 2050 Adhuc:
600 2004 857 2049 intellectus
890 2003 1118 2063 possibilis
1147 2004 1216 2047 ab
1228 2003 1477 2048 Aristotele
1506 2004 1660 2063 (tertio
1689 2004 1759 2048 De
1787 2004 1955 2060 anima,
1970 2014 2011 2050 t.
2040 2019 2079 2052 c.
2111 2005 2170 2063 1.)
2193 1975 2255 2049 di-

293 2073 408 2117 citur
433 2086 535 2131 pars
563 2071 758 2115 animae.
785 2070 953 2114 Anima
982 2081 1134 2115 autem
1156 2084 1251 2114 non
1270 2080 1338 2114 est
1363 2071 1668 2129 praeparatio,
1688 2071 1766 2115 sed
1785 2080 1935 2127 actus,
1961 2071 2248 2131 praeparatio

293 2140 415 2184 enim
443 2149 510 2183 est
536 2139 650 2183 ordo
683 2138 914 2198 potentiae
943 2138 998 2181 ad
1026 2147 1204 2192 actum;
1238 2138 1442 2196 sequitur
1473 2147 1628 2181 tamen
1663 2137 1718 2182 ad
1755 2147 1909 2193 actum
1941 2136 2094 2198 aliqua
2129 2153 2255 2198 prae·

293 2207 469 2266 paratio
498 2206 552 2249 ad
576 2205 841 2258 ulteriorem
870 2215 1037 2259 actum,
1064 2204 1189 2249 sicut*
1203 2205 1258 2248 ad
1277 2215 1431 2248 actum
1459 2204 1810 2262 diaphaneitatis
1832 2204 2035 2266 sequitur
2060 2203 2174 2253 ordo
2197 2204 2254 2256 ad

295 2284 449 2318 actum
475 2272 603 2319 lucis.
629 2271 893 2317 Intellectus
919 2272 1058 2331 igitur
1089 2270 1316 2331 possibilis
1348 2285 1442 2316 non
1470 2280 1538 2315 est
1563 2272 1659 2330 ipsa
1691 2271 1994 2332 praeparatio,
2020 2270 2101 2325 sed
2127 2282 2254 2324 actus

295 2340 495 2400 quidam.

383 2406 620 2464 Amplius:
647 2406 794 2450 homo
829 2405 1124 2464 consequitur
1158 2405 1359 2463 speciem
1396 2413 1440 2449 et
1474 2414 1684 2449 naturam
1711 2405 1968 2455 humanam
1998 2405 2254 2458 secundum

295 2484 470 2534 partem
499 2474 678 2517 animae
711 2472 795 2517 sibi
821 2472 1068 2548 propriam,
1096 2486 1211 2531 quae
1245 2472 1428 2531 quidem
1463 2482 1530 2516 est
1564 2471 1821 2517 intellectus
1858 2472 2100 2550 possibilis.
2126 2472 2254 2523 Nihil

297 2550 449 2584 autem
479 2540 771 2599 consequitur
797 2539 999 2598 speciem
1027 2549 1071 2583 et
1095 2548 1305 2583 naturam
1338 2540 1590 2583 secundum
1618 2540 1738 2598 quod
1767 2550 1834 2584 est
1858 2539 1905 2584 in
1928 2540 2147 2601 potentia,
2173 2540 2253 2588 sed

297 2607 549 2652 secundum
576 2609 698 2666 quod
726 2616 792 2650 est
820 2615 937 2650 actu.
968 2605 1128 2658 Quum
1154 2606 1290 2664 igitur
1316 2606 1602 2665 praeparatio
1629 2605 1744 2650 nihil
1762 2606 1819 2651 sit
1836 2605 1957 2653 aliud
1979 2620 2118 2666 quam
2138 2605 2255 2652 ordo

296 2675 528 2734 potentiae
553 2674 608 2718 ad
642 2684 808 2727 actum,
835 2673 1117 2732 impossibile
1145 2682 1212 2717 est
1238 2673 1360 2732 quod
1386 2672 1643 2717 intellectus
1669 2672 1897 2732 possibilis
1921 2687 2018 2720 non
2043 2674 2103 2729 sit
2131 2664 2255 2726 aliud

297 2756 435 2802 quam
462 2741 748 2802 praeparatio
777 2739 1003 2800 quaedam
1035 2740 1081 2783 in
1107 2749 1268 2784 natura
1293 2739 1495 2784 humana
1523 2739 1753 2792 exsistens.

1031 2940 1286 2997 CAPUT
1328 2941 1533 2997 LXIII.

411 3085 570 3134 QUOD
612 3084 786 3124 ANIMA
825 3084 942 3124 NON
983 3084 1067 3122 SIT
1092 3060 1454 3135 ¹COMPLEXIO,
1495 3085 1569 3123 UT
1610 3084 1812 3124 POSUIT
1854 3083 2124 3128 GALENUS.

388 3209 654 3254 Praedictae
682 3218 835 3253 autem
861 3208 1069 3267 opinioni
1095 3208 1344 3253 Alexandri
1363 3208 1418 3253 de
1435 3207 1669 3253 intellectu
1691 3208 1898 3269 possibili
1913 3208 2168 3275 propinqua
2190 3220 2258 3256 est

303 3277 468 3322 Galeni
495 3277 661 3321 medici
688 3277 742 3320 de
771 3276 948 3331 anima3
983 3276 1092 3319 dicit
1118 3275 1240 3320 enim
1275 3275 1478 3320 animam
1511 3290 1608 3321 esse
1642 3275 2028 3336 complexionem·
2059 3274 2134 3322 Ad
2165 3275 2257 3323 hoc

303 3355 456 3389 autem
474 3344 718 3389 dicendum
743 3356 894 3388 motus
914 3354 981 3388 est
997 3358 1076 3403 per
1093 3343 1199 3397 hoc,
1219 3343 1341 3402 quod
1360 3343 1566 3388 videmus
1585 3357 1639 3388 ex
1660 3342 1848 3389 diversis
1865 3339 2261 3407 complexionibus

303 3412 480 3455 causari
505 3412 551 3455 in
578 3411 710 3456 nobis
738 3411 938 3455 diversas
965 3410 1199 3470 passiones
1223 3424 1338 3469 quae
1359 3410 1660 3454 attribuuntur
1682 3409 1887 3466 animae;
1895 3402 2113 3470 aliquam
2135 3410 2260 3459 enim

304 3478 672 3537 complexionem
698 3478 933 3532 habentes,
961 3487 1009 3521 ut
1036 3476 1332 3531 cholericam,
1367 3476 1421 3520 de
1459 3475 1582 3520 facili
1618 3477 1896 3532 irascuntur;
1931 3473 2259 3527 melancholici

303 3559 412 3589 vero
441 3546 495 3589 de
521 3545 644 3589 facili
669 3545 912 3589 tristantur.
942 3544 1075 3588 Unde
1103 3553 1147 3588 et
1171 3558 1251 3621 per
1269 3543 1452 3589 casdem
1480 3544 1681 3590 rationes
1697 3543 1813 3591 haec
1836 3542 2003 3610 opinio
2013 3538 2263 3605 Improbari

306 3622 469 3672 potest,
497 3627 577 3673 per
604 3627 715 3672 quas
742 3612 998 3671 improbata
1026 3621 1093 3657 est
1119 3611 1274 3672 opinio
1302 3610 1567 3666 Alexandri,
1596 3621 1640 3656 et
1665 3625 1744 3671 per
1763 3608 1941 3673 aliquas
1965 3609 2184 3672 proprias.

2306 3820 2332 3854 ’,ἐξ
