2332 3854
772 238 927 278 LIBER
965 238 1021 278 11.
1062 238 1180 279 CAP.
1223 238 1409 277 LXXIX.
1961 238 2063 295 241

8 326 41 393 ,,
114 343 262 402 rumpi
286 357 339 397 »3
366 340 488 401 quod
515 332 668 385 autem
689 340 780 384 hoc
806 355 900 385 non
927 341 1070 400 possit
1099 339 1294 400 intelligi
1325 340 1380 384 de
1413 338 1565 399 aliqua
1590 328 1838 385 substantia
1863 349 2070 399 separata

113 421 230 469 quae
255 409 313 454 sit
336 407 590 453 intellectus
616 406 841 465 possibilis
863 407 937 452 vel
963 422 1117 466 agens,
1140 422 1194 452 ex
1220 406 1478 467 praemissis
1500 406 1657 451 haberi
1683 416 1846 465 potest.

200 475 466 520 Praeterea:
493 483 680 532 apparet
705 487 761 517 ex
790 473 900 532 ipsis
932 474 1080 519 verbis
1111 474 1388 527 Aristotelis,
1420 472 1602 518 decimo
1634 473 1782 532 primo
1814 472 2071 532 Metaphys.

34 553 37 555 ’
112 543 166 601 (t.
182 556 220 587 c.
249 540 353 599 16.),
371 541 448 585 ubi
464 540 587 594 dicit,
605 549 764 583 contra
786 539 1027 584 Platonem
1045 540 1251 600 loquens,
1267 539 1390 600 quod
1409 553 1573 584 causae
1596 549 1834 584 moventes
1851 539 2073 598 praeexsi-

24 611 27 618 '
111 619 250 665 stunt,
271 622 436 653 causae
451 620 562 652 vero
578 605 794 651 formales
812 616 916 650 sunt
933 606 1069 650 simul
1086 621 1191 652 cum
1208 607 1280 652 his
1304 621 1498 666 quorum
1516 616 1621 651 sunt
1638 620 1825 662 causae;
1849 622 1872 647 «
1890 606 2074 666 quando

113 675 236 721 enim
262 685 447 719 sanatur
470 675 631 727 homo,
656 683 763 717 tunc
791 673 959 717 sanitas
991 683 1059 718 est
1085 691 1126 727 »,
1150 685 1194 718 et
1218 688 1312 718 non
1334 674 1477 732 prius;
1505 684 1665 718 contra
1685 673 1776 717 hoc
1799 674 1923 732 quod
1940 673 2073 717 Plato

111 742 264 802 posuit
297 740 470 786 formas
505 755 657 785 rerum
693 740 1017 799 praeexsistere
1055 740 1201 784 rebus.
1237 740 1294 784 Et
1328 741 1399 785 his
1433 740 1562 785 dictis
1594 739 1892 798 postmodum
1924 740 2074 783 subdit

113 810 165 866 (t.
189 824 227 853 c.
258 810 368 866 17.):
399 824 423 850 t<
457 807 506 851 Si
539 816 690 850 autem
723 806 947 864 posterius
982 805 1150 865 aliquid
1183 817 1338 852 manet
1370 806 1747 866 perscrutandum
1780 816 1871 861 est;
1903 807 1950 850 in
1981 807 2074 866 qui-

109 875 302 920 busdam
329 874 451 918 enim
477 872 591 917 nihil
611 873 822 931 prohibet
838 882 899 926 ut,
922 874 957 916 si
977 883 1044 916 est
1062 875 1212 917 anima
1230 873 1334 926 tale,
1353 887 1447 917 non
1465 875 1631 927 omnis,
1654 873 1732 918 sed
1754 872 2012 918 intellectus
2029 890 2070 917 ».

111 941 179 986 Ex
199 955 291 1000 quo
313 950 450 999 patet,
472 953 612 998 quum
639 938 850 997 loquatur
873 940 927 983 de
954 938 1127 992 formis,
1151 940 1272 997 quod
1300 939 1395 983 vult
1416 939 1714 994 intellectum,
1736 940 1814 999 qui
1836 950 1905 984 est
1923 939 2075 984 forma

110 1008 327 1061 hominis,
353 1017 457 1063 post
482 1007 722 1050 materiam
747 1020 1000 1060 remanere,
1027 1006 1201 1050 scilicet
1227 1016 1330 1065 post
1356 1021 1537 1065 corpus.
1564 1007 1694 1051 Patet
1712 1016 1864 1052 autem
1881 1020 1934 1051 ex
1952 1020 2076 1066 prae·

60 1122 65 1129 ,
110 1075 261 1120 missis
285 1074 434 1118 verbis
460 1072 719 1117 Aristotelis
748 1072 885 1131 quod,
912 1072 1019 1116 licet
1044 1083 1186 1130 ponat
1212 1074 1414 1116 animam
1438 1087 1535 1118 esse
1558 1073 1773 1128 formam,
1798 1087 1892 1117 non
1919 1084 2073 1118 tamen

110 1141 240 1201 ponit
249 1154 352 1185 eam
373 1154 468 1184 non
486 1139 821 1192 subsistentem,
844 1149 887 1183 et
905 1154 985 1198 per
1002 1153 1286 1198 consequens
1307 1139 1662 1199 corruptibilem,
1685 1139 1801 1184 sicut
1822 1139 2074 1198 Gregorius

107 1208 345 1268 Nyssenus
371 1206 595 1264 (secundo
628 1207 700 1250 De
733 1205 898 1264 philos.
933 1221 971 1250 c.
1009 1220 1044 1264 5.
1079 1216 1123 1251 et
1154 1204 1218 1266 6.)
1251 1207 1292 1251 ei
1322 1207 1544 1266 imponit;
1577 1221 1686 1250 nam
1719 1221 1744 1250 a
1778 1206 2073 1266 generalitate

111 1274 302 1320 aliarum
327 1273 579 1319 formarum
605 1273 808 1317 animam
839 1273 1168 1318 intellectivam
1201 1273 1415 1329 excludit,
1449 1274 1604 1318 dicens
1638 1288 1742 1318 earn
1773 1284 1878 1333 post
1909 1287 2074 1333 corpus

109 1352 347 1386 remanere
374 1350 419 1385 et
444 1341 741 1385 substantiam
767 1340 1015 1399 quamdam
1042 1355 1154 1385 esse.

197 1407 465 1452 Praemissis
492 1417 645 1451 autem
670 1407 893 1451 sententia
919 1407 1174 1452 catholicae
1195 1407 1300 1451 fidei
1326 1406 1600 1461 concordat;
1628 1407 1789 1451 dicitur
1816 1407 1939 1451 enim
1970 1407 2065 1466 (De

27 1515 31 1519 .
110 1474 274 1520 eccles.
301 1475 504 1533 dogmat.
531 1488 570 1518 c.
593 1473 701 1530 16.):
726 1490 750 1515 «
768 1473 931 1517 Solum
948 1474 1186 1518 hominem
1206 1474 1432 1518 credimus
1454 1473 1623 1518 habere
1646 1476 1850 1518 animam
1872 1473 2074 1518 substan-

18 1547 30 1580 ἒ
106 1542 265 1596 tivam,
290 1555 406 1601 quae
426 1551 557 1586 exuta
576 1555 770 1599 corpore
796 1541 921 1594 vivit,
947 1550 991 1585 et
1017 1554 1175 1585 sensus
1201 1555 1308 1584 suos
1335 1550 1469 1599 atque
1486 1541 1671 1599 ingenia
1695 1540 1913 1584 vivaciter
1933 1549 2071 1585 tenet.

18 1609 30 1658 ζ
106 1609 268 1668 Neque
301 1622 408 1652 cum
434 1621 625 1666 corpore
658 1607 864 1661 moritur,
891 1607 1007 1651 sicut
1032 1607 1180 1651 Arabs
1208 1607 1377 1661 asserit,
1415 1621 1563 1665 neque
1600 1616 1704 1665 post
1735 1606 1975 1651 modicum
2005 1608 2072 1651 in-

27 1675 29 1678 ⁴
104 1674 367 1728 tervallum,
393 1675 511 1718 sicut
536 1674 691 1718 Zenon
718 1674 841 1728 dicit,
863 1674 969 1732 quia
995 1673 1347 1717 substantialiter
1378 1673 1490 1717 vivit
1517 1690 1556 1716 ».

195 1742 283 1786 Per
311 1741 403 1785 hoc
431 1751 584 1785 autem
617 1740 867 1784 excluditur
899 1754 1025 1784 error
1055 1740 1320 1799 impiorum,
1354 1754 1408 1784 ex
1445 1754 1638 1801 quorum
1666 1753 1864 1798 persona
1901 1739 2064 1785 dicitur

31 1814 33 1820 “
106 1808 236 1868 (Sap.
262 1808 322 1853 11.
348 1808 435 1866 2.):
457 1808 526 1852 Ex
549 1807 679 1851 nihilo
697 1809 787 1851 nati
807 1822 961 1862 sumus,
988 1813 1024 1851 et
1048 1813 1144 1866 post
1169 1807 1243 1852 hoc
1269 1809 1423 1852 erimus
1449 1814 1647 1865 tanquam
1679 1821 1763 1851 non
1779 1807 2007 1866 fuerimus,
2026 1817 2071 1852 et

25 1896 31 1909 <
106 1888 162 1920 ex
188 1889 385 1935 quorum
407 1886 603 1934 persona
626 1874 734 1918 dicit
761 1873 984 1918 Salomon
1013 1873 1175 1930 (Eccli.
1194 1874 1270 1918 III.
1303 1873 1415 1933 19.):
1452 1875 1567 1918 Unus
1592 1875 1781 1918 interitus
1805 1880 1861 1919 est
1887 1874 2066 1919 hominis

108 1948 147 1988 et
164 1945 465 2001 iumentorum,
491 1948 530 1986 et
555 1955 686 1999 aequa
718 1943 929 1999 utriusque
966 1941 1174 1993 conditio;
1200 1943 1308 1985 sicut
1337 1943 1519 1985 moritur
1550 1941 1687 1994 homo,
1720 1938 1847 1986 sic'et
1873 1941 1947 1986 illa
1978 1955 2067 1985 mo-

110 2011 309 2059 riuntur,·
333 2009 529 2053 similiter
552 2010 713 2067 spirant
744 2009 886 2051 omnia
913 2014 950 2052 et
965 2008 1070 2051 nihil
1088 2008 1206 2052 habet
1232 2008 1351 2052 homo
1364 2010 1553 2066 jumento
1572 2008 1774 2066 amplius;
1803 2008 1925 2066 quod
1945 2007 2069 2051 enim

106 2088 202 2120 non
234 2089 288 2120 ex
314 2088 510 2134 persona
541 2088 637 2128 sua,
663 2074 743 2118 sed
774 2074 1022 2132 impiorum
1055 2074 1189 2127 dicat,
1221 2084 1344 2132 patet
1375 2089 1453 2133 per
1486 2075 1576 2118 hoc
1610 2074 1732 2132 quod
1759 2074 1805 2117 in
1831 2074 1921 2118 fine
1953 2073 2069 2127 libri,

108 2142 237 2202 quasi
253 2141 859 2199 determinando,subjungit
871 2140 1032 2198 (Eccli.
1046 2141 1145 2184 XII.
1162 2142 1238 2198 7.):
1253 2142 1398 2186 Donec
1420 2148 1660 2186 revertatur
1679 2142 1823 2200 pulvis
1844 2143 1888 2185 in
1912 2148 2070 2186 terram

30 2247 33 2254 r
107 2223 228 2254 suam
259 2208 366 2253 unde
391 2214 494 2262 erat,
521 2214 558 2252 et
575 2209 748 2267 spiritus
779 2207 919 2252 redeat
943 2207 996 2251 ad
1022 2209 1161 2252 Deum
1184 2209 1255 2266 qui
1276 2208 1384 2252 dedit
1408 2209 1542 2252 illum.
1570 2207 1777 2252 Infinitae
1804 2208 1943 2252 etiam
1965 2218 2071 2252 sunt

35 2314 38 2316 .
107 2274 398 2320 auctoritates
429 2287 586 2319 sacrae
620 2274 894 2333 Scripturae‚
928 2288 1044 2333 quae
1070 2274 1465 2320 immortalitatem
1492 2275 1673 2319 animae
1700 2284 2021 2334 protestantur.

823 2426 1078 2483 CAPUT
1121 2427 1350 2483 LXXX.

163 2563 437 2604 RATIONES
477 2561 739 2603 PROBARE‘
763 2563 1092 2603 VOLENTIUM
1131 2564 1349 2604 ANIMAM
1389 2565 1666 2605 HUMANAM
1706 2566 2004 2617 CORRUMPI,

690 2637 1074 2677 CORRUPTO
1130 2639 1476 2678 CORPORE.

29 2778 54 2815 2:
191 2744 382 2790 Videtur
407 2755 561 2790 autem
587 2745 858 2804 quibusdam
889 2746 1138 2790 rationibus
1161 2760 1295 2805 posse
1313 2747 1495 2805 probari
1512 2747 1689 2792 animas
1714 2747 1941 2792 humanas
1962 2762 2057 2792 non

12 2814 50 2838 ⁶¹
107 2824 244 2872 posse
268 2826 507 2857 remanere
539 2822 644 2871 post
664 2825 845 2871 corpus.

196 2876 247 2923 Si
271 2878 395 2922 enim
422 2879 603 2921 animae
625 2879 856 2922 humanae
872 2878 1231 2938 multiplicantur
1247 2881 1500 2925 secundum
1518 2881 1949 2940 multiplicationem
1972 2895 2068 2926 cor·

16 2935 54 3006 »ᾖ
105 2958 286 3005 porum,
310 2953 361 2988 ut
390 2957 525 3002 supra
552 2944 613 3000 (c.
637 2943 729 3000 75.)
757 2952 992 2986 ostensum
1021 2957 1100 2996 cst,
1127 2947 1366 2992 destructis
1389 2962 1500 3006 ergo
1528 2949 1809 3007 corporibus,
1841 2963 1936 2993 non
1967 2963 2067 3008 pos·

18 3014 54 3066 J}
104 3021 210 3056 sunt
241 3011 422 3055 animae
463 3011 510 3054 in
541 3022 623 3053 sua
655 3009 943 3053 multitudine
981 3023 1232 3054 remanere.
1270 3009 1403 3053 Unde
1430 3023 1611 3067 Oportet
1645 3015 1840 3059 alterum
1868 3015 2066 3060 duorum

30 3073 55 3132 ’ζ-
105 3077 258 3138 sequi:
291 3087 367 3121 aut
392 3077 514 3136 quod
553 3075 753 3120 totaliter
789 3075 943 3119 anima
982 3076 1185 3119 humana
1211 3089 1310 3120 esse
1337 3076 1536 3130 desinat;
1569 3086 1646 3120 aut
1677 3075 1800 3134 quod
1832 3089 2068 3120 remaneat

20 3157 44 3206 s}
105 3158 197 3189 una
221 3153 414 3197 tantum,
446 3143 568 3202 quod
589 3143 766 3187 videtur
798 3155 898 3186 esse
923 3142 1176 3186 secundum
1209 3142 1476 3201 opinionem
1509 3156 1670 3186 eorum
1699 3142 1777 3200 qui
1802 3151 1980 3201 ponunt
2003 3142 2068 3186 in·

36 3210 47 3262 'J
109 3209 402 3270 corruptibile
443 3209 595 3255 solum
628 3209 672 3253 id
706 3210 829 3268 quod
866 3219 933 3253 est
965 3223 1108 3252 unum
1135 3210 1181 3252 in
1209 3209 1420 3253 omnibus
1453 3209 1732 3262 hominibus,
1765 3209 1859 3253 sive
1886 3209 1977 3253 hoc
2009 3209 2067 3253 sit

107 3277 362 3323 intellectus
388 3291 528 3336 agens
553 3287 746 3331 tantum,
777 3286 827 3320 ut
853 3275 1112 3321 Alexander
1137 3277 1259 3329 dicit,
1298 3276 1392 3319 sive
1419 3290 1525 3319 curn
1552 3285 1714 3334 agente
1758 3277 1894 3319 etiam
1927 3276 2067 3335 possi·

108 3343 226 3399 bilis,
257 3354 306 3389 ut
331 3344 440 3389 dicit
463 3345 692 3388 Averroes
726 3343 879 3399 (tertio
911 3343 982 3386 De
1010 3343 1177 3396 anima,
1205 3342 1341 3387 Com.
1380 3343 1452 3400 5.).

198 3411 436 3471 Amplius:
461 3411 578 3455 ratio
602 3409 809 3454 formalis
835 3420 903 3454 est
928 3423 1065 3453 causa
1087 3409 1358 3453 diversitatis
1380 3407 1634 3453 secundum
1655 3408 1870 3467 speciem.
1900 3407 2005 3463 Sed,
2027 3410 2065 3453 si

29 3470 58 3530 ἐξ
109 3486 347 3523 remanent
371 3477 544 3522 multae
576 3477 757 3521 animae
783 3487 886 3536 post
912 3490 1157 3536 corporum
1185 3475 1541 3533 corruptionem,
1568 3484 1751 3534 oportet
1776 3488 1852 3519 eas
1879 3488 1980 3519 esse
2002 3475 2063 3519 di-

108 3557 286 3600 versas3
311 3544 429 3589 sicut
445 3543 568 3588 enim
584 3543 708 3588 idem
725 3553 793 3588 est
813 3542 936 3602 quod
953 3553 1021 3587 est
1042 3557 1183 3586 unum
1201 3542 1454 3586 secundum
1480 3541 1794 3595 substantiam,
1811 3542 1872 3586 ita
1889 3541 2066 3586 diversa

32 3603 73 3670 {³
110 3620 215 3657 sunt
229 3623 345 3671 quae
369 3620 476 3655 sunt
499 3609 643 3655 multa
658 3609 911 3654 secundum
936 3609 1248 3655 substantiam.
1277 3608 1384 3653 Non
1406 3617 1555 3668 potest
1575 3617 1730 3654 autem
1756 3622 1870 3662 esse,
1895 3607 1943 3652 in
1975 3609 2066 3653 ani·

243 3711 281 3747 S.
305 3711 460 3748 Tanau.
487 3712 618 3748 Summa
644 3718 754 3746 contra
780 3711 936 3746 Gentiles.
1936 3711 1976 3746 16
