2332 3854
287 205 360 259 74
973 203 1130 244 Ltnmz
1169 203 1204 242 1.
1246 204 1367 242 cAP.
1409 202 1559 242 Lxm.

380 304 593 350 Secunda
618 314 699 359 est,
719 304 843 364 quod
861 305 1108 364 singularia
1133 319 1228 351 non
1246 319 1427 363 semper
1444 315 1570 360 sunt;
1597 315 1675 350 aut
1695 305 1832 364 igitur
1854 319 2034 364 semper
2050 305 2248 350 scientur

288 387 313 417 a
338 372 458 426 Deo,
484 382 560 416 aut
578 373 850 431 quandoque
868 373 1079 425 scientur,
1099 382 1142 416 et
1159 371 1433 430 quandoque
1454 385 1549 416 non
1571 372 1791 416 scientur:
1811 372 2011 431 primum
2033 385 2132 416 esse
2151 385 2247 416 non

289 449 454 498 potest,
482 439 586 497 quia
614 439 668 483 de
687 453 742 482 eo
762 432 883 498 quod
903 453 997 483 non
1025 449 1106 492 est,
1129 452 1224 482 non
1250 447 1399 496 potest
1421 452 1519 483 esse
1542 439 1745 492 scientia,
1773 452 1888 497 quae
1911 437 2011 482 sola
2030 451 2247 483 verorum

291 516 380 560 est;
409 520 461 550 ea
485 515 639 550 autem
665 519 781 564 quae
813 519 906 549 non
930 515 1034 549 sunt
1058 518 1180 559 vera,
1208 519 1305 549 esse
1330 519 1425 549 non
1451 515 1653 565 possunt.
1689 505 1954 550 Secundum
1980 505 2120 550 etiam
2152 519 2251 550 esse

288 587 384 617 non
410 582 574 631 potest,
598 574 702 630 quia
729 572 870 615 divini
898 570 1155 616 intellectus
1184 572 1388 630 cognitio
1415 582 1483 617 est
1509 573 1699 617 omnino
1726 571 2019 626 invariabilis,
2038 582 2089 617 ut
2114 586 2251 632 supra

289 641 349 697 (c.
373 639 466 695 45.)
491 649 724 683 ostensum
748 648 827 682 est.
1416 655 1419 658 ·

380 705 538 750 Tertia
566 719 618 749 ex
646 719 701 748 eo
729 704 851 763 quod
878 718 972 748 non
1000 704 1158 749 omnia
1189 705 1436 764 singularia
1461 706 1517 750 de
1547 706 1819 751 necessitate
1852 705 2140 764 proveniunt,
2171 705 2275 750 sed·

291 773 518 831 quaedam
561 772 900 829 contingenter;
935 771 1055 816 unde
1092 771 1148 816 de
1190 773 1254 816 eis
1288 782 1409 817 certa
1442 775 1644 831 cognitio
1688 787 1787 817 esse
1828 786 1924 816 non
1964 765 2139 831 potest,
2159 772 2249 816 nisi

290 840 472 898 quando
495 849 620 883 sunt:
651 848 773 882 certa
801 839 923 882 enim
951 840 1155 897 cognitio
1178 850 1259 894 est,
1286 854 1402 899 quae
1423 839 1520 884 falli
1544 854 1639 884 non
1665 849 1826 900 potest.
1854 840 2072 899 Cognitio
2099 849 2252 884 autem

290 907 441 950 omnis
468 920 583 964 quae
612 914 678 949 est
704 905 758 948 de
797 905 1094 963 contingenti,
1122 919 1228 950 cum
1265 905 1467 950 futurum
1509 917 1591 961 est,
1623 906 1719 950 falli
1744 917 1919 966 potest;
1956 915 2106 965 potest
2130 905 2254 950 enim

290 973 471 1016 evenire
510 971 773 1030 oppositum
806 973 901 1030 ejus
926 973 1048 1030 quod
1082 973 1347 1031 cognitione
1373 983 1565 1018 tenetur:
1599 973 1638 1017 si
1664 974 1785 1017 enirn
1811 987 1906 1017 non
1932 982 2088 1032 posset
2113 985 2253 1031 oppo-

289 1040 426 1083 situm
449 1039 645 1092 evenire,
673 1040 767 1096 jam
790 1039 1099 1083 necessarium
1123 1049 1266 1093 esset3
1299 1040 1419 1083 unde
1438 1050 1482 1084 et
1502 1041 1558 1084 de
1578 1040 1944 1098 contingentibus
1969 1039 2130 1084 futuris
2156 1053 2254 1083 non

289 1116 440 1165 potest
466 1120 564 1149 esse
591 1105 638 1148 in
663 1105 796 1149 nobis
823 1105 1024 1159 scientia,
1060 1106 1139 1149 sed
1172 1106 1491 1163 conjecturalis
1524 1107 1780 1151 aestimatio
1814 1106 2054 1166 quaedam.
2083 1106 2257 1165 Suppo-

288 1187 396 1216 nere
420 1182 573 1216 autern
598 1181 778 1230 oportet
800 1186 987 1215 omnem
1010 1173 1098 1216 Dei
1117 1172 1431 1230 cognitionem
1449 1187 1548 1217 esse
1567 1173 1868 1217 certissimam
1885 1183 1931 1217 et
1955 1171 2255 1226 infallibilem,

290 1250 338 1282 ut
373 1234 509 1298 supra
543 1239 602 1295 (c.
637 1236 729 1295 61.)
774 1248 1010 1282 ostensum
1054 1248 1134 1282 est.
1173 1239 1461 1298 Impossibile
1494 1239 1632 1283 etiam
1670 1240 1792 1298 quod
1829 1239 1956 1283 Deus
1998 1239 2167 1298 aliquid
2199 1240 2255 1283 de

290 1320 412 1349 novo
433 1319 713 1367 cognoscere
730 1305 929 1364 incipiat,
948 1315 1132 1363 propter
1150 1306 1245 1362 ejus
1267 1306 1699 1361 immutabilitatem,
1717 1315 1766 1351 ut
1781 1306 1953 1350 dictum
1979 1316 2048 1350 est
2067 1307 2130 1363 (c.
2146 1306 2256 1363 45.).

292 1373 357 1416 Ex
382 1373 454 1416 his
480 1372 616 1431 igitur
636 1372 814 1416 videtur
840 1373 981 1430 sequi,
1005 1373 1127 1430 quod
1150 1372 1397 1431 singularia
1421 1373 1731 1431 contingentia
1753 1387 1847 1416 non
1881 1366 2146 1431 cognoscat.

381 1439 557 1492 Quarta
589 1450 656 1483 est
694 1453 746 1483 ex
771 1439 877 1493 hoc,
912 1439 1034 1497 quod
1067 1439 1371 1498 quorumdam
1407 1440 1707 1498 singularium
1748 1453 1885 1484 causa
1921 1449 1998 1484 est.
2018 1438 2251 1484 voluntas.

295 1505 492 1550 Effectus
512 1516 664 1550 autem
687 1516 931 1564 antequam
958 1506 1014 1549 sit
1036 1520 1128 1549 non
1151 1516 1300 1565 potest
1326 1507 1412 1550 nisi
1438 1507 1484 1550 in
1511 1521 1592 1550 sua
1620 1521 1757 1550 causa
1771 1507 2016 1565 cognosci,
2038 1506 2103 1550 sic
2125 1505 2251 1551 enim

297 1573 450 1617 solum
478 1587 575 1617 esse
609 1582 759 1631 potest
791 1583 1034 1631 antequam
1067 1573 1112 1616 in
1147 1587 1195 1617 se
1229 1587 1326 1617 esse
1353 1574 1551 1650 incipiat.
1580 1574 1734 1617 Motus
1761 1583 1914 1618 autem
1939 1573 2188 1618 voluntatis
2221 1586 2247 1616 a

292 1640 421 1684 nullo
447 1650 639 1699 possunt
664 1654 744 1698 per
777 1640 1095 1684 certitudinem
1125 1641 1358 1699 cognosci,
1391 1641 1478 1683 nisi
1505 1655 1530 1684 a
1561 1640 1760 1694 volente,
1793 1642 1839 1684 in
1870 1641 1999 1699 cujus
2024 1648 2248 1701 potestate

298 1718 415 1751 sunt.
444 1706 730 1766 Impossibile
759 1717 826 1751 est
851 1707 987 1765 igitur
1012 1707 1135 1765 quod
1161 1707 1288 1751 Deus
1315 1707 1369 1751 de
1396 1708 1661 1765 hujusmodi
1687 1707 1987 1766 singularibus
2014 1720 2130 1766 quae
2152 1719 2254 1781 cau·
2309 1720 2317 1730 ⁸

296 1789 395 1818 sam
422 1789 476 1818 ex
501 1774 736 1818 voluntate
759 1784 958 1827 sumunt,
984 1774 1196 1817 notitiam
1225 1784 1395 1818 certam
1421 1774 1600 1818 habeat.

382 1841 556 1893 Quinta
584 1851 650 1885 est
676 1856 730 1884 ex
756 1841 1057 1898 singularium
1089 1840 1324 1884 infinitate.
1357 1841 1589 1885 Infinitum
1622 1841 1746 1884 enim
1770 1840 1818 1884 in
1849 1850 2071 1899 quantum
2101 1823 2255 1897 hujus·

290 1909 419 1953 modi
436 1919 503 1953 est
520 1909 745 1966 ignotum,
761 1922 871 1951 nam
890 1922 1028 1951 omne
1046 1908 1169 1966 quod
1187 1908 1493 1966 cognoscitur,
1513 1908 1591 1951 sub
1612 1907 1933 1964 cognoscentis
1952 1907 2250 1967 comprehen-

291 1976 419 2020 sione
446 1975 792 2034 quodammodo
821 1985 1123 2028 mensuratur,
1148 1989 1253 2019 curn
1280 1975 1560 2019 mensuratio
1588 1973 1703 2018 nihil
1729 1973 1850 2018 aliud
1876 1975 1933 2019 sit
1957 1989 2096 2034 quam
2123 1974 2252 2018 certi-

289 2043 441 2086 ficatio
474 2042 538 2086 rei
572 2051 885 2096 mensuratae3
914 2042 1035 2086 unde
1063 2043 1213 2086 omnis
1242 2057 1313 2086 ars
1345 2042 1520 2086 infinita
1551 2042 1770 2101 repudiat.
1805 2042 2067 2100 Singularia
2099 2050 2251 2086 autem

291 2119 395 2153 sunt
419 2109 594 2154 infinita
622 2109 677 2153 ad
705 2109 856 2153 minus
882 2109 929 2152 in
955 2109 1184 2167 potentia;
1210 2109 1492 2169 impossibile
1518 2110 1656 2168 igitur
1671 2109 1848 2153 videtur
1869 2109 1992 2168 quod
2017 2109 2157 2154 Deus
2169 2111 2256 2154 sin-

294 2176 469 2234 gularia
495 2186 761 2235 cognoscat.
2000 2194 2003 2195 ⁷

379 2243 517 2287 Sexta
544 2253 611 2287 est
643 2257 698 2287 ex
729 2244 828 2302 ipsa
859 2242 1032 2287 vilitate
1067 2242 1381 2302 singularium.
1410 2244 1532 2288 Cum
1560 2244 1684 2288 enim
1708 2243 1923 2288 nobilitas
1949 2243 2176 2288 scientiae
2200 2257 2254 2288 ex

291 2309 527 2354 nobilitate
569 2309 738 2354 scibilis
781 2309 1127 2369 quodammodo
1170 2321 1398 2369 pensetur,
1439 2310 1588 2355 vilitas
1626 2311 1764 2355 etiarn
1796 2310 1963 2356 scibilis
1999 2310 2044 2355 in
2077 2309 2252 2355 vilitate

293 2377 508 2421 scientiae
535 2377 787 2421 redundare
814 2377 1004 2421 videtur.
1038 2377 1231 2421 Divinus
1259 2388 1412 2422 autem
1438 2377 1693 2422 intellectus
1718 2377 2030 2423 nobilissimus
2046 2387 2140 2432 est;
2160 2391 2256 2422 non

293 2444 426 2501 igitur
460 2445 556 2502 ejus
588 2443 800 2488 nobilitas
827 2444 993 2503 patitur
1027 2445 1148 2503 quod
1175 2445 1300 2488 Deus
1342 2446 1566 2504 quaedam
1596 2445 1811 2489 vilissima
1851 2445 1968 2489 inter
2007 2443 2255 2504 singularia

293 2520 558 2569 cognoscat.

393 2577 598 2637 Septima
626 2588 692 2622 est
719 2593 774 2622 ex
801 2578 972 2622 malitia
1000 2593 1115 2637 quae
1147 2579 1194 2622 in
1232 2579 1502 2638 quibusdam
1540 2578 1842 2637 singularibus
1868 2579 2109 2623 invenitur.
2137 2577 2258 2623 Cum

300 2645 423 2688 enim
448 2646 683 2703 cognitum
711 2645 769 2689 sit
795 2645 948 2704 aliquo
972 2646 1112 2689 modo
1140 2646 1186 2689 in
1215 2656 1540 2704 cognoscente,
1568 2645 1739 2689 malurn
1770 2655 1923 2689 autem
1948 2647 1995 2689 in
2020 2645 2124 2689 Deo
2157 2658 2256 2689 esse

294 2726 389 2755 non
416 2713 572 2771 possit,
601 2722 648 2756 ut
674 2727 808 2772 supra
842 2715 902 2771 (c.
935 2713 1024 2772 39.)
1053 2723 1289 2757 ostensum
1317 2722 1397 2767 est,
1423 2714 1600 2757 videtur
1626 2715 1751 2772 sequi
1778 2711 1902 2772 quod
1927 2713 2054 2757 Deus
2082 2711 2254 2756 malum

295 2790 338 2822 et
363 2780 668 2838 privationem
695 2780 886 2823 omnino
914 2794 1008 2823 non
1043 2791 1308 2839 cognoscat,
1335 2781 1415 2824 sed
1448 2780 1601 2824 solum
1627 2779 1884 2824 intellectus
1911 2779 1988 2838 qui
2015 2779 2155 2826 est.in
2181 2792 2258 2839 po-

293 2847 456 2900 tentia;
478 2847 672 2905 privatio
700 2847 824 2890 enim
850 2861 945 2890 non
970 2848 1058 2891 nisi
1083 2848 1129 2890 in
1152 2848 1355 2906 potentia
1381 2861 1479 2891 esse
1506 2857 1668 2906 potest.
1697 2846 1762 2890 Ex
1787 2847 1879 2890 hoc
1906 2847 2108 2905 sequitur
2122 2841 2255 2905 'quod

294 2927 388 2956 non
415 2913 582 2958 habeat
607 2914 732 2958 Deus
760 2914 815 2957 de
842 2914 1147 2972 singularibus
1173 2915 1402 2969 not-itiam,
1428 2915 1475 2958 in
1507 2915 1667 2974 quibus
1695 2913 1872 2958 malum
1898 2923 1949 2958 et·
1966 2913 2162 2973 privatio
2195 2913 2260 2957 in·

295 2991 486 3025 venitur.

1028 3137 1285 3194 CAPUT
1321 3138 1520 3193 LXIV.

529 3273 684 3313 oRno
719 3273 1089 3313 DICENDORUM
1131 3273 1293 3312 cmm
1334 3272 1568 3313 mvaM
1610 3271 2024 3313 cooNI‘rmNEM.

386 3383 459 3427 Ad
486 3384 619 3442 hujus
648 3395 800 3429 autem
824 3384 987 3428 erroris
1013 3383 1339 3436 exclusionem,
1358 3393 1406 3427 ut
1433 3383 1571 3427 etiam
1594 3383 1774 3429 divinae
1793 3383 2008 3428 scientiae
2033 3376 2256 3442 perfectio

298 3450 574 3504 ostendatur,
602 3462 782 3510 oportet
804 3451 1044 3509 diligenter
1069 3451 1306 3495 veritatem
1332 3450 1559 3509 inquirere
1584 3450 1704 3494 circa
1731 3448 2254 3510 singularia-praedicto·

296 3531 413 3572 rum,
440 3527 489 3561 ut
515 3532 568 3562 ea
591 3532 705 3576 quae
734 3529 838 3563 sunt
869 3518 1044 3563 veritati
1064 3518 1289 3562 contraria
1316 3516 1604 3576 repellantur.
1625 3517 1781 3562 Primo
1807 3528 1920 3576 ergo
1940 3516 2258 3571 ostendemus,

298 3583 420 3642 quod
448 3584 626 3629 divinus
655 3585 911 3630 intellectus
945 3584 1190 3643 singularia
1224 3584 1484 3643 cognoscit;
1526 3585 1726 3629 secundo
1769 3583 1892 3644 quod
1927 3583 2170 3643 cognoscit
2199 3595 2257 3628 ea
