2332 3854
279 213 348 267 50
971 210 1125 247 LIBER
1165 210 1199 245 1.
1244 209 1361 246 CAP.
1406 208 1532 245 xm.

275 323 397 372 patet
421 314 481 371 (c.
515 312 617 370 16.)‚
643 313 889 357 necessitas
916 311 1093 356 essendi
1119 311 1203 354 erit
1225 323 1362 354 causa
1382 309 1502 354 illius
1520 310 1791 365 accidentis;
1808 312 1887 355 sed
1905 312 2150 356 necessitas
2166 326 2232 358 es·

273 381 401 425 sendi
426 381 651 424 invenitur
676 380 722 423 in
746 390 957 438 utroque;
985 393 1094 436 ergo
1121 387 1364 434 utrumque
1389 376 1574 421 habebit
1597 376 1708 421 illud
1732 377 1957 433 accidens,
1980 388 2025 422 et
2044 378 2110 422 sic
2135 391 2230 424 non

273 447 601 505 distinguentur
618 446 869 490 secundum
895 444 1017 488 illud.
1039 444 1088 487 Si
1106 453 1259 487 autern
1277 457 1415 487 causa
1432 442 1553 488 illius
1571 444 1816 488 accidentis
1833 445 1890 489 sit
1907 444 2076 503 aliquid
2093 443 2230 499 aliud,

271 514 357 557 nisi
383 527 492 571 ergo
518 513 629 556 illud
657 512 777 555 aliud
805 521 936 563 esset,
963 512 1053 553 hoc
1081 509 1293 554 accidens
1319 524 1414 554 non
1441 520 1572 567 esset,
1591 520 1635 555 et
1649 511 1738 554 nisi
1757 512 1848 555 hoc
1868 511 2080 556 accidens
2097 520 2229 566 esset,

272 581 499 624 distinctio
527 579 755 638 praedicta
781 592 874 621 non
903 586 1178 635 esset;,erg0
1204 576 1291 620 nisi
1318 585 1434 621 esset
1466 576 1576 620 illud
1610 576 1746 631 aliud,
1772 578 1857 621 ista
1883 578 1974 621 duo
2001 591 2118 636 quae
2148 591 2229 637 po-

270 657 436 690 nuntur
461 661 650 690 necesse
678 659 790 697 esse,
817 657 911 686 non
938 653 1087 687 essent
1113 643 1220 698 duo,
1246 642 1326 687 sed
1353 657 1517 697 unum3
1545 658 1655 702 ergo
1684 659 1783 688 esse
1809 644 2045 702 proprium
2071 643 2231 691 utrius·

270 727 358 772 que
385 723 451 757 est
477 712 734 770 dependens
762 711 814 752 ab
844 709 1013 764 altero;
1039 709 1164 754 etsie
1188 719 1400 754 neutrum
1423 720 1490 754 est
1509 725 1696 756 necesse
1719 725 1817 755 esse
1839 724 1918 769 per
1939 710 2161 770 seipsum
2178 711 2230 757 Si

270 790 422 823 autem
435 778 571 822 illud·
562 793 606 821 1n
621 791 709 835 quo
738 776 1071 854 distinguuntur
1097 777 1153 821 sit
1170 777 1478 822 necessarium
1498 777 1553 821 ad
1569 778 1888 822 necessitatem
1906 777 2087 822 essendi
2105 790 2230 832 com·

267 846 496 905 plendam,
525 855 600 888 aut
640 845 729 887 hoc
764 844 847 887 erit
878 845 982 902 quia
1013 843 1125 887 illud
1156 843 1400 888 includitur
1430 844 1478 888 in
1511 845 1687 889 ratione
1718 845 2003 889 necessitatis
2034 845 2228 900 essendi,

267 914 382 957 sicut
408 913 658 956 animatum
685 909 965 954 includitur
953 925 1000 954 m
1028 902 1295 955 diffinitione
1323 910 1559 965 animalis3
1593 921 1670 955 aut
1700 911 1791 955 hoc
1825 911 1908 956 erit
1938 911 2044 970 quia
2075 925 2230 957 neces

266 981 372 1024 sitas
400 979 576 1023 essendi
602 977 887 1035 specificatur
912 991 992 1035 per
1016 976 1143 1031 illud,
1175 977 1292 1021 sicut
1324 977 1495 1021 animal
1522 977 1778 1036 completur
1803 992 1883 1036 per
1907 977 2143 1023 rationale.
2178 979 2228 1024 Si

264 1048 411 1105 primo
440 1046 594 1097 modo,
622 1053 802 1101 oportet
820 1044 942 1102 quod
960 1043 1235 1102 ubicumque
1262 1044 1319 1088 sit
1339 1044 1584 1088 necessitas
1611 1045 1805 1098 essendi,
1827 1045 1885 1089 sit
1901 1044 2012 1089 illud
2035 1045 2158 1104 quod
2178 1045 2227 1089 in

265 1113 359 1156 eius
385 1112 559 1155 ratione
577 1110 835 1164 includitur,
853 1110 969 1154 sicut
992 1111 1264 1168 cuicumque
1282 1111 1498 1155 convenit
1515 1110 1700 1165 animal,
1720 1112 1933 1158 convenit
1951 1112 2225 1167 animatum3

264 1189 307 1222 et
332 1180 394 1222 sic
419 1193 523 1221 cum
552 1178 773 1221 ambobus
799 1177 1041 1235 praedictis
1069 1177 1334 1220 attribuatur
1358 1178 1607 1221 necessitas
1631 1178 1824 1232 essendi,
1841 1178 2094 1223 secundum
2113 1177 2225 1225 illud

262 1245 476 1303 distingui
501 1258 595 1288 non
612 1253 838 1302 poterunt.
863 1243 914 1287 Si
937 1252 1090 1287 autem
1112 1243 1313 1287 secundo
1337 1244 1494 1298 mode,
1516 1244 1606 1287 hoc
1629 1245 1794 1288 iterum
1817 1258 1916 1291 esse
1935 1259 2031 1291 non
2051 1254 2225 1304 potest3

260 1326 369 1355 nam
395 1311 646 1355 differentia
671 1309 938 1369 specificans
965 1324 1107 1368 genus
1125 1324 1220 1354 non
1239 1309 1441 1369 complet
1463 1310 1641 1369 generis
1656 1311 1900 1364 rationem,
1920 1311 2001 1356 sed
2020 1325 2102 1371 per
2120 1324 2225 1358 eam

261 1379 506 1438 acquiritur
531 1378 686 1436 generi
713 1391 811 1421 esse
838 1377 884 1420 in
913 1387 1039 1422 actu:
1065 1377 1182 1421 ratio
1201 1377 1323 1421 enim
1342 1377 1553 1422 animalis
1571 1377 1802 1437 completa
1822 1388 1893 1423 est
1914 1388 2019 1423 ante
2036 1378 2227 1425 additio·

259 1460 365 1490 nem
392 1444 640 1498 rationalis,
667 1444 746 1488 sed
771 1458 865 1487 non
891 1453 1042 1502 potest
1068 1458 1166 1489 esse
1193 1445 1364 1488 animal
1391 1455 1508 1500 actu,
1533 1445 1622 1490 nisi
1643 1445 1700 1490 sit
1721 1445 1943 1492 rationale
1964 1445 2227 1493 velirratio-

259 1513 375 1557 nale.
405 1512 480 1556 Sic
509 1526 618 1571 ergo
638 1511 806 1570 aliquid
827 1511 1030 1569 complet
1050 1512 1371 1556 necessitatem
1394 1512 1573 1556 essendi
1596 1523 1818 1571 quantum
1839 1513 1896 1557 ad
1918 1526 2019 1559 esse
2040 1513 2087 1558 in
2105 1523 2224 1568 actu,

260 1590 304 1623 et
327 1593 421 1623 non
448 1589 665 1637 quantum
686 1579 742 1622 ad
756 1579 1060 1622 intentionem
1082 1579 1367 1624 necessitatis
1385 1579 1725 1638 essendi3quod
1743 1589 1811 1625 est
1830 1579 2226 1642 impossibilepro·

257 1655 356 1705 pter
381 1646 494 1690 duo:
518 1646 682 1704 primo,
709 1646 813 1704 quia
837 1646 932 1703 ejus
951 1645 1074 1704 quod
1098 1655 1166 1690 est
1187 1660 1375 1690 necesse
1392 1660 1510 1701 esse,
1528 1660 1609 1690 sua
1626 1647 1850 1706 quidditas
1868 1656 1938 1694 est
1953 1661 2087 1693 suurn
2106 1661 2222 1703 esse,

258 1724 305 1756 ut
330 1713 570 1772 probatum
598 1722 665 1756 est
691 1714 750 1769 (c.
775 1725 843 1756 22.
847 1713 888 1769 );
917 1712 1134 1767 secundo,
1157 1712 1263 1772 quia
1285 1713 1349 1757 sic
1365 1727 1552 1758 necesse
1570 1728 1668 1758 esse
1691 1714 2000 1773 acquireretur
2021 1727 2126 1760 esse
2141 1729 2223 1774 per

257 1779 425 1839 aliquid
452 1780 593 1834 aliud3
622 1780 744 1838 quod
770 1789 838 1823 est
861 1779 1158 1838 impossibile.
1182 1780 1290 1824 Non
1309 1790 1378 1825 est
1393 1794 1503 1839 ergo
1521 1779 1736 1840 possibile
1758 1789 1928 1840 ponere
1945 1779 2090 1841 plura,
2108 1795 2221 1842 quo·
2227 1842 2232 1844 g

256 1862 354 1891 rum
383 1847 572 1906 quilibet
596 1847 653 1891 sit
678 1861 865 1891 necesse
893 1861 995 1891 esse
1022 1861 1102 1906 per
1128 1848 1342 1905 seipsum.

343 1914 533 1958 Adhuc:
561 1916 598 1958 si
623 1924 727 1958 sunt
753 1914 843 1958 duo
862 1914 938 1968 dii,
962 1924 1039 1958 aut
1056 1915 1147 1958 hoc
1165 1928 1352 1968 nomen,
1370 1915 1511 1968 Deus,
1531 1914 1586 1958 de
1609 1924 1800 1974 utroque
1821 1915 2108 1974 praedicatur
2127 1917 2222 1966 uni·

253 1995 382 2035 voce,
410 1992 486 2025 aut
512 1981 775 2040 aequivoce.
805 1981 855 2025 Si
881 1982 1145 2040 aequivoce,
1172 1982 1262 2026 hoc
1291 1991 1360 2026 est
1384 1991 1562 2040 praeter
1583 1981 1887 2026 intentionem
1917 1988 2220 2042 praesentem,

253 2061 362 2092 nam
388 2048 502 2092 nihil
528 2048 739 2106 prohibet
764 2063 860 2091 rem
888 2048 1140 2107 quamlibet
1165 2048 1369 2107 quolibet
1399 2049 1589 2092 nomine
1624 2049 1875 2108 aequivoce
1905 2049 2150 2106 nominari,
2183 2051 2222 2096 si

253 2130 359 2159 usus
385 2115 671 2174 loquentium
690 2115 923 2170 admittat3
950 2116 988 2159 si
1006 2125 1159 2160 autem
1180 2116 1354 2160 dicatur
1369 2116 1580 2170 univoce,
1611 2125 1793 2175 oportet
1809 2116 1933 2176 quod
1951 2117 2008 2165 de
2028 2126 2221 2178 utroque

251 2182 535 2241 praedicetur
561 2182 815 2226 secundum
848 2197 987 2227 unam
1015 2183 1256 2237 rationem,
1283 2193 1327 2227 et
1348 2183 1412 2227 sic
1440 2193 1620 2242 oportet
1633 2183 1755 2242 quod
1774 2183 1821 2228 in
1843 2192 2036 2243 utroque
2052 2184 2110 2229 sit
2129 2199 2220 2230 una

252 2259 413 2293 natura
435 2249 687 2293 secundum
713 2250 953 2293 rationem.
982 2250 1075 2293 Aut
1099 2250 1237 2308 igitur
1262 2250 1376 2294 haec
1403 2260 1565 2294 natura
1591 2260 1660 2295 est
1683 2251 1734 2294 inv
1756 2259 1949 2310 utroque
1964 2251 2217 2302 secundum

252 2331 393 2360 unum
422 2331 533 2369 esse,
562 2326 638 2360 aut
663 2317 914 2360 secundum
938 2316 1058 2360 aliud
1086 2328 1129 2361 et
1157 2317 1301 2361 aliud:
1328 2318 1366 2361 si
1391 2318 1643 2362 secundum
1666 2332 1823 2372 unum,
1839 2331 1952 2376 ergo
1974 2332 2070 2363 non
2084 2330 2220 2366 erunt

252 2383 357 2438 duo,
385 2383 462 2427 sed
489 2397 631 2426 unum
657 2393 859 2437 tantum3
887 2384 1082 2427 duorum
1110 2385 1231 2428 enim
1257 2398 1352 2428 non
1379 2394 1446 2428 est
1478 2399 1621 2428 unum
1652 2399 1766 2439 esse,
1802 2385 1841 2429 si
1860 2385 2213 2434 substantialiter

252 2451 608 2508 distinguantur:
637 2450 674 2493 si
702 2461 854 2494 autem
881 2461 948 2494 est
975 2450 1095 2494 aliud
1124 2461 1167 2495 et
1194 2451 1314 2494 aliud
1342 2465 1440 2495 esse
1462 2451 1509 2495 in
1532 2461 1741 2510 utroque,
1767 2465 1878 2511 ergo
1899 2462 2113 2498 neutrum
2134 2454 2220 2499 erit

251 2531 332 2560 sua
360 2517 583 2575 quidditas
609 2517 683 2560 vel
709 2531 841 2561 suum
870 2532 982 2561 esse.
1014 2518 1103 2561 Sed
1138 2518 1227 2562 hoc
1256 2528 1436 2576 oportet
1467 2519 1514 2562 in
1546 2519 1649 2563 Deo
1683 2533 1869 2578 ponere,
1900 2529 1950 2564 ut
1973 2520 2217 2579 probatum

251 2594 318 2627 est
344 2585 404 2640 (c.
428 2585 547 2640 22.);
575 2598 684 2642 ergo
711 2595 922 2628 neutrum
940 2583 1125 2628 illorum
1143 2585 1338 2628 duorum
1363 2595 1430 2629 est
1449 2585 1539 2630 hoc
1563 2586 1685 2645 quod
1707 2585 2006 2645 intelligimus
2025 2587 2215 2633 nomine

250 2651 351 2694 Dei.
381 2651 457 2695 Sic
484 2651 620 2710 igitur
645 2651 926 2710 impossibile
956 2661 1022 2695 est
1048 2666 1218 2710 ponere
1246 2653 1360 2696 duos
1388 2653 1512 2697 deos.

338 2718 574 2777 Amplius:
602 2718 716 2762 nihil
743 2733 904 2762 eorum
931 2734 1045 2777 quae
1075 2720 1353 2763 conveniunt
1378 2720 1484 2764 huic
1513 2720 1692 2778 signato
1718 2712 1765 2764 in
1792 2730 2012 2780 quantum
2034 2730 2105 2766 est
2119 2721 2212 2767 hoc

248 2786 491 2843 signatum,
519 2785 732 2844 possibile
755 2796 823 2830 est
850 2786 925 2829 alii
953 2787 1212 2840 convenire,
1241 2787 1344 2845 quia
1371 2787 1657 2845 singularitas
1681 2787 1870 2846 alicujus
1892 2789 1957 2832 rei
1976 2801 2071 2833 non
2096 2788 2214 2834 inest

249 2853 377 2896 alteri
403 2863 579 2910 praeter
604 2853 751 2911 ipsum
780 2852 1023 2910 singulare,
1051 2854 1126 2897 sed
1157 2853 1197 2896 ei
1225 2853 1346 2911 quod
1370 2864 1436 2898 est
1457 2868 1644 2898 necesse
1662 2867 1774 2908 esse,
1793 2869 1875 2899 sua
1887 2855 2132 2900 necessitas
2150 2870 2216 2900 es-

248 2920 376 2964 sendi
404 2919 618 2963 convenit
643 2920 689 2963 in
716 2930 934 2978 quantum
956 2929 1022 2963 est
1038 2921 1127 2963 hoc
1148 2921 1378 2978 signatum
1393 2937 1402 2974 ;
1418 2935 1528 2979 erg-o
1546 2921 1829 2980 impossibile
1847 2931 1915 2966 est
1932 2921 2055 2981 quod
2077 2921 2215 2967 alicui

248 2986 376 3030 alteri
404 2987 661 3040 conveniat,
690 2997 735 3031 et
761 2987 823 3030 sic
851 2987 1133 3045 impossibile
1162 2997 1229 3031 est
1255 2988 1377 3046 quod
1405 2988 1494 3032 sint
1515 2987 1645 3047 plura
1671 3002 1869 3047 quorum
1894 2988 2130 3048 quodlibet
2149 2990 2215 3035 ‘sit

247 3067 433 3100 necesse
467 3068 579 3107 esse,
609 3063 652 3097 et
677 3068 757 3112 per
789 3067 1073 3112 consequens
1106 3054 1388 3113 impossibile
1423 3065 1491 3099 est
1522 3069 1619 3099 esse
1651 3054 1803 3113 plures
1834 3055 1960 3101 deos.
1993 3056 2210 3103 Probatio

247 3121 445 3164 mediae:
475 3122 512 3164 si
539 3120 661 3164 enim
690 3119 799 3164 illud
827 3122 949 3179 quod
978 3131 1044 3165 est
1069 3135 1255 3165 necesse
1284 3135 1381 3165 esse
1404 3135 1497 3165 non
1526 3131 1593 3166 est
1618 3122 1707 3166 hoc
1736 3122 1966 3181 signatum
2003 3122 2051 3167 in
2073 3137 2211 3183 quan-

246 3197 342 3230 tum
367 3198 434 3231 est
458 3202 647 3232 necesse
671 3202 783 3241 esse,
812 3198 992 3246 oportet
1018 3188 1138 3247 quod
1167 3188 1421 3246 designatio
1449 3189 1517 3232 sui
1546 3202 1643 3233 esse
1669 3203 1763 3232 non
1792 3189 1849 3234 sit
1873 3190 2132 3238 necessaria
2146 3203 2213 3237 se·

247 3255 445 3297 cundum
473 3269 535 3308 se,
561 3256 640 3299 sed
669 3269 721 3299 cx
750 3254 838 3298 alio
858 3255 1131 3314 dependeat;
1150 3254 1508 3313 unumquodque
1527 3265 1678 3299 autem
1699 3256 1951 3302 secundum
1973 3256 2064 3303 hoe
2085 3257 2210 3317 quod

246 3330 312 3365 est
344 3331 461 3375 actu,
489 3332 555 3365 est
583 3322 846 3366 distinctum
873 3322 926 3365 ab
956 3322 1167 3365 omnibus
1195 3320 1308 3375 aliis,
1335 3323 1456 3380 quod
1483 3333 1548 3366 est
1577 3337 1673 3367 esse
1700 3323 1791 3368 hoc
1818 3323 2207 3384 signatum321go

246 3388 367 3446 quod
396 3398 463 3432 est
488 3403 673 3433 necesse
701 3403 815 3443 esse,
843 3389 1067 3448 dependet
1100 3389 1152 3432 ab
1189 3388 1278 3432 alio
1311 3400 1530 3447 quantuni
1565 3390 1619 3434 ad
1652 3390 1743 3435 hoc
1775 3391 1900 3451 quod
1931 3400 2001 3442 est
2030 3404 2131 3438 esse
2162 3392 2210 3438 in

241 3464 359 3509 actu,
378 3455 497 3513 quod
528 3465 595 3499 est
623 3466 780 3499 contra
803 3456 1028 3501 rationem
1049 3457 1144 3515 eJus
1162 3455 1283 3515 quod
1302 3466 1370 3501 est
1386 3470 1571 3501 necesse
1591 3472 1688 3502 esse
1703 3472 1712 3502 :
1730 3466 1913 3518 oportet
1926 3457 2063 3518 igitur
2084 3457 2207 3519 quod

243 3521 288 3566 id
315 3521 438 3581 quod
466 3532 533 3566 est
559 3537 745 3567 necesse
773 3538 887 3577 esse,
914 3524 969 3569 sit
995 3537 1183 3569 necesse
1210 3537 1308 3569 esse
1334 3524 1585 3569 secundum
1613 3525 1703 3570 hoc
1730 3524 1854 3585 quod
1875 3524 2205 3586 estleignatum.

336 3588 524 3635 Adhuc:
560 3600 718 3634 natura
745 3590 999 3649 significata
1027 3591 1115 3636 hoc
1143 3591 1346 3645 nomine,
1373 3591 1513 3647 Deus,
1536 3602 1612 3637 aut
1630 3602 1697 3637 est
1721 3607 1802 3654 per
1822 3593 2017 3654 seipsam
2050 3591 2206 3639 indivi-
