2332 3854
233 235 343 306 308
892 250 1049 290 LIBER
1087 249 1164 289 111.
1207 248 1328 290 CAP.
1367 249 1520 301 x-vm,

230 353 349 412 quid
371 354 628 413 acquiratur
660 367 713 398 ex
747 353 926 397 actione
958 352 1162 411 agent1s3
1195 352 1311 396 sicut
1343 352 1382 397 si
1402 351 1570 397 milites
1590 362 1794 412 pugnant
1820 363 2004 413 propter
2025 354 2190 409 ducem

231 420 306 465 cui
346 421 591 479 acquiritur
630 420 835 464 victoria.
868 420 971 463 Deo
1007 429 1158 462 autem
1190 433 1285 463 non
1316 428 1467 477 potest
1508 418 1678 479 aliquid
1710 421 1884 479 acquiri
1914 435 1969 465 ex
2009 421 2189 478 actione

232 487 469 546 cujuslibet
509 488 597 541 rei;
639 498 706 531 est
737 488 858 530 enim
900 500 982 529 sua
1021 485 1199 530 bonitas
1241 486 1431 530 omnino
1464 485 1678 545 perfecta,
1712 496 1761 530 ut
1790 487 1837 530 in
1863 487 2012 546 primo
2044 498 2191 535 osten-

232 568 334 598 sum
368 565 435 599 est
467 555 527 611 (c.
559 556 625 612 38.
653 562 695 597 et
726 552 856 611 seq).
883 551 1168 611 Relinquitur
1199 552 1336 612 igitur
1369 552 1490 611 quod
1521 553 1648 597 Deus
1679 554 1736 597 sit
1766 553 1867 597 finis
1898 567 2064 611 rerum,
2095 569 2191 601 non

231 621 347 665 sicut
380 621 546 679 aliquid
591 619 902 672 constitutum,
941 628 1019 663 aut
1059 617 1227 677 aliquid
1265 618 1478 664 effectum
1519 634 1544 663 a
1587 620 1734 674 rebus,
1774 634 1922 679 neque
1963 620 2026 665 ita
2067 621 2191 680 quod

233 688 401 746 aliquid
435 689 476 731 ei
509 702 533 730 a
567 687 699 730 rebus
728 686 998 744 acquiratur,
1031 685 1109 729 sed
1134 686 1224 730 hoc
1252 685 1352 730 solo
1376 686 1517 730 modo
1540 687 1644 745 quia
1661 686 1757 745 ipse
1782 686 1914 732 rebus
1931 687 2198 747 acquirimu,

318 756 456 798 Item:
492 763 671 811 oportet
703 753 825 811 quod
859 766 915 796 eo
948 752 1090 796 modo
1114 751 1300 797 effectus
1322 753 1479 797 tendat
1498 753 1545 796 in
1568 753 1706 797 finem
1728 767 1819 812 quo
1847 767 1988 812 agens
2004 764 2189 814 propter

230 821 370 865 finem
405 821 509 878 agit.
534 821 659 863 Deus
683 829 850 872 autem,
874 819 951 877 qui
977 829 1045 863 est
1075 819 1274 878 primum
1302 834 1442 878 agens
1469 819 1678 864 omnium
1705 834 1872 874 rerum,
1888 834 1984 864 non
2005 821 2070 865 sic
2097 820 2192 880 agit

231 888 358 962 quasi
390 902 470 930 sua
505 887 683 930 actione
718 886 886 944 aliquid
920 885 1137 944 acquirat,
1170 886 1249 930 sed
1276 886 1408 945 quasi
1438 900 1522 930 sua
1553 886 1732 930 actione
1758 885 1928 946 aliquid
1957 886 2191 946 largiatur,

230 954 335 1011 quia
365 967 459 996 non
492 963 559 996 est
582 953 629 995 in
662 953 864 1010 potentia
897 962 946 996 ut
977 951 1146 1011 aliquid
1179 955 1416 1011 acquirere
1442 953 1599 1012 possit,
1625 954 1703 997 sed
1724 953 1909 998 solum'
1896 968 1946 998 m
1971 964 2075 999 actu
2095 968 2192 1013 per-

228 1020 349 1064 fecto
384 1034 436 1064 ex
469 1034 559 1078 quo
599 1029 750 1078 potest
790 1019 960 1078 aliquid
994 1018 1189 1077 elargiri.
1223 1020 1314 1064 Res
1354 1019 1491 1078 igitur
1523 1034 1617 1063 non
1654 1020 1920 1064 ordinantur
1949 1020 1999 1064 in
2031 1021 2191 1079 Deum

230 1087 345 1130 sicut
381 1087 428 1130 in
467 1086 607 1130 finem
641 1087 711 1130 cui
746 1085 913 1144 aliquid
941 1087 1213 1144 acquiratur,
1246 1075 1323 1130 sed
1357 1096 1406 1130 ut
1432 1086 1485 1130 ab
1512 1087 1612 1146 ipso
1644 1087 1892 1146 ipsummet
1921 1101 2005 1132 suo
2047 1076 2189 1133 modo

231 1162 582 1213 consequantur,
615 1167 756 1212 quum
791 1153 986 1212 ipsemet
1019 1152 1075 1196 sit
1104 1151 1220 1196 finis.

984 1306 1240 1364 CAPUT
1281 1308 1437 1363 XIX.

577 1443 736 1491 QUOD
779 1444 959 1484 OMNIA
997 1445 1324 1486 INTENDUNT
1366 1444 1672 1485 ASSIMILARI
1711 1445 1845 1484 DEO.

318 1554 384 1598 Ex
409 1555 500 1598 hoc
535 1564 688 1599 autem
724 1554 848 1613 quod
886 1555 1123 1615 acquirunt
1158 1555 1360 1600 divinam
1396 1554 1651 1640 bonitatem
1682 1569 1754 1600 res
1791 1559 1986 1610 creatae,
2018 1553 2197 1614 similes

229 1621 333 1665 Deo
360 1622 706 1665 constituuntur.

320 1688 370 1732 Si
394 1689 530 1746 igitur
556 1703 626 1732 res
655 1703 817 1732 omnes
842 1689 890 1732 in
914 1689 1069 1732 Deum
1096 1690 1211 1733 sicut
1242 1688 1288 1732 in
1325 1687 1537 1733 ultimum
1575 1688 1715 1734 finem
1747 1687 1939 1735 tendunt
1970 1698 2021 1735 ut
2049 1675 2193 1749 ipsius

229 1755 482 1799 bonitatem
510 1765 860 1814 consequantur,
887 1756 1090 1814 sequitur
1112 1755 1234 1814 quod
1251 1754 1438 1799 ultimus
1454 1769 1605 1799 rerum
1622 1754 1723 1798 finis
1740 1755 1797 1799 sit
1810 1754 1914 1799 Deo
1938 1754 2193 1801 assimilari.
2234 1805 2238 1806 ⁷

318 1821 551 1880 Amplius.
580 1836 718 1880 agens
753 1822 916 1866 dicitur
942 1837 1040 1866 esse
1067 1822 1168 1866 finis
1197 1821 1438 1876 effectus,'
1427 1836 1474 1864 1n
1501 1831 1721 1880 quantum
1753 1820 1941 1867 effectus
1969 1821 2115 1867 tendit
2143 1822 2192 1868 in

230 1889 575 1933 similitudinem
603 1890 797 1947 agentis;
825 1889 944 1933 unde
970 1889 1118 1933 forma
1145 1889 1350 1947 generati
1376 1899 1444 1932 est
1467 1888 1569 1932 finis
1595 1887 1917 1947 generationis.
1940 1887 2034 1936 Sed
2063 1888 2192 1951 Deus

228 1956 291 1999 ita
319 1967 387 1999 est
412 1955 513 1999 finis
540 1970 692 2000 rerum
719 1956 841 2015 quod
870 1966 936 2000 est
962 1959 1098 2000 etiam
1131 1957 1329 2014 primum
1363 1970 1503 2014 agens
1531 1970 1701 2000 earum.
1737 1955 1911 2000 Omnia
1940 1954 2077 2014 igitur
2099 1965 2194 2000 ten-

230 2022 355 2076 dunt,
383 2024 498 2066 sicut
525 2023 579 2065 ad
607 2022 819 2066 ultimum
846 2023 1000 2076 finem,
1033 2016 1135 2066 Deo
1164 2022 1419 2066 assimilari.

318 2090 458 2133 Item:
487 2091 531 2132 in
560 2090 771 2133 omnibus
797 2090 930 2134 rebus
958 2090 1188 2133 evidenter
1215 2098 1398 2148 apparet
1414 2089 1535 2147 quod
1555 2102 1652 2132 esse
1670 2097 1885 2146 appetunt
1904 2087 2192 2144 naturaliter3

229 2157 363 2210 unde,
393 2167 436 2200 et
469 2158 503 2200 si
542 2171 630 2215 qua
665 2157 897 2214 corrumpi
933 2167 1136 2215 possunt,
1166 2155 1433 2207 naturaliter
1468 2155 1861 2214 corrumpentibus
1891 2155 2116 2210 resistunt,
2148 2165 2194 2200 et

228 2224 420 2268 tendunt
445 2223 553 2267 illuc
587 2224 661 2268 ubi
689 2234 1029 2279 conserventur,
1056 2224 1173 2268 sicut
1197 2223 1314 2281 ignis
1341 2237 1520 2267 sursum
1547 2233 1590 2266 et
1614 2232 1732 2266 terra
1764 2222 1992 2266 deorsum.
2024 2222 2194 2268 Secun-

231 2291 341 2334 dum
367 2291 458 2335 hoc
487 2301 640 2335 autem
669 2305 767 2335 esse
793 2291 962 2335 habent
989 2291 1146 2334 omnia
1180 2291 1302 2349 quod
1338 2290 1441 2334 Deo
1480 2289 1800 2342 assimilantur,
1833 2289 1911 2348 qui
1945 2299 2012 2334 est
2041 2290 2193 2348 ipsum

232 2372 330 2402 esse
357 2358 618 2412 subsistens,
643 2372 784 2416 quum
803 2358 958 2401 omnia
977 2358 1066 2401 sint
1082 2357 1234 2401 solum
1252 2357 1379 2416 quasi
1397 2371 1495 2401 esse
1513 2355 1842 2416 participantia.
1866 2355 2039 2401 Omnia
2054 2356 2192 2416 igitur

232 2435 461 2484 appetunt,
488 2425 618 2484 quasi
642 2424 857 2479 ultimum
883 2424 1038 2478 finem,
1064 2425 1167 2468 Deo
1197 2423 1450 2468 assimilari.

320 2494 583 2537 Praeterea:
611 2506 682 2535 res
715 2505 876 2535 omnes
905 2501 1082 2535 creatae
1109 2501 1212 2535 sunt
1239 2490 1464 2549 quaedam
1489 2489 1713 2548 imagines
1738 2488 1874 2550 primi
1899 2489 2090 2550 agentis,
2109 2490 2192 2536 sci-

228 2559 336 2603 licet
362 2558 479 2612 Dei;
507 2573 646 2617 agens
673 2558 797 2602 enim
823 2558 916 2616 agit
941 2557 1025 2601 sibi
1051 2556 1224 2612 simile3
1251 2556 1470 2616 perfectio
1498 2557 1621 2601 enim
1642 2556 1856 2615 imaginis
1872 2566 1940 2602 est
1955 2566 2005 2601 ut
2018 2571 2194 2617 reprae-

230 2635 377 2670 sentet
402 2639 534 2669 suum
563 2624 796 2684 exemplar
821 2639 900 2684 per
927 2623 1273 2668 similitudinem
1301 2624 1357 2668 ad
1382 2624 1556 2683 ipsum;
1584 2623 1639 2667 ad
1665 2623 1756 2668 hoc
1775 2622 1898 2668 enim
1913 2624 2069 2684 imago
2086 2637 2192 2669 con-

229 2693 439 2738 stituitur.
469 2692 586 2736 Sunt
609 2693 747 2750 igitur
769 2706 839 2736 res
858 2705 1019 2736 omnes
1036 2700 1219 2751 propter
1237 2691 1438 2735 divinam
1457 2690 1800 2735 similitudinem
1819 2690 2190 2751 consequendam

230 2760 345 2805 sicut
371 2770 554 2819 propter
581 2759 794 2803 ultimum
819 2758 972 2802 finem.

318 2827 513 2871 Adhuc:
543 2827 694 2871 omnis
720 2841 791 2871 res
818 2841 898 2889 per
924 2840 1058 2870 suum
1084 2835 1265 2869 motum
1290 2824 1364 2869 vel
1394 2824 1626 2869 actionem
1650 2824 1834 2869 tendit‘
1821 2839 1869 2869 m
1895 2823 2079 2885 aliquod
2108 2824 2191 2870 bo-

229 2909 342 2939 num
368 2895 486 2938 sicut
512 2895 556 2938 in
583 2894 739 2948 finem,
766 2903 815 2937 ut
841 2907 976 2952 supra
1003 2902 1239 2936 ostensum
1265 2902 1333 2936 est
1356 2893 1417 2951 (c.
1450 2890 1553 2949 16.).
1579 2893 1632 2936 In
1653 2901 1829 2936 tantum
1846 2901 2000 2937 autem
2021 2888 2191 2954 aliquid

231 2962 287 3006 de
312 2962 436 3005 bono
464 2961 715 3020 participat,
743 2961 789 3003 in
816 2970 1038 3019 quantum
1065 2958 1338 3004 assimilatur
1363 2960 1539 3018 primae
1564 2959 1771 3013 bonitati,
1803 2973 1919 3019 quae
1949 2959 2077 3006 Deus
2109 2969 2188 3005 est.
2205 2962 2210 2967 “

232 3028 404 3073 Omnia
430 3028 567 3086 igitur
592 3042 670 3086 per
696 3037 849 3071 motus
875 3041 983 3072 suos
1010 3037 1055 3071 et
1087 3027 1290 3072 actiones
1316 3026 1507 3071 tendunt
1537 3028 1583 3071 in
1615 3026 1815 3071 divinam
1846 3025 2190 3073 similitudinem

229 3096 346 3140 sicut
370 3095 417 3139 in
443 3095 583 3139 finem
609 3093 836 3138 ultimum.
1871 3114 1874 3115 ⁷

998 3247 1253 3304 CAPUT
1296 3249 1423 3305 XX.
1834 3202 1854 3207 W
2155 3258 2172 3277 ·

501 3386 788 3433 QUOMODO
830 3387 924 3425 RES
959 3386 1194 3425 DIVINAM
1226 3385 1551 3425 BONITATEM
1590 3385 1914 3426 IMITENTUR.

317 3500 448 3543 Patet
481 3513 591 3558 ergo
619 3513 672 3542 ex
698 3498 768 3542 his
797 3512 913 3557 quae
941 3497 1060 3541 dicta
1086 3506 1205 3551 sunt,
1231 3496 1353 3556 quod
1382 3496 1621 3541 assimilari
1648 3497 1704 3541 ad
1729 3497 1882 3543 Deum
1903 3504 1972 3543 est
2000 3494 2187 3542 ultimus

229 3566 436 3609 omnium
464 3565 577 3609 finis.
605 3566 655 3608 Id
684 3575 836 3609 autem
863 3565 985 3623 quod
1013 3563 1193 3623 proprie
1225 3563 1359 3607 habet
1386 3564 1612 3608 rationem
1638 3563 1739 3608 finis
1765 3573 1834 3608 est
1856 3562 2042 3609 bonum.
2068 3560 2188 3608 Ten·

229 3632 340 3677 dunt
363 3633 499 3692 igitur
525 3646 596 3678 res
622 3632 669 3676 in
695 3633 785 3678 hoc
813 3631 936 3692 quod
963 3629 1267 3676 assimilentur
1292 3629 1396 3675 Deo
1423 3630 1604 3690 proprie
1625 3630 1672 3675 in
1693 3627 1920 3691 quantum
1936 3637 2006 3677 est
2023 3628 2186 3678 bonus.

2268 3538 2319 3622 ἑὲ
