2332 3854
828 183 983 223 LlBER
1025 184 1098 223 111.
1143 184 1263 224 cap,
1306 183 1471 222 cxxx.
2025 169 2132 240 487

177 283 315 329 trahit
338 284 394 329 ad
420 298 468 331 se
500 283 801 329 intentionem
822 284 1040 340 hominis,
1072 300 1188 345 quae
1220 299 1314 330 non
1337 294 1486 345 potest
1512 283 1648 328 simul
1675 284 1730 328 ad
1757 284 1884 344 plura
1908 285 2136 345 dispergi:

178 351 296 396 unde
328 365 512 397 necesse
539 360 608 396 est
632 350 754 411 quod
781 351 868 395 alia
891 352 1108 411 potentia,
1130 352 1204 398 vel
1230 352 1429 397 totaliter
1450 350 1723 411 impediatur
1744 352 1789 395 in
1817 366 1900 396 suo
1923 362 2041 404 actu,
2063 351 2138 396 vel

177 419 300 478 quod
333 420 428 477 ejus
465 428 592 463 actus
630 418 918 462 diminuatur.
962 419 1202 464 Inferiores
1236 430 1388 464 autem
1420 419 1553 472 vires,
1595 418 1697 462 dico
1732 418 1848 462 vires
1881 419 2136 472 sensitivas,

176 494 270 528 tam
306 485 672 544 apprehensivas,
705 495 753 528 ut
775 499 1086 544 quoscumque
1114 500 1271 530 sensus
1305 485 1549 530 exteriores
1577 494 1621 528 et
1654 485 1904 539 interiores,
1929 494 1976 528 ut
1999 485 2138 543 phan-

176 553 339 595 tasiam
372 562 416 596 et
447 551 534 595 alia
559 553 678 596 vires
705 561 1048 610 consequentes,
1085 567 1223 611 quam
1252 553 1388 597 etiam
1418 551 1699 611 appetitivas‚
1726 561 1775 595 ut
1795 551 2068 596 irascibilem
2092 560 2137 594 et

176 618 592 677 concupiscibilem.
627 617 759 662 Unde
793 632 898 662 curn
924 617 1056 662 fuerit
1081 618 1208 663 fortis
1235 618 1476 663 delectatio
1499 620 1544 662 in
1567 632 1702 662 sensu
1725 628 1802 662 aut
1827 617 1956 662 multi
1981 627 2134 662 motus

174 684 221 728 in
247 684 499 743 phantasia,
516 684 588 729 vel
609 685 655 728 in
681 685 885 729 venereis
911 684 1145 729 inclinatio
1170 685 1550 744 concupiscibilis,
1574 694 1650 729 aut
1665 683 1902 729 irascibilis
1926 686 1970 728 in
1999 683 2135 737 aliud,

174 765 363 795 necesse
397 762 463 796 est
495 752 617 810 quod
650 766 779 796 mens
810 752 856 795 in
888 766 972 797 suo
995 762 1098 796 actu
1124 753 1398 811 impediatur
1420 754 1664 811 quominus
1691 751 1860 796 feratur
1885 751 1932 795 in
1948 752 2134 806 Deum;

176 815 266 861 alio
298 818 454 871 modo,
477 831 531 862 ex
554 828 679 876 parte
699 817 837 876 ipsius
860 819 1038 872 mentis,
1066 833 1144 877 per
1170 819 1260 862 hoc
1284 819 1405 877 quod
1434 819 1552 862 circa
1581 818 1731 878 aliqua
1759 818 1846 862 alia
1872 827 2134 877 occupetur.

173 882 280 928 Non
313 885 435 928 enim
467 898 556 927 una
589 885 791 943 potentia
824 885 868 928 in
896 884 1024 943 plura
1049 886 1234 944 objecta
1268 895 1419 944 potest
1445 885 1581 930 simul
1603 885 1801 945 perfecte
1829 887 2018 931 moveri.

264 949 353 996 Sed
380 951 485 1009 quia
517 965 644 995 mens
675 952 813 995 utitur
837 951 1122 996 inferioribus
1147 952 1314 996 viribus
1341 955 1467 1011 quasi
1491 953 1817 1006 instrumentis,
1841 966 1946 996 cum
1965 954 2007 996 ei
2034 951 2139 995 obe-

175 1015 316 1071 diunt,
341 1025 387 1062 et
412 1017 532 1062 circa
558 1018 735 1061 diversa
762 1020 975 1076 occupari
1008 1028 1158 1077 potest
1189 1019 1241 1063 in.
1268 1020 1426 1063 ordine
1461 1019 1516 1062 ad
1550 1034 1707 1075 unum,
1734 1020 1789 1063 ad
1823 1019 1950 1077 cujus
1984 1032 2137 1077 appre-

174 1082 446 1128 hensionem
479 1098 558 1143 per
589 1083 666 1128 illa
707 1085 914 1142 juvatur3
954 1084 1300 1143 intelligendum
1348 1096 1413 1129 est
1447 1095 1634 1129 eatenus
1672 1095 1875 1129 mentem
1908 1099 1987 1144 per
2023 1083 2135 1128 infe-

174 1150 320 1196 riores
341 1150 459 1196 vires
487 1162 562 1195 aut
588 1166 665 1210 per
690 1152 1041 1210 occupationem
1067 1153 1161 1210 ejus
1189 1153 1307 1196 circa
1331 1152 1442 1196 alias
1469 1152 1678 1209 impediri
1700 1152 1946 1211 quominus
1968 1150 2137 1195 feratur

172 1217 221 1262 in
246 1217 412 1273 Deum,
437 1218 484 1262 in
510 1228 728 1278 quantum
756 1218 833 1262 illa
858 1219 912 1262 ad
935 1229 1112 1263 motum
1141 1219 1305 1263 mentis
1332 1219 1377 1262 in
1404 1219 1556 1263 Deum
1583 1233 1677 1262 non
1705 1219 1997 1263 ordinantur:
2025 1218 2137 1262 alio-

174 1284 299 1343 quin,
323 1299 403 1344 per
433 1286 676 1344 praedicta,
703 1300 832 1330 mens
864 1286 1066 1330 hominis
1093 1286 1147 1330 ab
1174 1286 1266 1330 hoc
1283 1286 1406 1345 quod
1432 1285 1601 1330 feratur
1632 1285 1770 1329 libere
1796 1286 1844 1329 in
1865 1286 2019 1330 Deum
2041 1299 2135 1329 non

172 1351 429 1410 impeditur,
460 1353 540 1397 sed
567 1353 713 1411 magis
743 1354 935 1410 juvatur.

263 1418 499 1477 Siquidem
531 1420 1080 1479 occupationem·mentis
1107 1420 1228 1464 circa
1259 1419 1348 1464 alia
1373 1419 1517 1464 homo
1549 1433 1643 1463 non
1676 1429 1826 1477 potest
1857 1418 2048 1463 omnino
2074 1418 2136 1462 vi·

172 1494 283 1538 tare,
315 1499 396 1543 per
425 1485 517 1529 hoc
551 1486 670 1544 quod
689 1495 870 1544 oportet
887 1500 992 1530 eum
1015 1486 1249 1531 sollicitari
1269 1486 1388 1530 circa
1411 1500 1463 1530 ea
1482 1500 1598 1545 quae
1620 1496 1724 1530 sunt
1743 1485 1999 1546 necessaria
2013 1485 2134 1529 vitae

174 1550 424 1610 corporali3
453 1561 558 1596 sunt
578 1561 734 1596 tamen
755 1552 889 1610 hujus
907 1552 1223 1597 sollicitudinis
1255 1554 1300 1596 in
1326 1552 1591 1596 hominibus
1614 1553 1778 1611 gradus
1800 1552 1925 1606 varii,
1939 1565 2135 1611 quorum

172 1617 357 1675 quidem
387 1617 560 1676 primus
592 1618 796 1662 consistit
826 1618 872 1662 in
905 1618 1009 1673 hoc,
1037 1619 1159 1677 quod
1185 1619 1330 1663 homo
1357 1618 1772 1663 sollicitatur'circa
1800 1633 1854 1663 ea
1887 1633 2003 1678 quae
2030 1627 2134 1663 sunt

96 1742 105 1747 -
171 1683 293 1728 vitae
325 1683 590 1743 corporalis,
615 1694 837 1742 quantum
863 1685 1122 1729 communis
1154 1685 1319 1729 modus
1349 1685 1582 1729 humanae
1608 1685 1727 1729 vitae
1749 1686 1944 1744 requirit,
1970 1696 2018 1730 ut
2051 1685 2136 1729 sci-

171 1748 281 1795 licet
303 1750 540 1808 provideat
569 1750 616 1794 in
647 1751 913 1796 necessariis
946 1752 1044 1806 sibi,
1071 1752 1217 1805 uxori,
1249 1751 1367 1805 filiis,
1400 1761 1444 1795 et
1473 1751 1571 1795 aliis
1594 1752 1798 1810 personis
1826 1753 1881 1796 ad
1909 1766 2014 1795 eum
2041 1767 2137 1811 per-

172 1816 415 1860 tinentibus
440 1816 692 1860 secundum
715 1827 881 1862 statum
905 1832 1062 1863 suum:
1085 1828 1130 1862 et
1151 1818 1226 1862 hic
1249 1818 1433 1877 quidem
1456 1817 1773 1862 sollicitudinis
1799 1818 1964 1877 gradus
1985 1818 2136 1863 licitus

172 1892 261 1937 est,
281 1892 335 1927 et—
349 1883 479 1943 quasi
508 1883 689 1928 homini
715 1884 1034 1929 connaturalis.

263 1949 527 1995 Secundum
560 1960 712 1995 autern
745 1952 910 2010 gradus
943 1962 1010 1996 est
1037 1966 1143 1996 cum
1175 1951 1321 1996 homo
1345 1952 1540 2011 amplius
1573 1951 1843 1997 sollicitatur
1865 1953 1986 1997 circa
2011 1967 2136 2012 prae-

174 2015 310 2071 dicta,
350 2031 489 2075 quam
530 2018 790 2062 communis
831 2018 996 2063 modus
1028 2018 1259 2063 humanae
1290 2019 1410 2063 vitae
1442 2019 1640 2078 requirat
1670 2020 1922 2064 secundum
1964 2030 2129 2064 statum

174 2083 434 2142 proprium;
473 2097 569 2129 non
606 2094 762 2128 tamen
802 2084 919 2129 haec
952 2084 1214 2129 sollicitudo
1246 2085 1293 2128 in
1338 2096 1516 2138 tantum
1563 2086 1783 2145 procedit,
1823 2086 1945 2145 quod
1985 2087 2130 2131 homo

171 2159 356 2209 propter
380 2150 526 2209 ipsam
560 2151 613 2194 ab
641 2151 800 2195 ordine
833 2151 910 2211 qui
932 2161 1000 2195 est
1023 2152 1069 2195 in
1087 2152 1241 2196 Deum
1258 2153 1456 2206 recedat,
1480 2153 1856 2212 transgrediendo
1889 2164 2132 2213 praecepta

170 2216 367 2275 justitiae
393 2227 438 2261 et
463 2217 677 2275 caritatis.
694 2218 746 2262 In
763 2218 853 2262 hoc
877 2218 1062 2277 quidem
1085 2229 1326 2278 peccatum
1353 2218 1645 2264 manifestum
1666 2229 1746 2274 est,
1770 2234 1876 2263 curn
1899 2221 2132 2280 propriam

171 2297 435 2329 mensuram
460 2283 606 2328 homo
633 2284 850 2339 excedat;
876 2299 970 2329 non
991 2295 1147 2329 tamen
1173 2285 1383 2340 mortale,
1411 2287 1515 2345 quia
1542 2296 1700 2330 contra
1726 2297 1967 2345 praecepta
1999 2287 2133 2346 justi-

169 2349 261 2396 tiae
293 2360 338 2394 et
369 2350 567 2395 caritatis
598 2350 712 2395 nihil
744 2351 944 2396 molitur.
971 2352 1149 2396 Dicitur
1176 2362 1329 2396 autem
1356 2362 1597 2411 peccatum
1624 2353 1818 2409 veniale,
1844 2355 1974 2413 quasi
1998 2353 2132 2398 facile

171 2416 456 2472 remissibile,
483 2427 580 2462 tum
613 2419 734 2477 quia,
766 2420 966 2463 manenti
1000 2419 1046 2462 in
1089 2419 1248 2463 ordine
1276 2420 1332 2463 ad
1358 2420 1497 2464 finem
1531 2421 1568 2465 si
1596 2422 1726 2464 'error
1758 2420 1918 2480 aliquis
1942 2421 2133 2476 accidat,

171 2484 229 2528 de
257 2483 382 2529 sacili
407 2495 532 2544 patet
561 2485 635 2529 via
661 2485 911 2544 dirigendi;
943 2486 1061 2530 sicut
1090 2486 1137 2529 in
1169 2486 1369 2530 scientiis
1401 2487 1707 2546 speculativis,
1741 2488 1778 2532 si
1805 2487 1965 2547 aliquis
1997 2488 2135 2532 habet

171 2564 327 2595 veram
354 2551 704 2610 conceptionem
736 2552 791 2597 de
817 2553 1062 2611 principiis,
1090 2553 1145 2596 de
1177 2552 1303 2596 facili
1329 2563 1478 2612 potest
1503 2569 1584 2612 per
1615 2569 1666 2598 ea
1696 2554 1924 2613 corrigere
1957 2555 1995 2598 si
2016 2569 2131 2614 quos

173 2630 350 2662 errores
382 2617 503 2662 circa
535 2617 855 2663 conclusiones
882 2620 1088 2678 patiatur.
1122 2619 1245 2663 Finis
1273 2630 1424 2664 autem
1458 2621 1503 2664 in
1539 2621 1696 2665 activis
1728 2630 1794 2665 est
1826 2622 1942 2666 sicut
1972 2622 2132 2681 princi-

173 2683 300 2742 pium
331 2684 379 2727 in
405 2683 723 2742 speculativis:
758 2695 855 2729 tum
890 2686 1027 2729 etiam
1060 2687 1164 2744 quia
1190 2686 1237 2729 in
1272 2687 1469 2731 amicitia
1504 2688 1707 2732 manenti
1739 2688 1794 2731 de
1825 2687 1947 2732 facili
1986 2689 2134 2733 remit-

172 2750 280 2794 titur
310 2750 349 2795 si
380 2750 486 2809 quid
519 2750 729 2810 deliquit:
770 2762 868 2796 tum
901 2753 1038 2796 etiam
1071 2755 1176 2811 quia
1209 2767 1300 2797 non
1344 2764 1414 2797 est
1453 2753 1585 2798 facile
1620 2755 1810 2798 omnino
1844 2756 2034 2799 modum
2067 2765 2135 2799 te-

173 2830 282 2861 nere
316 2817 421 2861 etin
453 2817 580 2862 nullo
608 2819 841 2862 excedere.
870 2819 1004 2863 Unde
1031 2822 1106 2878 qui
1134 2819 1340 2878 regulam
1369 2821 1570 2875 rationis,
1598 2836 1715 2879 quae
1737 2821 1930 2865 sumitur
1956 2836 2010 2866 ex
2027 2821 2132 2876 fine,

175 2897 201 2926 a
227 2883 364 2927 corde
389 2882 479 2928 'suo
511 2898 604 2928 non
632 2885 797 2942 abjicit,
824 2884 930 2929 licet
961 2886 1007 2928 in
1034 2886 1104 2929 his
1130 2901 1246 2945 quae
1269 2886 1517 2945 regulanda
1541 2897 1644 2931 sunt
1669 2902 1762 2932 non
1785 2889 2051 2933 omnimode
2069 2903 2134 2932 re·

174 2950 438 2994 ctitudinem
465 2959 626 3004 servet,
652 2964 746 2994 non
773 2961 840 2995 est
866 2951 1061 2996 multum
1090 2951 1354 3011 culpandus,
1387 2954 1464 2997 sed
1497 2954 1628 2998 venia
1663 2954 1839 3012 dignus.

264 3014 446 3060 Tertius
464 3027 618 3061 autem
635 3018 800 3076 gradus
826 3029 907 3071 est,
926 3033 1031 3062 curn
1057 3019 1317 3062 sollicitudo
1332 3020 1593 3078 -praemissa
1617 3021 1660 3064 in
1687 3030 1863 3065 tantum
1891 3021 2124 3075 excrescit,

174 3083 296 3143 quod
323 3083 475 3128 anima
497 3084 686 3128 omnino
706 3085 759 3128 ab
788 3085 946 3129 ordine
973 3085 1049 3144 qui
1068 3096 1134 3129 est
1159 3086 1204 3129 in
1222 3086 1373 3129 Deum
1401 3087 1584 3141 recedit,
1610 3088 1984 3146 transgrediendo
2007 3103 2131 3148 prae-

173 3161 306 3210 cepta
322 3149 518 3208 justitiae
542 3161 586 3195 et
611 3151 822 3206 caritatis,
854 3151 959 3195 fidei
991 3162 1036 3196 et
1061 3153 1171 3211 spei,
1187 3153 1300 3205 {sine
1327 3153 1487 3212 quibus
1507 3167 1635 3198 mens
1651 3154 1852 3199 hominis
1870 3168 1962 3199 non
1981 3165 2131 3213 potest

174 3217 375 3262 ordinari
406 3217 452 3260 in
478 3217 656 3261 Deum:
689 3229 733 3262 et
758 3218 848 3262 hoc
881 3217 1119 3262 manifeste
1146 3229 1381 3277 peccatum
1411 3219 1604 3264 mortale
1637 3231 1716 3265 est.

266 3283 466 3335 Quartus
490 3293 642 3327 autem
664 3284 829 3342 gradus
857 3295 936 3338 est,
964 3286 1146 3344 quando
1176 3300 1199 3329 e
1234 3287 1465 3330 contrario
1491 3287 1752 3332 sollicitudo
1788 3288 1990 3332 hominis
2016 3288 2131 3333 sistit

173 3349 289 3394 infra
306 3364 601 3394 communem
620 3351 811 3395 modum
822 3351 1051 3396 humanae
1064 3353 1204 3406 vitae3
1223 3353 1343 3411 quod
1364 3354 1547 3412 quidem
1566 3355 1601 3398 si
1622 3368 1675 3398 ex
1692 3355 1960 3399 remissione
1973 3354 2129 3409 animi,

174 3426 251 3461 aut
276 3431 329 3460 ex
352 3416 502 3476 aliqua
527 3416 725 3461 indebita
750 3417 1002 3462 intentione
1021 3417 1111 3473 fiat,
1136 3419 1188 3462 ad
1212 3419 1443 3478 ignaviam
1466 3431 1708 3478 reputatur.
1728 3421 1986 3480 Utrumque
2004 3423 2127 3466 enim

172 3482 532 3542 transgrediendi
557 3484 761 3528 medium
788 3483 1013 3543 culpabile
1038 3495 1117 3529 est.
1147 3485 1195 3529 Si
1223 3495 1376 3530 autem
1404 3486 1459 3530 ad
1486 3486 1590 3541 hoc,
1617 3497 1665 3531 ut
1696 3488 1829 3532 rebus
1861 3487 2127 3532 melioribus

174 3559 374 3604 vacetur,
400 3549 573 3595 scilicet
599 3560 648 3595 ut
672 3564 803 3596 mens
827 3549 995 3596 feratur
1025 3551 1164 3596 libere
1189 3552 1244 3596 ad
1272 3552 1438 3607 divina,
1461 3552 1702 3613 perfectius
1729 3564 1795 3599 est
1820 3555 2022 3600 humana
2043 3555 2127 3599 vir-
