2332 3854
745 282 897 330 LIBER
936 292 1013 330 111.
1055 286 1174 331 cApt
1216 289 1401 329 xxxw.
1945 289 2045 344 331

103 393 306 447 talitatis,
331 392 404 438 vel
428 391 727 446 fortitudinis;
754 392 1073 437 intellectualis
1101 402 1252 437 autem
1276 390 1464 436 actionis
1489 389 1665 433 nullum
1695 388 1866 432 animal
1888 388 2055 447 aliquid

8 463 14 470 ’
106 461 352 522 participat.
379 459 485 504 Non
507 469 574 504 est
595 459 730 518 igitur
757 459 916 503 ultima
941 459 1144 503 hominis
1169 458 1360 503 felicitas
1386 456 1434 502 in
1461 457 1633 501 actibus
1661 455 1924 499 moralibus.

768 611 788 631 b

818 692 1071 748 CAPUT
1113 651 1347 748 XXxV.

336 836 495 882 QUOD
537 835 748 874 ULTIMA
787 834 1018 873 HOMINIS
1059 835 1342 873 FELICITAS
1383 835 1500 874 NON
1541 834 1834 874 CONSISTIT

758 918 814 956 IN
853 917 1003 955 ACTU
1045 917 1412 956 PRUDENTIAE.

195 1059 259 1103 Ex
285 1058 375 1104 hoc
399 1058 537 1102 etiarn
563 1067 750 1118 apparet
774 1057 897 1116 quod
920 1070 1067 1117 neque
1085 1057 1131 1100 in
1155 1068 1258 1101 actu
1285 1056 1550 1116 prudentiae
1577 1046 1831 1100 est‘ultima
1852 1053 2054 1099 hominis

105 1124 311 1171 felicitas.

111 1212 114 1215 ’
194 1193 339 1237 Actus
365 1191 487 1236 enim
514 1191 779 1250 prudentiae
806 1201 873 1235 est
899 1190 1049 1235 solum
1083 1191 1204 1235 circa
1229 1204 1283 1235 ea
1309 1204 1426 1249 quae
1444 1200 1548 1234 sunt
1565 1188 1810 1234 moralium
1828 1190 2062 1232 virtutum.

0 1317 2 1322 ι
105 1258 214 1320 Non
233 1264 307 1303 ⁴est
332 1262 484 1302 autem
499 1258 545 1302 in
573 1258 745 1302 actibus
763 1257 1008 1302 moralium
1031 1258 1248 1302 virtutum
1265 1257 1427 1302 ultima
1448 1257 1652 1301 hominis
1675 1255 1882 1300 felicitas.
1899 1254 2062 1314 Neque
2137 1258 2140 1261 “

104 1325 242 1386 igitur
266 1326 312 1369 in
339 1332 442 1369 'actu
474 1325 754 1384 prudentiae.
784 1342 788 1347 ·

194 1391 380 1437 Adhuc:
408 1391 567 1435 ultima
583 1391 774 1436 felicitas
790 1391 991 1436 hominis
1010 1402 1077 1436 est
1097 1392 1143 1435 in
1162 1391 1335 1450 optima
1352 1391 1554 1436 hominis
1573 1390 1850 1450 operatione.
1872 1389 2062 1448 Optima

15 1460 26 1487 ⁵2
106 1462 258 1503 autem
284 1458 487 1502 hominis
520 1459 738 1518 operatio,
771 1459 1022 1503 secundum
1054 1458 1098 1502 id
1136 1459 1259 1517 quod
1294 1469 1361 1502 est
1398 1459 1630 1517 proprium
1664 1457 1880 1510 hominis,
1914 1465 1982 1500 est
2012 1456 2059 1499 in

107 1525 450 1584 comparatione
476 1524 531 1568 ad
563 1524 892 1583 perfectissima
927 1526 1118 1584 objecta.
1154 1525 1376 1582 Operatio
1410 1535 1564 1569 autem
1590 1524 1855 1584 prudentiae
1878 1537 1972 1567 non
1995 1532 2064 1567 est

106 1595 215 1651 erga
241 1591 418 1650 objecta
444 1590 772 1650 perfectissima
793 1591 1063 1646 intellectus,
1084 1591 1159 1635 vel
1184 1591 1398 1645 rationis3
1425 1605 1519 1635 non
1538 1592 1661 1635 enim
1693 1601 1761 1635 est
1786 1603 1894 1650 erga
1910 1603 2065 1634 neces-

9 1631 18 1647 ς

106 1658 239 1711 saria,
260 1657 339 1702 sed
366 1671 472 1716 erga
500 1657 811 1716 contingentia
837 1657 1099 1717 operabilia.
1126 1658 1234 1702 Non
1257 1667 1322 1702 est
1349 1658 1485 1716 igitur
1510 1658 1556 1701 in
1584 1658 1679 1715 ejus
1707 1657 1973 1716 operatione
2000 1655 2065 1700 ul·

106 1725 220 1770 tima
249 1724 451 1770 hominis
481 1722 686 1768 felicitas.
1141 1769 1148 1775 ,
2113 1771 2116 1774 ,

182 1788 430 1849 Amplius:
456 1790 577 1849 quod
604 1791 839 1835 ordinatur
865 1791 920 1835 ad
947 1789 1141 1835 alterum
1173 1791 1290 1834 sicut
1323 1791 1377 1834 ad
1404 1789 1544 1835 finem
1571 1805 1663 1835 non
1692 1801 1759 1835 est
1785 1790 1946 1835 ultima
1977 1790 2064 1834 ho-

10 1866 17 1874 *
109 1857 243 1902 minis
279 1856 485 1902 felicitas.
521 1857 743 1916 Operatio
781 1867 933 1901 autem
969 1858 1234 1916 prudentiae
1273 1859 1507 1901 ordinatur
1540 1854 1605 1902 ad*
1633 1858 1824 1902 alterum
1858 1859 1976 1902 sicut
2007 1857 2064 1900 ad

107 1923 270 1969 fabem:
296 1932 395 1968 turn
421 1923 526 1983 quia
549 1924 699 1968 omnis
724 1924 924 1983 practica
951 1925 1172 1982 cognitio,
1195 1924 1276 1968 sub
1305 1938 1393 1983 qua
1421 1925 1679 1969 continetur
1705 1925 1957 1984 prudentia,
1991 1938 2063 1968 or-

107 1991 286 2036 dinatur
316 1991 373 2035 ad
400 1991 736 2049 operationem3
762 2001 861 2035 tum
888 1991 1026 2035 etiarn
1054 1991 1158 2049 quia
1185 1990 1422 2049 prudentia
1455 1989 1563 2034 facit
1589 1992 1830 2036 hominem
1861 1991 1978 2035 bene
2010 2004 2059 2035 se

106 2056 277 2102 habere
309 2057 358 2101 in
389 2057 462 2102 his
494 2062 612 2116 quae
637 2067 742 2101 sunt
777 2058 832 2102 ad
869 2056 1005 2101 finem
1035 2057 1262 2116 eligenda,
1287 2057 1406 2100 sicut
1437 2067 1561 2116 patet
1586 2072 1667 2116 per
1693 2057 1992 2102 Aristotelem
2019 2060 2064 2102 in

107 2133 234 2169 sexto
260 2124 406 2169 Ethic.
434 2125 495 2181 (c.
528 2122 630 2181 16.).
656 2123 764 2168 Non
792 2133 859 2168 est
875 2124 1012 2183 igitur
1028 2124 1076 2167 in
1093 2124 1360 2184 operatione
1383 2124 1650 2183 prudentiae
1673 2125 1836 2169 ultima
1861 2124 2064 2168 hominis

108 2190 315 2236 felicitas.

196 2257 312 2302 Item
328 2257 569 2301 :animalia
585 2256 910 2301 irrationabilia
923 2271 1015 2301 non
1029 2251 1300 2317 participant
1317 2257 1485 2316 aliquid
1504 2257 1744 2311 felicitatis,
1767 2259 1883 2303 sicut
1902 2259 2066 2318 probat

23 2323 27 2326 ’
108 2319 379 2389 Aristoteles
397 2324 444 2368 in
461 2324 610 2383 primo
628 2324 774 2368 Ethic.
792 2326 853 2383 (c.
877 2325 980 2382 13.).
1003 2325 1282 2384 Participant
1303 2335 1455 2369 autem
1474 2325 1697 2384 quaedam
1718 2339 1878 2369 eorum
1897 2325 2065 2384 aliquid

19 2366 27 2414 ’ἶ
107 2391 388 2452 prudentiae,
414 2400 464 2435 ut
488 2401 611 2449 patet
637 2405 715 2450 per
741 2391 952 2435 eumdem
981 2391 1027 2435 in
1060 2393 1209 2451 primo
1235 2392 1490 2451 Metaphys.
1518 2393 1578 2450 (c.
1608 2393 1680 2449 1.).
1707 2392 1850 2451 Igitur
1873 2391 2066 2437 felicitas

106 2457 436 2506 non‘consistit
466 2458 513 2502 in
540 2457 806 2517 operatione
838 2458 1117 2518 prudentiae.

808 2726 1063 2784 CAPUT
1102 2727 1371 2804 XXXVI.

261 2855 421 2903 QUOD
462 2856 743 2895 FELICITAS
784 2857 895 2896 NON
934 2856 1222 2895 CONSISTIT
1257 2856 1313 2895 IN
1353 2855 1706 2918 OPERATIONE
1741 2855 1914 2896 ARTIS.

202 2993 333 3038 Patet
363 2994 500 3038 etiam
532 2995 655 3054 quod
687 3007 835 3054 neque
866 2995 912 3039 in
945 2997 1212 3054 operatione
1246 2996 1368 3040 artis.

204 3060 328 3113 Quia
368 3061 506 3106 etiam
556 3061 663 3105 artis
703 3062 907 3120 cognitio
946 3063 1144 3122 practica
1179 3072 1258 3117 est,
1295 3072 1340 3107 et
1379 3063 1440 3107 ita
1474 3062 1529 3107 ad
1561 3062 1699 3107 finem
1733 3063 1988 3117 ordinatur;
2022 3072 2067 3108 et

112 3127 217 3172 ideo
249 3128 346 3187 ipsa
376 3141 469 3172 non
502 3137 570 3172 est
605 3129 790 3173 ultimus
822 3128 937 3173 finis.

41 3248 43 3251 ι
201 3194 462 3238 Praeterea:
504 3195 823 3253 operationum
864 3196 970 3240 artis
1002 3195 1115 3240 fines
1147 3206 1251 3240 sunt
1294 3196 1543 3249 artificiata,
1587 3210 1702 3255 quae
1748 3210 1841 3240 non
1878 3206 2068 3255 possunt

35 3270 45 3315 j·
111 3273 211 3305 esse
242 3260 433 3307 ultimus
459 3260 559 3305 finis
590 3261 819 3306 humanae
850 3263 985 3316 vitae,
1012 3277 1151 3321 quum
1180 3265 1326 3321 magis
1353 3278 1438 3307 nos
1460 3264 1600 3307 simus
1627 3263 1739 3307 fines
1765 3265 1973 3307 omniurn
2002 3277 2068 3306 ar-

111 3326 388 3382 tificialium;
421 3328 577 3372 omnia
606 3328 732 3389 enim
771 3339 955 3388 propter
986 3330 1187 3375 hominis
1219 3345 1352 3375 usum
1386 3331 1510 3375 fiunt.
1543 3331 1650 3375 Non
1683 3341 1831 3390 potest
1853 3332 1989 3390 igitur
2019 3331 2065 3375 in

113 3395 378 3454 operatione
412 3395 516 3439 artis
550 3409 648 3439 esse
680 3395 840 3440 ultima
872 3395 1078 3441 felicitas.
