2332 3854
821 170 974 209 mnan
1014 169 1089 210 111.
1134 171 1253 210 cAP.
1295 168 1444 210 xtm.
2001 171 2100 226 343

158 265 306 314 forma
328 267 535 323 alterius;
575 267 706 324 sicut,
731 283 872 329 quum
901 270 1030 316 color
1055 282 1099 316 et
1124 270 1200 316 lux
1225 271 1313 316 sint
1338 271 1384 315 in
1417 270 1647 330 diaphano
1674 270 1793 314 sicut
1818 271 1863 315 in
1891 270 2110 330 subjecto,

37 319 51 329 ι’
126 363 132 377 2
159 345 340 394 oportet
369 334 491 394 quod
517 334 725 390 alterum,
756 336 931 381 scilicet
957 336 1048 391 lux,
1075 338 1133 383 sit
1158 339 1285 397 quasi
1310 337 1460 382 forma
1487 336 1684 391 alterius,
1717 336 1890 381 scilicet
1928 336 2109 381 coloris.

158 400 262 447 Hoc
279 411 431 446 autem
456 415 644 446 necesse
671 411 738 446 est
755 403 936 461 quando
963 404 1132 448 habent
1164 404 1372 449 ordinem
1400 404 1455 448 ad
1474 403 1687 458 invicem,
1714 417 1808 447 non
1833 403 1880 447 in
1906 403 1977 447 his
1996 417 2110 462 quae

157 480 237 526 per
263 467 473 512 accidens
501 469 836 527 conjunguntur
867 470 913 512 in
941 470 1104 513 eodem
1132 471 1351 529 subiecto,
1374 470 1490 515 sicut
1512 470 1674 514 albedo
1702 480 1747 514 et
1772 470 1960 514 musica.
1996 470 2111 514 Sunt

158 543 311 579 autem
336 534 567 579 intellecta
591 534 870 594 speculativa
897 547 940 579 et
972 535 1226 581 intellectus
1249 551 1389 596 agens
1416 537 1622 581 ordinem
1643 537 1698 580 ad
1724 536 1922 580 invicem
1944 536 2111 579 haben-

131 598 233 654 ,tia,
264 614 405 659 quum
430 600 662 645 intellecta
693 600 971 660 speculativa
998 602 1085 646 sint
1111 602 1229 647 facta
1257 603 1484 648 intellecta
1510 603 1556 647 in
1584 613 1687 647 actu
1712 617 1793 662 per
1827 602 2108 646 intellectum

163 676 386 725 agentem.
417 667 566 711 Habet
606 681 653 715 se
694 667 828 726 igitur
867 667 1124 712 intellectus
1152 684 1290 727 agens
1325 662 1380 712 ad
1421 669 1650 714 intellecta
1676 668 1954 728 speculativa
1982 667 2109 727 quasi

158 730 302 778 forma
329 733 384 777 ad
410 734 663 778 materiam.
703 734 900 793 Oportet
935 735 1070 792 igitur
1096 735 1233 793 quod,
1269 750 1410 793 quum
1444 736 1676 780 intellecta
1709 735 1987 794 speculativa
2018 735 2110 779 sint

159 799 288 845 nobis
314 799 525 858 copulata
552 814 631 859 per
657 800 989 858 phantasmata,
1023 815 1138 859 quae
1166 810 1269 845 sunt
1295 802 1423 860 quasi
1448 802 1678 860 quoddam
1707 802 1961 860 subiectum
1994 801 2111 860 ipso·

158 877 271 920 rum,
298 866 436 910 etiam
467 866 723 911 intellectus
757 881 895 925 agens
922 868 1211 911 continuetur
1242 868 1498 922 nobiscum,
1531 868 1577 911 in
1611 879 1831 927 quantum
1864 878 1931 912 est
1959 867 2110 912 forma

157 929 490 976 intellectorum
527 932 924 991 speculativorum.
966 933 1166 985 Quando
1199 934 1335 993 igitur
1359 935 1588 979 intellecta
1620 934 1897 993 speculativa
1929 943 2032 979 sunt
2063 935 2109 978 in

157 997 286 1041 nobis
311 998 463 1043 solum
495 999 541 1042 in
577 1000 794 1058 potentia,
825 999 1082 1044 intellectus
1117 1015 1256 1058 agens
1291 1001 1581 1045 continuatur
1606 1001 1844 1045 nobiscum
1879 1000 2031 1046 solum
2062 1000 2109 1044 in

156 1065 381 1122 potentia;
408 1065 590 1124 quando
619 1075 770 1110 autern
798 1065 947 1125 aliqua
977 1066 1208 1111 intellecta
1235 1066 1512 1126 speculativa
1530 1067 1683 1112 insunt
1708 1068 1839 1111 nobis
1863 1069 1907 1111 in
1931 1076 2110 1130 actu,'et

157 1128 310 1189 aliqua
329 1132 373 1177 in
404 1134 622 1191 potentia,
646 1133 935 1177 continuatur
960 1134 1092 1179 nobis
1119 1134 1283 1192 partim
1308 1134 1355 1177 in
1389 1144 1491 1177 actu
1529 1143 1573 1177 et
1598 1134 1763 1192 partim
1804 1134 1851 1176 in
1883 1133 2108 1192 potentia;

155 1207 200 1242 et
224 1208 331 1243 tunc
357 1199 549 1244 dicimur
581 1200 758 1244 moveri
784 1201 839 1244 ad
868 1201 1259 1245 continuationem
1290 1202 1585 1260 praedictam,
1611 1201 1732 1260 quia,
1765 1201 1947 1260 quando
1980 1200 2109 1260 plura

100 1268 115 1272 “
154 1264 382 1311 intellecta
398 1266 444 1310 in
462 1276 564 1311 actu
580 1266 745 1311 fuerint
763 1267 808 1311 in
826 1268 957 1312 nobis
975 1266 1108 1321 facta,
1127 1267 1368 1327 perfectius
1386 1267 1643 1312 intellectus
1663 1282 1803 1326 agens
1822 1267 2110 1311 continuatur

15 1326 30 1356 ³
86 1369 89 1371 Α
153 1331 201 1376 in
225 1331 372 1376 nobis.
404 1332 490 1376 Hic
518 1343 671 1377 autem
697 1333 918 1392 perfectus
954 1345 1106 1379 motus
1133 1335 1188 1378 ad
1216 1335 1609 1378 continuationem
1635 1334 1685 1379 fit
1715 1349 1797 1393 per
1822 1335 2023 1378 studium
2063 1334 2110 1376 in

153 1396 353 1444 scientiis
371 1398 674 1458 speculativis,
691 1414 771 1458 per
787 1400 910 1459 quod
936 1415 1043 1445 vera
1070 1400 1299 1445 intellecta
1328 1401 1604 1460 acquirimus
1632 1410 1676 1445 et
1701 1399 1842 1445 falsae
1870 1400 2110 1460 opiniones

155 1464 466 1519 excluduntur,
493 1481 608 1525 quae
634 1477 738 1511 sunt
764 1477 887 1511 extra
914 1467 1122 1512 ordinem
1149 1467 1284 1526 hujus
1310 1478 1478 1522 motus,
1511 1468 1626 1512 sicut
1653 1478 1947 1512 monstruosa
1985 1477 2109 1512 extra

155 1531 361 1576 ordinem
379 1532 596 1577 naturalis
613 1533 904 1592 operationis.
933 1534 1066 1578 Unde
1084 1544 1129 1578 et
1147 1534 1201 1578 ad
1225 1534 1345 1577 hunc
1364 1533 1619 1592 profectum
1645 1535 1803 1592 juvant
1827 1548 1875 1578 se
1897 1533 2109 1578 homines

155 1596 273 1642 sicut
295 1598 453 1656 juvant
469 1612 517 1643 se
538 1599 735 1643 invicem
751 1599 798 1643 in
815 1601 1015 1644 scientiis
1032 1600 1335 1659 speculativis.
1356 1600 1556 1652 Quando
1575 1614 1684 1659 ergo
1704 1601 1860 1644 omnia
1877 1600 2108 1645 intellecta

158 1664 204 1708 in
229 1665 430 1723 potentia
456 1664 620 1709 fuerint
645 1666 691 1709 in
716 1667 847 1710 nobis
874 1665 994 1710 facta
1026 1667 1072 1710 in
1106 1677 1222 1721 actu,
1250 1677 1357 1711 tunc
1375 1666 1631 1716 intellectus
1650 1681 1788 1726 agens
1815 1666 2012 1726 perfecte
2039 1681 2111 1711 co-

153 1729 379 1789 pulabitur
403 1732 535 1776 nobis
560 1741 607 1776 ut
628 1731 792 1786 forma,
826 1743 870 1777 et
887 1733 1196 1792 intelligemus
1222 1748 1301 1792 per
1326 1734 1475 1792 ipsum
1502 1732 1714 1792 perfecte,
1736 1734 1853 1778 sicut
1873 1748 1992 1778 nunc
2016 1747 2111 1792 per-

151 1795 270 1842 fecte
297 1797 591 1857 intelligimus
618 1813 697 1856 per
727 1799 1009 1844 intellectum
1035 1800 1083 1844 in
1107 1800 1279 1844 habitu.
1306 1800 1441 1844 Unde
1460 1815 1565 1844 cum
1593 1801 1648 1844 ad
1674 1800 1956 1844 intellectum
1976 1814 2110 1859 agen-

152 1872 247 1908 tem
272 1865 494 1923 pertineat
517 1865 769 1924 intelligere
795 1866 1070 1918 substantias,
1099 1877 1344 1924 separatas,
1372 1866 1679 1925 intelligemus
1699 1877 1807 1911 tunc
1835 1867 2105 1911 substantias

150 1941 394 1989 separatas,
420 1932 537 1975 sicut
566 1946 687 1975 nunc
712 1932 1009 1991 intelligimus
1050 1932 1282 1977 intellecta
1313 1932 1615 1992 speculativa3
1643 1943 1687 1978 et
1708 1933 1798 1978 hoc
1833 1934 1916 1978 erit
1948 1933 2108 1978 ultima

148 1996 351 2042 hominis
373 1995 583 2052 felicitas,
615 1999 659 2041 in
686 2012 776 2057 qua
801 1998 945 2043 homo
973 1999 1057 2044 erit
1089 1999 1205 2043 sicut
1236 2000 1420 2058 quidam
1449 2000 1576 2044 deus.

239 2063 384 2122 Hujus
402 2074 554 2109 autern
580 2065 817 2124 positionis
835 2066 1080 2110 destructio
1108 2080 1163 2110 ex
1188 2067 1446 2124 praemissis
1472 2065 1746 2111 sufficienter
1773 2077 1970 2126 apparet.
1993 2067 2102 2110 Pro-

149 2130 269 2174 cedit
293 2131 416 2174 enim
448 2145 502 2175 ex
533 2132 845 2190 suppositione
873 2131 1122 2176 multorum
1155 2147 1271 2191 quae
1297 2133 1343 2176 in
1371 2134 1676 2191 superioribus
1702 2143 1806 2178 sunt
1837 2133 2106 2192 improbata.

147 2196 304 2241 Primo
331 2197 515 2256 quidem
541 2212 676 2256 supra
702 2208 936 2243 ostensum
955 2209 1022 2243 est
1046 2199 1165 2258 (Lib.
1193 2199 1248 2243 II.
1266 2214 1304 2244 c.
1333 2200 1436 2260 59.),
1455 2201 1577 2259 quod
1593 2200 1850 2245 intellectus
1873 2200 2106 2260 possibilis

145 2277 243 2311 non
267 2274 335 2309 est
367 2264 517 2323 aliqua
542 2265 791 2309 substantia
817 2276 1024 2324 separata
1047 2280 1072 2309 a
1104 2266 1236 2310 nobis
1262 2267 1515 2310 secundum
1549 2281 1659 2311 esse.
1688 2267 1822 2311 Unde
1855 2281 1949 2311 non
1974 2281 2106 2326 opor-

146 2330 269 2385 tebit,
295 2332 418 2390 quod
443 2328 500 2376 sit
524 2332 778 2390 subjectum
802 2333 1153 2377 substantiarum
1180 2344 1507 2391 separatarum,
1531 2334 1774 2393 praecipue
1793 2348 1897 2377 cum
1925 2333 2102 2379 Aristo·

146 2397 260 2447 teles
285 2398 407 2442 dicat
431 2399 587 2457 (tertio
613 2399 684 2443 De
711 2399 878 2453 anima,
905 2410 936 2446 t.
968 2414 1007 2444 c,
1039 2400 1126 2456 18.)
1155 2400 1275 2458 quod
1302 2400 1559 2444 intellectus
1586 2400 1812 2458 possibilis
1840 2411 1907 2445 est
1932 2401 1978 2444 in
2012 2415 2102 2459 quo

146 2474 217 2508 est
241 2466 397 2509 omnia
427 2464 536 2510 fieri.
566 2465 699 2510 Unde
724 2465 901 2510 videtur
927 2466 1049 2525 quod
1076 2467 1133 2510 sit
1163 2467 1419 2526 subJectum
1446 2467 1595 2512 solum
1622 2467 1823 2522 illorum,
1851 2482 1968 2527 quae
2001 2478 2106 2512 sunt

146 2528 266 2574 facta
285 2530 529 2576 intellecta.

231 2597 371 2642 Item:
398 2597 455 2642 de
485 2597 720 2643 intellectu
747 2609 924 2657 agente,
952 2599 1094 2643 etiam
1115 2614 1251 2659 supra
1278 2600 1396 2656 (Lib.
1423 2601 1478 2644 ΙΙ.
1502 2615 1540 2644 c.
1572 2599 1640 2658 76.
1670 2610 1714 2644 et
1745 2600 1837 2659 78.)
1865 2611 2100 2657 ostensum

102 2687 104 2690 v
145 2672 227 2718 est,
258 2664 381 2723 quod
411 2678 507 2708 non
533 2675 600 2709 est
632 2665 783 2724 aliqua
809 2665 1058 2710 substantia
1084 2676 1306 2724 separata,
1329 2666 1408 2710 sed
1434 2681 1537 2725 pars
1575 2667 1768 2721 animae,
1788 2667 1861 2711 cui
1886 2668 2105 2712 Aristote-

146 2728 214 2774 les
244 2730 400 2787 (tertio
427 2731 497 2774 De
531 2730 697 2785 anima,
723 2741 754 2775 t.
788 2747 824 2776 c.
864 2731 951 2789 18.)
978 2732 1178 2776 attribuit
1215 2732 1336 2776 hanc
1374 2733 1704 2791 operationem,
1742 2733 1920 2778 scilicet
1951 2733 2103 2779 facere

145 2795 374 2841 intellecta
401 2797 448 2840 in
474 2807 578 2841 actu
605 2811 720 2856 quae
747 2807 814 2841 est
837 2797 885 2841 in
910 2808 1066 2842 nostra
1091 2808 1329 2857 potestate.
1358 2798 1492 2843 Unde
1517 2813 1612 2843 non
1639 2799 1867 2858 oportebit
1892 2800 2014 2858 quod
2036 2800 2100 2844 in-

146 2861 351 2920 telligere
377 2877 457 2921 per
476 2862 759 2907 intellectum
793 2874 1005 2922 agentem
1033 2866 1090 2908 sit
1120 2865 1252 2909 nobis
1280 2879 1418 2908 causa
1444 2865 1565 2924 quod
1592 2866 1821 2925 possimus
1847 2866 2102 2925 intelligere

146 2927 419 2973 substantias
444 2940 698 2988 separatas3
726 2929 836 2974 alias
863 2945 1042 2990 semper
1074 2931 1433 2990 intelligeremus
1460 2946 1550 2976 eas.

235 2994 426 3039 Adhuc:
459 2996 498 3039 si
522 2995 777 3040 intellectus
806 3010 945 3056 agens
973 3006 1038 3041 est
1064 2997 1312 3042 substantia
1339 3009 1559 3057 separata,
1586 3013 1680 3042 non
1709 2998 1996 3058 copulabitur
2025 3014 2104 3045 no-

146 3061 323 3106 biscum
350 3062 435 3106 nisi
462 3077 542 3120 per
567 3063 740 3121 species
765 3062 906 3108 factas
931 3063 1184 3108 intellectas
1211 3064 1257 3108 in
1284 3074 1388 3108 actu
1415 3064 1668 3109 secundum
1697 3066 1791 3122 ejus
1809 3066 2102 3124 positionem,

145 3127 266 3173 sicut
290 3142 374 3172 nec
403 3128 658 3174 intellectus
690 3130 931 3188 possibilis,
958 3130 1065 3174 licet
1095 3129 1352 3175 intellectus
1378 3130 1604 3189 possibilis
1637 3145 1685 3175 se
1715 3131 1882 3176 habeat
1915 3132 1971 3176 ad
2003 3132 2103 3177 illas

143 3194 317 3254 species
343 3195 459 3239 sicut
483 3196 674 3239 materia
701 3195 756 3240 ad
778 3195 989 3241 formam.
1015 3197 1277 3242 Intellectus
1305 3207 1458 3241 autem
1485 3211 1508 3241 e
1537 3211 1761 3242 converso
1794 3198 1912 3242 sicut
1947 3198 2099 3243 forma

147 3260 205 3304 ad
232 3261 485 3305 materiam.
510 3261 696 3319 Species
723 3273 875 3308 autem
901 3262 1048 3307 factae
1076 3263 1333 3308 intellectae
1360 3265 1406 3308 in
1431 3274 1533 3307 actu
1551 3263 1822 3322 copulantur
1848 3265 2102 3320 nobiscum,

143 3327 395 3371 secundum
414 3330 509 3386 ejus
526 3328 804 3387 positionem
824 3343 903 3388 per
919 3330 1251 3389 phantasmata,
1274 3343 1389 3388 quae
1412 3331 1474 3373 ita
1497 3343 1543 3374 se
1560 3330 1729 3374 habent
1746 3330 1799 3374 ad
1819 3331 2103 3376 intellectum

149 3393 430 3451 possibilem,
447 3394 563 3438 sicut
584 3394 762 3440 colores
781 3396 837 3440 ad
853 3396 1026 3440 visum:
1055 3397 1109 3440 ad
1128 3396 1409 3441 intellectum
1426 3410 1536 3440 vero
1555 3407 1767 3455 agentem
1785 3398 1900 3441 sicut
1924 3398 2103 3443 colores

144 3460 202 3504 ad
233 3460 401 3515 lucem,
427 3471 477 3505 ut
507 3475 561 3505 ex
578 3462 725 3507 verbis
750 3462 1008 3508 Aristotelis
1033 3464 1080 3507 in
1105 3464 1239 3508 tertio
1262 3464 1332 3507 De
1353 3463 1506 3507 anima
1534 3463 1584 3521 (t.
1613 3478 1651 3508 c.
1681 3464 1746 3508 18.
1774 3474 1819 3508 et
1848 3465 1938 3523 30.)
1965 3475 2100 3524 patet.

73 3574 84 3582 ,
141 3525 250 3571 Non
275 3537 426 3572 autem
453 3526 607 3586 lapidi,
626 3529 670 3573 in
687 3541 779 3587 quo
798 3538 867 3574 est
883 3528 1030 3585 color,
1043 3539 1194 3589 potest
1219 3530 1398 3575 attribui
1415 3544 1564 3589 neque
1583 3530 1703 3575 actio
1726 3531 1849 3576 visus
1872 3540 1919 3577 ut
1935 3531 2101 3587 videat,
