2332 3854
233 160 333 215 168
930 179 1085 218 LIBER
1123 179 1178 218 11.
1222 179 1342 217 CAP.
1383 179 1507 217 xm.-

224 277 424 334 jusmodi
450 278 619 322 ordinis
645 278 703 323 sit
725 278 875 337 aliqua
901 293 991 322 una
1018 293 1168 323 causa.
1195 278 1318 323 Nam
1344 279 1488 324 multa
1513 293 1608 324 non
1633 282 1848 324 uniuntur
1878 281 1965 325 nisi
1996 294 2076 340 per
2108 281 2183 326 ali-

226 343 349 401 quod
375 357 523 388 unun:
547 355 591 390 et
616 345 680 389 sic
702 345 822 390 illius
849 346 1018 389 ordinis
1047 355 1114 389 est
1139 345 1289 404 prima
1323 360 1475 400 causa,
1502 357 1546 391 et
1571 361 1661 390 una
1688 347 1989 392 distinctionis
2013 361 2183 392 rerum.

228 410 277 453 Si
302 424 412 454 vero
439 412 603 456 diversi
629 422 813 471 agentes
846 427 940 455 non
973 412 1062 455 sint
1094 412 1151 456 ad
1181 412 1380 456 invicem
1413 413 1621 467 ordinati,
1655 428 1902 458 concursus
1934 428 2092 459 eorum
2126 414 2182 458 ad

226 476 534 522 diversitatem
566 494 718 523 rerum
745 479 1087 537 producendam
1114 479 1198 523 erit
1219 493 1298 538 per
1325 469 1550 524 accidens.
1584 480 1828 525 Distinctio
1861 481 1998 540 igitur
2031 495 2183 526 rerum

227 544 311 588 erit
337 545 554 599 casualis3
583 548 709 604 cujus
737 546 1015 589 contrarium
1038 559 1173 604 supra
1199 546 1261 603 (c.
1291 546 1380 606 39.)
1407 556 1642 591 ostensum
1670 557 1750 591 est.

315 611 455 655 Item:
484 626 509 655 a
536 613 722 656 diversis
750 612 897 655 causis
923 626 1018 656 non
1045 612 1262 657 ordinatis
1278 627 1372 657 non
1390 614 1642 672 procedunt
1660 613 1844 658 effectus
1865 613 2074 667 ordinati,
2098 613 2187 659 nisi

226 677 342 722 forte
368 693 447 736 per
475 679 707 722 accidens:
737 679 912 722 diversa
940 679 1062 722 enim
1088 679 1134 722 in
1157 689 1378 738 quantum
1403 681 1683 739 hujusmodi,
1710 694 1804 724 non
1830 680 2003 725 faciunt
2027 694 2184 725 unum.

227 745 318 789 Res
345 756 497 790 autem
529 747 765 790 distinctae
793 746 1081 790 inveniuntur
1098 746 1264 791 habere
1287 747 1495 790 ordinem
1515 747 1570 791 ad
1586 747 1799 802 invicem,
1821 761 1915 792 non
1933 746 2186 802 casualiter,

230 826 350 866 cum,
377 823 426 856 ut
450 813 495 855 in
523 812 738 871 pluribus,
765 827 909 856 unum
936 813 990 856 ab
1020 812 1111 857 alio
1138 823 1391 858 moveatur.
1418 814 1706 872 Impossibile
1733 825 1799 858 est
1823 814 1959 873 igitur
1984 814 2107 873 quod
2127 814 2189 858 di-

228 879 409 923 stinctio
436 893 587 922 rerum
614 879 678 923 sic
706 879 1016 923 ordinatarum
1042 880 1099 924 sit
1130 889 1315 939 propter
1346 881 1651 957 diversitatem
1685 881 1917 940 agentium
1947 895 2042 925 non
2074 880 2190 925 ordi-

228 955 455 989 natorum.

319 1012 551 1070 Amplius:
581 1027 895 1072 quaecumque
922 1013 1090 1058 habent
1113 1028 1300 1058 causam
1315 1028 1424 1059 suae
1439 1015 1754 1070 distinctionis,
1771 1030 1866 1060 non
1882 1025 2074 1075 possunt
2088 1028 2189 1060 esse

229 1079 375 1137 prima
403 1093 541 1123 causa
568 1080 869 1124 distinctionis
896 1094 1062 1124 rerum.
1091 1081 1181 1125 Sed
1208 1082 1246 1124 si
1271 1081 1400 1140 plura
1423 1083 1544 1126 entia
1561 1097 1615 1126 ex
1638 1096 1784 1141 aequo
1808 1082 2101 1142 accipiantur,
2116 1096 2191 1126 ne-

231 1160 356 1189 cesse
385 1156 452 1190 est
477 1147 599 1205 quod
624 1147 824 1191 habeant
850 1162 1036 1191 causam
1064 1162 1172 1192 suae
1199 1148 1514 1192 distinctionis.
1549 1149 1729 1193 Habent
1760 1149 1883 1194 enim
1911 1162 2094 1193 causam
2129 1162 2194 1192 es·

230 1213 371 1267 sendi‚
399 1228 504 1257 cum
531 1215 687 1259 omnia
713 1215 833 1258 entia
859 1215 948 1258 sint
974 1215 1026 1258 ab
1055 1228 1146 1258 uno
1180 1215 1328 1273 primo
1356 1224 1473 1270 ente,
1497 1226 1544 1259 ut
1570 1230 1705 1275 supra
1721 1217 1782 1274 (c.
1808 1229 1873 1274 15.
1895 1216 2030 1260 huius
2049 1214 2192 1272 Libri)

231 1290 465 1324 ostensum
492 1291 571 1324 est.
600 1282 727 1325 Idem
755 1291 907 1325 autem
941 1291 1008 1326 est
1034 1295 1172 1325 causa
1204 1281 1386 1326 essendi
1419 1281 1648 1336 alicui,'et
1679 1282 1982 1327 distinctionis
2008 1284 2110 1341 ejus
2137 1282 2192 1326 ab

232 1347 345 1401 aliis,
371 1347 488 1392 sicut
514 1349 573 1406 (c.
601 1348 696 1404 40.)
724 1359 958 1392 ostensum
982 1358 1063 1392 est.
1090 1348 1197 1394 Non
1225 1358 1376 1406 potest
1407 1349 1543 1407 igitur
1568 1364 1668 1394 esse
1701 1350 1848 1409 prima
1875 1363 2013 1394 causa
2044 1349 2195 1394 distin-

233 1415 395 1458 ctionis
421 1429 572 1458 rerum
601 1415 837 1459 diversitas
864 1416 1112 1474 agentium.

321 1481 458 1526 Item:
486 1481 524 1526 si
546 1482 779 1526 diversitas
805 1497 959 1526 rerum
984 1482 1203 1541 procedat
1229 1497 1255 1526 a
1281 1483 1539 1528 diversitate
1565 1483 1639 1528 vel
1666 1483 1985 1529 contrarietate
2000 1483 2197 1528 diverso-

233 1563 334 1591 rum
368 1551 615 1607 agentium,
649 1550 848 1593 maxime
881 1549 972 1593 hoc
1004 1549 1195 1604 videtur,
1229 1550 1350 1608 quod
1383 1549 1534 1609 plures
1567 1561 1757 1609 ponunt,
1789 1551 1845 1595 de
1877 1550 2197 1595 contrarietate

233 1615 342 1658 boni
360 1625 403 1659 et
429 1615 564 1670 mali;
589 1615 652 1659 ita
679 1617 801 1674 quod
835 1617 990 1660 omnia
1016 1617 1138 1660 bona
1165 1618 1416 1675 procedant
1442 1632 1467 1660 a
1492 1617 1627 1662 bono.
1643 1617 1883 1676 principio,
1902 1616 2024 1661 mala
2041 1626 2196 1661 autem

235 1696 260 1725 a
286 1681 425 1725 malo.
454 1682 634 1726 Bonum
662 1683 786 1726 enim
809 1693 854 1727 et
871 1683 1045 1727 malum
1058 1693 1162 1727 sunt
1182 1684 1228 1727 in
1243 1684 1455 1728 omnibus
1478 1685 1732 1743 generibus.
1752 1685 1861 1729 Non
1878 1687 2198 1744 potest'autem

235 1763 334 1793 esse
360 1763 503 1792 unum
529 1750 729 1808 primum
756 1750 1029 1809 principium
1057 1751 1266 1795 omnium
1291 1751 1538 1797 malorum.
1567 1751 1689 1796 Cum
1717 1753 1839 1796 enim
1862 1765 1916 1796 ea
1941 1765 2058 1811 quae
2089 1759 2198 1796 sunt
2220 1802 2225 1804 ‚

233 1830 312 1874 per
331 1815 453 1859 aliud
469 1816 742 1860 reducantur
759 1817 815 1860 ad
834 1831 887 1861 ea
909 1832 1024 1876 quae
1042 1828 1146 1862 sunt
1167 1833 1246 1877 per
1267 1833 1329 1872 se,
1349 1819 1575 1877 oportebit
1595 1819 1867 1878 principium
1885 1819 2085 1863 activum
2106 1830 2200 1861 ma-

234 1883 386 1926 lorum
414 1896 511 1927 esse
538 1898 617 1942 per
643 1898 691 1928 se
724 1883 913 1927 malum.
941 1884 1028 1928 Per
1060 1898 1107 1928 se
1141 1895 1293 1928 autem
1327 1885 1521 1929 dicimus
1552 1885 1656 1940 tale,
1689 1886 1811 1944 quod
1843 1900 1923 1943 per
1955 1884 2199 1931 essentiam

235 1965 366 1994 suam
392 1950 482 1994 tale
505 1959 583 1995 est.
609 1950 718 2009 EJus
744 1951 880 2009 igitur
907 1953 1102 1995 essentia
1127 1966 1222 1995 non
1250 1952 1334 1996 erit
1355 1952 1490 1995 bona.
1511 1952 1612 1996 Hoc
1630 1962 1785 1996 autem
1803 1962 1871 1996 est
1890 1949 2198 2011 impossibile:

235 2031 372 2061 omne
385 2017 507 2061 enim
527 2018 648 2076 quod
661 2028 742 2072 est,
760 2018 806 2061 in
824 2028 1045 2076 quantum
1063 2028 1130 2062 est
1147 2033 1241 2072 ens,
1259 2033 1447 2062 necesse
1469 2029 1536 2063 est
1554 2033 1651 2063 esse
1668 2020 1866 2064 bonum:
1885 2032 1984 2063 esse
1999 2031 2199 2078 namque

230 2099 368 2131 ‚suum
394 2084 752 2143 unumquodque
780 2096 917 2139 amat,
944 2095 988 2129 et
1011 2099 1282 2130 conservare
1300 2086 1481 2145 appetit.
1503 2086 1696 2145 Signum
1715 2096 1867 2130 autem
1889 2095 1959 2131 est
1974 2085 2080 2145 quia
2096 2098 2203 2130 con·

234 2162 477 2210 trapugnat
512 2152 870 2211 unumquodque
903 2167 1011 2196 suae
1050 2153 1346 2211 corruptioni.
1381 2154 1562 2197 Bonum
1597 2164 1750 2197 autem
1785 2162 1853 2198 est
1888 2153 2012 2212 quod
2045 2151 2202 2197 omnia

236 2229 465 2278 appetunt.
492 2219 599 2263 Non
625 2229 775 2277 potest
799 2220 936 2279 igitur
963 2219 1192 2264 distinctio
1213 2220 1261 2263 in
1288 2220 1420 2264 rebus
1442 2219 1690 2279 procedere
1718 2235 1743 2265 a
1770 2219 1946 2265 duobus
1966 2218 2203 2265 contrariis

236 2286 482 2346 principiis,
510 2301 705 2345 quorum
732 2301 874 2330 unum
901 2287 958 2331 sit
981 2287 1170 2340 bonurn,
1199 2298 1243 2331 et
1270 2286 1392 2331 aliud
1420 2287 1609 2332 malurn.

328 2353 517 2397 Adhuc:
547 2366 685 2397 omne
713 2368 853 2412 agens
881 2354 974 2412 agit
998 2354 1044 2396 in
1069 2363 1290 2412 quantum
1317 2364 1384 2398 est
1406 2347 1531 2409 actu3
1553 2355 1600 2398 in
1623 2363 1843 2413 quantum
1863 2367 1974 2399 vero
1996 2363 2064 2400 est
2084 2363 2203 2408 actu,

239 2420 597 2479 unumquodque
623 2419 874 2478 perfectum
901 2431 981 2464 est.
1008 2420 1269 2464 Perfectum
1294 2435 1404 2465 vero
1433 2435 1585 2475 omne,
1609 2422 1655 2465 in
1682 2432 1903 2480 quantum
1924 2421 2203 2480 hujusmodi,

237 2489 412 2531 bonum
446 2487 652 2531 dicimus.
682 2487 837 2532 Omne
864 2489 998 2546 igitur
1026 2502 1179 2546 agens,
1211 2487 1258 2531 in
1287 2498 1507 2547 quantum
1539 2488 1818 2546 hujusmodi,
1844 2489 2018 2533 bonum
2045 2497 2126 2533 est.
2154 2487 2205 2532 Si

241 2554 346 2614 quid
373 2554 510 2612 igitur
535 2568 614 2613 per
636 2568 683 2598 se
711 2553 885 2598 malum
912 2564 994 2609 est,
1015 2569 1110 2598 non
1133 2555 1299 2613 poterit
1321 2569 1419 2599 esse
1447 2569 1612 2614 agens:
1641 2556 1679 2599 si
1706 2565 1858 2599 autem
1886 2565 1954 2600 est
1975 2554 2203 2600 malorum

240 2622 440 2681 primum
465 2621 752 2698 principium,
781 2632 962 2680 oportet
984 2636 1082 2666 esse
1106 2636 1184 2681 per
1206 2636 1254 2666 se
1277 2622 1467 2677 malum,
1485 2633 1533 2667 ut
1551 2632 1786 2667 ostensum
1804 2632 1872 2667 est
1886 2622 2046 2681 (paulo
2063 2622 2204 2698 ante).

241 2688 527 2747 Impossibile
554 2699 621 2732 est
646 2688 780 2747 igitur
814 2689 1195 2734 distinctionem'
1184 2703 1230 2732 1n
1256 2690 1389 2734 rebus
1422 2690 1671 2748 procedere
1699 2704 1725 2733 a
1751 2689 1928 2734 duobus
1953 2677 2202 2748 principiis,

239 2757 364 2800 bono
393 2765 437 2799 et
462 2754 601 2800 malo.

331 2822 567 2882 Amplius:
591 2823 628 2867 si
654 2837 792 2867 omne
820 2837 913 2877 ens,
940 2823 986 2867 in
1010 2833 1228 2882 quantum
1257 2824 1537 2883 hujusmodi,
1563 2824 1736 2868 bonum
1761 2834 1841 2878 est,
1859 2822 2034 2868 malum
2055 2821 2206 2882 igitur,
2243 2829 2255 2841 ·

244 2890 289 2934 in
322 2900 542 2949 quantum
570 2900 635 2933 est
661 2889 850 2944 malum,
879 2900 946 2941 est
971 2905 1064 2934 non
1092 2905 1192 2946 ens3
1219 2905 1314 2934 non
1347 2893 1461 2935 entis
1504 2901 1670 2945 autem,
1712 2891 1758 2934 in
1800 2900 2021 2950 quantum
2056 2889 2208 2948 hujus-

245 2958 386 3011 modi,
412 2971 506 3001 non
533 2967 600 3001 est
631 2971 801 3016 ponere
830 2971 1016 3001 causam
1044 2968 1272 3016 agentem,
1301 2972 1406 3001 cum
1434 2972 1572 3002 omne
1610 2972 1750 3016 agens
1784 2967 1890 3016 agat
1913 2957 1960 3001 in
1986 2965 2206 3016 quantum

245 3034 314 3069 est
338 3038 416 3068 ens
444 3035 559 3068 actu.
588 3025 699 3083 Agit
726 3034 878 3068 autem
906 3025 1265 3084 unumquodque
1293 3026 1377 3069 sibi
1404 3025 1568 3071 simile.
1595 3024 1707 3068 Mali
1732 3025 1882 3083 igitur,
1914 3023 1962 3068 in
1988 3033 2208 3082 quantum

246 3092 615 3150 esthujusmodi,
642 3105 736 3135 non
764 3101 829 3135 est
856 3106 1027 3150 ponere
1055 3106 1241 3136 causam
1268 3106 1347 3151 per
1373 3106 1419 3136 se
1455 3102 1683 3150 agentem.
1721 3091 1828 3136 Non
1861 3100 1929 3135 est
1952 3091 2089 3150 igitur
2114 3089 2211 3134 fieri

245 3159 561 3203 reductionem
594 3158 823 3203 malorum
849 3159 895 3203 in
923 3174 1063 3203 unam
1089 3159 1286 3218 primam
1319 3173 1522 3213 causam,
1549 3173 1665 3217 quae
1689 3172 1769 3217 per
1795 3171 1844 3203 se
1869 3158 1928 3203 sit
1952 3170 2089 3203 causa
2111 3169 2213 3201 om·

246 3227 374 3270 nium
402 3226 645 3272 malorum.

336 3293 521 3339 Adhuc:
554 3293 675 3353 quod
704 3294 909 3337 educitur
934 3303 1112 3353 praeter
1152 3293 1455 3337 intentionem
1497 3293 1672 3351 agentis
1713 3306 1808 3336 non
1847 3290 1986 3336 habet
2025 3303 2211 3336 causam

249 3374 327 3419 per
353 3375 414 3414 se,
438 3361 515 3405 sed
544 3361 702 3420 incipit
726 3375 807 3420 per
834 3361 1060 3415 accidens,
1087 3360 1204 3404 sicut
1231 3374 1336 3404 cum
1363 3360 1462 3418 quis
1481 3360 1654 3404 invenit
1669 3360 1935 3404 thesaurum
1956 3357 2133 3403 fodiens
2156 3357 2213 3402 ad

250 3426 571 3486 plantandum:
605 3428 683 3472 sed
716 3427 891 3472 malum
923 3428 970 3472 in
998 3426 1161 3472 effectu
1189 3426 1341 3485 aliquo
1369 3440 1463 3470 non
1490 3436 1639 3485 potest
1665 3426 1906 3486 provenire
1930 3425 2019 3481 nisi
2038 3432 2216 3485 praeter

249 3493 551 3538 intentionem
579 3497 768 3553 agentis,
803 3510 907 3539 cum
937 3509 1075 3539 omne
1099 3508 1238 3553 agens
1266 3493 1321 3538 ad
1347 3493 1521 3538 bonum
1548 3494 1766 3538 intendat.
1794 3493 1976 3543 Bonum
2000 3492 2125 3536 enim
2145 3500 2215 3537 est

252 3561 376 3621 quod
410 3563 565 3606 omnia
600 3572 830 3621 appetunt,
864 3562 1039 3606 Malum
1065 3561 1202 3621 igitur
1227 3575 1321 3605 non
1352 3561 1491 3605 habet
1517 3574 1705 3606 causam
1732 3574 1812 3620 per
1835 3573 1901 3615 se,
1925 3558 2005 3605 sed
2029 3572 2111 3616 per
2146 3571 2217 3603 ac-
