2332 3854
0 1562 18 1766 mas-ewswv
0 1533 9 1540 v
3 1516 5 1518 ·
2 1487 7 1500 ν-

818 219 972 258 mssa
1011 220 1083 259 1v.
1125 221 1245 259 CAP.
1288 219 1400 259 Lm.
1978 207 2080 275 645

219 320 357 366 Item:
386 319 430 365 id
454 319 577 379 quod
603 329 671 364 est
695 320 967 379 principium
991 321 1039 365 in
1064 321 1254 366 homine
1275 331 1344 367 est
1367 318 1666 378 intelligentia
1689 318 1902 372 veritatis,
1925 319 1970 362 in
1992 333 2085 378 quo

128 386 304 431 videtur
342 386 520 431 homini
560 386 936 443 impedimentum
979 388 1210 444 praestari,
1252 387 1289 431 si
1330 387 1456 430 Deus
1491 386 1742 429 humanam
1778 396 1987 428 naturam
2023 400 2089 429 as·

130 453 340 511 sumpsit3
366 452 496 496 datur
522 452 645 496 enim
670 452 713 496 ei
738 466 794 496 ex
820 453 909 496 hoc
938 454 1100 497 erroris
1127 454 1326 506 occasio,
1359 464 1408 496 ut
1434 453 1687 496 consentiat
1718 452 1789 496 his
1819 452 1896 510 qui
1930 465 2088 508 posue·

129 529 232 563 runt
265 519 417 563 Deum
450 532 545 562 non
581 532 679 563 esse
715 532 850 577 super
886 520 1043 562 omnia
1081 534 1274 578 corpora
1309 513 1571 563 exaltatum.
1609 518 1714 562 Non
1751 518 1886 576 igitur
1911 518 2001 560 hoc
2029 517 2086 560 ad

125 584 357 630 humanae
382 595 571 630 naturae
597 583 838 629 utilitatem
865 586 1180 639 conveniebat,
1207 585 1328 644 quod
1355 586 1480 631 Deus
1506 585 1757 629 humanam
1784 596 1995 628 naturam
2021 597 2089 627 as·

127 661 340 696 sumeret.

216 717 358 762 Item:
391 717 700 776 experimento
726 716 899 761 discere
926 731 1168 776 possumus
1193 717 1315 776 quod
1343 718 1464 762 circa
1491 716 1859 761 incarnationem
1885 715 1972 760 Dei
1995 714 2090 775 plu-

127 782 231 827 rimi
254 797 428 828 errores
454 793 558 827 sunt
579 784 734 827 exorti.
753 782 943 827 Videtur
970 784 1105 842 igitur
1126 784 1356 828 humanae
1378 783 1512 828 saluti
1537 783 1815 827 conveniens
1831 796 1926 827 non
1949 781 2086 827 fuisse

127 850 250 909 quod
276 849 402 895 Deus
428 852 749 895 incarnaretur.

216 916 407 961 Adhuc:
433 918 548 961 inter
580 916 736 961 omnia
768 931 884 975 quae
916 917 1043 961 Deus
1067 915 1190 970 fecit,
1215 917 1334 961 istud
1366 916 1542 960 videtur
1568 930 1667 961 esse
1690 915 1941 960 maximum
1963 915 2086 974 quod

66 991 71 998 ·
125 982 319 1042 ipsemet
333 996 520 1029 carnem
538 983 843 1040 assumpserit.
870 983 935 1027 Ex
962 983 1165 1028 maximo
1190 994 1344 1027 autem
1371 997 1509 1042 opere
1541 985 1742 1027 maxima
1767 982 1903 1027 debet
1933 995 2087 1040 exspe-

126 1048 239 1093 ctari
264 1048 444 1093 utilitas.
473 1050 524 1093 Si
549 1049 684 1108 igitur
709 1049 962 1093 incarnatio
985 1050 1074 1093 Dei
1101 1050 1156 1093 ad
1182 1049 1377 1093 salutem
1405 1051 1613 1093 omnium
1638 1049 1886 1102 ordinatur,
1908 1046 2087 1093 videtur

125 1114 264 1162 fuisse
290 1115 568 1162 conveniens
599 1116 722 1175 quod
747 1116 844 1174 ipse
869 1126 1017 1160 totum
1049 1117 1304 1160 humanum
1338 1123 1480 1173 genus
1508 1115 1752 1170 salvasset;
1784 1129 1925 1174 quum
1943 1115 2084 1159 etiam

126 1181 336 1229 omnium
360 1182 603 1227 hominum
629 1182 752 1227 salus
783 1182 988 1227 videatur
1020 1197 1118 1228 esse
1145 1192 1412 1241 competens
1449 1181 1617 1226 utilitas
1652 1195 1734 1241 pro
1776 1196 1865 1240 qua
1905 1191 2084 1226 tantum

127 1262 243 1308 opus
274 1248 371 1294 fieri
404 1249 642 1294 debuisset.

214 1315 450 1375 Amplius:
476 1316 515 1359 si
546 1316 672 1361 Deus
699 1326 882 1375 propter
907 1315 1102 1360 salutem
1129 1315 1371 1359 hominum
1397 1314 1650 1362 humanam
1676 1324 1888 1360 naturam
1914 1328 2087 1359 assum·

124 1381 434 1441 psit„videtur
459 1381 595 1426 fuisse
632 1382 911 1427 conveniens
946 1393 995 1426 ut
1027 1383 1124 1439 ejus
1158 1382 1367 1425 divinitas
1399 1381 1664 1425 hominibus
1702 1395 1785 1439 per·
1817 1379 2087 1425 sufficientia

122 1447 290 1494 indicia
314 1447 692 1493 manifestaretur.
711 1449 812 1492 Hoc
832 1459 984 1493 autem
1010 1462 1105 1492 non
1131 1449 1308 1493 videtur
1329 1448 1601 1506 contigisse;
1633 1461 1742 1491 nam
1780 1461 1862 1506 per
1902 1447 2081 1507 aliquos

123 1513 239 1559 alios
263 1515 491 1570 homines,
509 1515 609 1559 solo
637 1515 805 1559 auxilio
832 1516 1011 1559 divinae
1036 1515 1228 1568 virtutis,
1251 1515 1420 1573 absque
1447 1514 1617 1558 unione
1634 1514 1723 1558 Dei
1749 1514 1805 1558 ad
1828 1527 1990 1560 eorum
2007 1528 2085 1558 na-

121 1591 286 1636 turam,
309 1581 599 1626 inveniuntur
620 1581 786 1626 similia
809 1581 1030 1626 miracula
1056 1596 1155 1626 esse
1172 1580 1306 1635 facta,
1323 1580 1398 1625 vel
1419 1581 1558 1624 etiam
1575 1582 1751 1638 majora
1768 1595 1907 1640 quam
1923 1579 2083 1626 fecerit

126 1647 347 1693 Christus.
373 1647 481 1693 Non
511 1648 649 1706 igitur
679 1649 857 1704 videtur
888 1648 978 1693 Dei
1002 1648 1256 1692 incarnatio
1289 1646 1566 1691 sufficienter
1595 1657 1837 1705 procurata
1863 1646 2001 1692 fuisse
2028 1647 2085 1692 ad

122 1713 376 1759 humanam
400 1714 609 1760 salutem.

210 1780 477 1826 Praeterea:
509 1781 548 1826 si
573 1782 663 1826 hoc
689 1781 998 1827 necessarium
1030 1780 1113 1824 fuit
1143 1781 1374 1825 humanae
1411 1779 1546 1824 saluti
1582 1780 1705 1838 quod
1743 1779 1870 1824 Deus
1898 1793 2083 1825 carnem

125 1858 391 1902 assumeret,
407 1862 549 1907 quum
571 1863 596 1891 a
623 1848 844 1908 principio
863 1847 1023 1891 mundi
1038 1847 1252 1891 homines
1268 1846 1447 1900 fuerint,
1473 1846 1652 1890 videtur
1667 1847 1790 1905 quod
1817 1860 1842 1889 a
1860 1846 2083 1906 principio

123 1914 283 1959 mundi
306 1914 559 1959 humanam
580 1925 790 1959 naturam
808 1928 1041 1959 assumere
1066 1914 1235 1967 debuit,
1253 1924 1299 1958 et
1322 1927 1418 1957 non
1443 1913 1573 1971 quasi
1603 1913 1650 1957 in
1682 1913 1773 1957 fine
1794 1923 2080 1971 temporum3

123 1980 300 2024 videtur
324 1980 448 2026 enim
479 1983 689 2026 omnium
720 1981 1090 2041 praecedentium
1122 1980 1368 2024 hominum
1401 1979 1521 2023 salus
1547 1979 1867 2038 praetermissa
1897 1978 2049 2024 fuisse.

177 2079 183 2084 -
210 2047 346 2092 Item:
374 2048 470 2106 pari
494 2049 685 2102 ratione,
711 2062 854 2107 usque
881 2048 937 2092 ad
963 2047 1101 2092 finem
1124 2047 1285 2091 mundi
1310 2046 1538 2091 debuisset
1560 2061 1665 2090 curn
1683 2046 1947 2090 hominibus
1973 2060 2084 2092 con-

120 2113 305 2168 versari,
332 2125 379 2158 ut
404 2114 616 2159 homines
648 2129 730 2159 sua
755 2114 1009 2174 praesentia
1035 2114 1232 2158 erudiret
1264 2124 1308 2157 et
1333 2113 1618 2171 gubernaret.

210 2179 399 2227 Adhuc:
426 2181 517 2225 hoc
544 2181 743 2227 maxime
774 2180 1037 2225 hominibus
1070 2180 1179 2224 utile
1209 2190 1279 2233 est
1320 2189 1370 2223 ut
1401 2178 1576 2223 futurae
1617 2179 1907 2223 beatitudinis
1938 2179 1985 2224 in
2018 2180 2083 2224 eis

126 2259 231 2306 spes
260 2245 486 2291 fundetur.
513 2247 644 2291 Hanc
678 2258 830 2292 autern
856 2261 983 2306 spem
1015 2246 1162 2305 magis
1195 2260 1248 2290 ex
1279 2246 1384 2290 Deo
1416 2247 1651 2290 incarnato
1685 2247 2015 2305 concepIssent,
2046 2246 2086 2290 si

126 2326 312 2358 carnem
343 2313 656 2358 immortalem
682 2325 729 2359 et
752 2314 1080 2373 impassibilem
1106 2323 1151 2358 et
1176 2313 1425 2371 gloriosam
1447 2313 1776 2371 assumpsisset,
1803 2323 1847 2356 et
1869 2313 2082 2358 omnibus

124 2379 409 2426 ostendisset.
435 2379 544 2425 Non
568 2380 705 2438 igitur
730 2381 907 2425 videtur
927 2379 1066 2424 fuisse
1089 2380 1367 2424 conveniens
1393 2380 1516 2438 quod
1543 2394 1728 2424 carnem
1752 2380 2011 2434 mortalem,
2038 2390 2084 2425 et

120 2445 260 2491 etiam
284 2446 514 2492 infirmam
541 2447 848 2506 assumpserit.

208 2512 442 2575 Amplius:
473 2513 652 2558 videtur
675 2512 812 2558 fuisse
847 2513 1125 2559 conveniens
1158 2513 1214 2557 ad
1251 2513 1584 2557 ostendendum
1626 2513 1749 2572 quod
1776 2513 1933 2557 omnia
1959 2527 2077 2572 quae

120 2579 168 2623 in
195 2579 368 2623 mundo
394 2590 512 2633 sunt,
539 2582 627 2624 sint
652 2594 678 2623 a
702 2580 821 2634 Deo,
848 2579 969 2639 quod
1002 2580 1096 2638 ipse
1125 2579 1397 2623 abundantia
1423 2593 1576 2637 rerum
1604 2581 1938 2624 mundanarum
1971 2594 2078 2624 usus

119 2644 291 2700 fuisset,
321 2645 369 2689 in
401 2646 568 2690 divitiis
594 2658 639 2690 et
661 2645 710 2690 in
735 2646 945 2691 maximis
971 2646 1222 2690 honoribus
1254 2646 1438 2699 vivens;
1471 2647 1599 2703 cujus
1631 2646 1859 2690 contraria
1891 2646 1946 2690 de
1977 2646 2079 2705 ipso

120 2711 346 2771 leguntur,
384 2711 596 2757 videlicet
637 2712 759 2771 quod
785 2726 1030 2787 pauperem
1059 2722 1103 2756 et
1136 2711 1359 2769 abjectam
1385 2712 1527 2756 vitam
1560 2712 1699 2766 duxit,
1732 2722 1776 2756 et
1807 2713 2077 2771 probrosam

119 2789 318 2823 mortem
348 2779 572 2823 sustinuit.
605 2778 713 2822 Non
738 2778 874 2836 igitur
899 2779 1075 2822 videtur
1101 2791 1198 2822 esse
1226 2778 1502 2823 conveniens
1526 2778 1648 2836 quod
1675 2777 1786 2822 fides
1808 2778 1864 2823 de
1885 2778 2027 2824 Deo
2014 2793 2080 2824 in-

118 2856 305 2890 carnato
336 2846 579 2905 praedicat.

205 2911 471 2956 Praeterea:
504 2926 560 2956 ex
584 2912 675 2956 hoc
702 2912 824 2970 quod
857 2913 951 2969 ipse
985 2911 1159 2969 abjecta
1191 2925 1347 2970 passus
1379 2920 1462 2965 est,
1494 2912 1590 2969 ejus
1634 2911 1843 2956 divinitas
1876 2912 2075 2957 maxime

116 2977 201 3022 fuit
225 2977 478 3032 occultata;
509 2993 652 3038 quum
690 2989 846 3023 tamen
878 2978 968 3023 hoc
1006 2980 1205 3021 maxime
1231 2977 1539 3022 necessarium
1577 2977 1710 3022 fuerit
1741 2978 2002 3023 hominibus
2027 2989 2077 3024 ut

116 3045 212 3101 ejus
237 3043 520 3089 divinitatem
545 3054 893 3103 cognoscerent,
926 3044 964 3088 si
994 3045 1091 3102 ipse
1124 3043 1207 3088 fuit
1238 3044 1364 3088 Deus
1388 3044 1663 3088 incarnatus.
1696 3043 1803 3089 Non
1837 3045 1972 3103 igitur
2010 3047 2073 3090 vi-

116 3111 246 3155 detur
271 3111 392 3187 quod
419 3110 529 3155 fides
560 3112 791 3169 praedicat
822 3111 1050 3155 humanae
1077 3110 1211 3154 saluti
1243 3112 1505 3154 convenire.

204 3177 256 3221 Si
280 3178 379 3236 quis
406 3187 559 3222 autem
590 3178 712 3222 dicat
736 3178 856 3236 quod
888 3189 1071 3237 propter
1097 3177 1403 3221 obedientiam
1428 3177 1574 3222 Patris
1601 3176 1739 3222 Filius
1766 3177 1853 3222 Dei
1871 3188 2069 3224 mortem

117 3242 341 3297 sustinuit,
371 3243 462 3288 hoc
488 3258 583 3288 non
608 3243 784 3288 videtur
808 3243 1092 3289 rationabile.

207 3307 480 3354 Obedientia
507 3310 630 3354 enim
655 3309 869 3368 impletur
887 3323 966 3367 per
991 3310 1082 3354 hoc
1108 3309 1231 3368 quod
1253 3309 1470 3354 obediens
1495 3323 1544 3354 se
1566 3308 1828 3355 conformat
1850 3310 2073 3356 voluntati

114 3375 446 3435 praecipientis.
470 3374 696 3420 Voluntas
729 3386 880 3421 autem
912 3376 999 3421 Dei
1033 3376 1177 3420 Patris
1213 3375 1533 3420 irrationabilis
1565 3391 1663 3422 esse
1690 3390 1784 3421 non
1817 3387 1979 3436 potest.
2022 3378 2071 3423 Si

114 3442 251 3500 igitur
281 3455 375 3486 non
406 3440 491 3486 fuit
522 3442 799 3486 conveniens
821 3442 975 3487 Deum
1001 3443 1240 3487 hominem
1264 3441 1436 3487 factum
1463 3454 1663 3488 mortem
1689 3444 1797 3503 pati,
1819 3444 1924 3503 quia
1946 3458 2072 3489 mors

116 3509 341 3553 contraria
363 3522 461 3552 esse
487 3508 664 3553 videtur
689 3508 925 3562 divinitati,
951 3523 1067 3567 quae
1093 3509 1184 3553 vita
1211 3518 1292 3562 est,
1325 3509 1459 3568 hujus
1486 3510 1551 3554 rei
1577 3510 1693 3554 ratio
1727 3525 1782 3555 ex
1814 3510 2072 3556 obedientia

117 3574 172 3618 ad
197 3574 380 3619 Patrem
412 3575 736 3620 convenienter
767 3575 987 3634 assignari
1012 3589 1107 3620 non
1140 3585 1303 3635 potest.
1607 3569 1617 3572 ’
