2332 3854
877 652 1131 712 LIBER
1176 652 1550 713 TERTIUS

1121 845 1297 853 -—

1047 1143 1303 1200 CAPUT
1343 1145 1387 1200 Ι.

799 1286 1130 1326 PROOEMIUM
1167 1288 1242 1326 AD
1285 1287 1615 1334 SEQUENTIA.

323 1402 437 1446 Deus
469 1415 644 1460 magnus
675 1403 901 1458 Dominus,
935 1410 972 1448 et
1003 1405 1092 1450 Rex
1121 1417 1295 1463 magnus
1323 1412 1444 1464 super
1475 1419 1612 1449 omnes
1642 1404 1744 1450 deos.
1781 1405 1998 1462 Quoniam
2027 1419 2112 1451 non
2135 1421 2197 1452 re·

227 1468 349 1527 pellet
374 1469 586 1513 Dominus
610 1469 769 1529 plebem
799 1484 933 1525 suam,
962 1473 1062 1530 quia
1093 1473 1138 1515 in
1170 1485 1299 1516 manu
1330 1475 1417 1530 eJ'us
1447 1479 1547 1518 sunt.
1573 1487 1712 1517 omnes
1730 1473 2013 1531 fines‘tcrraz
2034 1479 2074 1518 et
2105 1473 2197 1518 alti-

234 1535 390 1580 tudines
420 1538 625 1580 montium
656 1539 738 1596 ipse
770 1540 981 1597 conspicit.
1011 1539 1226 1595 Quoniam
1257 1541 1384 1598 ipsius
1423 1545 1479 1584 est
1517 1543 1648 1594 mare,
1683 1545 1720 1584 et
1758 1540 1844 1599 ipse
1884 1540 1980 1592 fecit
2007 1539 2128 1595 illud,
2159 1546 2199 1587 et

232 1605 386 1648 siccam
412 1618 561 1649 manus
586 1607 673 1662 ejus
689 1605 991 1663 formaverunt
1023 1605 1163 1663 (Psal.
1190 1605 1358 1651 XCIV.
1390 1619 1444 1663 3-
1414 1607 1524 1663 —5..)

324 1671 482 1715 Unum
510 1685 608 1716 esse
633 1673 832 1731 primum
858 1673 1046 1727 entium,
1072 1675 1211 1717 totius
1243 1687 1341 1717 esse
1368 1673 1698 1732 perfectionem
1728 1672 1913 1732 plenam
1944 1648 2197 1733 possidens,

234 1737 357 1796 quod
383 1738 536 1782 Deum
560 1739 766 1797 dicimus,
791 1749 1026 1784 ostensum
1049 1750 1116 1784 est
1141 1740 1346 1799 superius
1373 1740 1552 1797 (Lib.1.
1581 1755 1620 1785 c.
1652 1754 1699 1799 13
1708 1740 1755 1797 ).‚
1782 1740 1904 1800 quod
1930 1744 1984 1785 ex
2010 1743 2080 1786 sui
2100 1754 2201 1800 per—
2223 1804 2230 1807 ι

235 1803 446 1849 fectionis
480 1806 755 1850 abundantia
781 1807 994 1850 omnibus
1021 1807 1335 1851 exsistentibus
1363 1821 1462 1851 esse
1494 1806 1698 1866 largitur,
1730 1817 1780 1851 ut
1803 1821 1898 1852 non
1929 1807 2082 1852 solum
2112 1807 2198 1868 pri·

234 1886 362 1915 mum
399 1872 586 1926 entium,
613 1873 693 1917 sed
720 1883 764 1917 et
788 1874 988 1932 primum
1029 1874 1303 1932 principium
1344 1876 1553 1918 omnium
1585 1888 1683 1918 esse
1717 1875 2050 1934 comprobetur.
2083 1874 2195 1920 Esse

234 1948 388 1983 autem
415 1938 512 1983 aliis
538 1939 693 1984 tribuit
716 1954 810 1984 non
843 1941 1112 1984 necessitate
1154 1950 1358 1994 naturae,
1391 1941 1469 1985 sed
1511 1941 1764 1985 secundum
1806 1955 1917 1986 suae
1957 1941 2195 1986 arbitrium

232 2005 495 2060 voluntatis,
522 2016 571 2050 ut
596 2020 650 2050 ex
676 2007 982 2066 superioribus
1011 2007 1130 2064 (Lib.
1157 1990 2195 2066 11.c.23.)}‘{t*‘11mmfm1‘m-

233 2079 548 2131 quens-essut
572 2072 799 2118 factorum
833 2087 1021 2118 suorum
1048 2074 1105 2118 sit
1131 2074 1368 2128 dominus;
1395 2088 1503 2117 nam
1530 2089 1666 2134 super
1691 2088 1744 2119 ea
1771 2088 1886 2133 quae
1913 2084 2096 2120 nostrae
2115 2089 2205 2120 vo

231 2140 394 2184 luntati
425 2140 689 2195 subduntur,
717 2141 1021 2185 dominamur.
1050 2141 1152 2184 Hoc
1180 2151 1335 2185 autem
1362 2141 1620 2184 dominium
1646 2155 1782 2200 super
1806 2155 1879 2185 res
1904 2155 1931 2185 a
1955 2155 2006 2185 se
2031 2141 2198 2201 produ·
2209 2190 2213 2195 s

232 2217 327 2251 ctas
352 2207 605 2266 perfectum
630 2208 782 2262 habet,
819 2218 976 2267 utpote
1003 2208 1080 2267 qui
1107 2208 1162 2251 ad
1189 2221 1265 2251 eas
1291 2209 1608 2266 producendas
1633 2222 1728 2252 non
1754 2207 1989 2253 exterioris
2019 2207 2195 2267 agentis

231 2274 510 2319 adminiculo
537 2275 710 2334 indiget
735 2289 820 2319 nec
853 2276 1071 2319 materiae
1098 2274 1411 2330 fundamento,
1449 2289 1591 2334 quum
1623 2275 1680 2319 sit
1711 2275 1851 2319 totius
1887 2289 1986 2320 esse
2018 2275 2193 2321 univer·

230 2341 337 2386 salis
364 2341 565 2387 effector.
598 2342 771 2386 Eorum
797 2352 948 2386 autem
974 2356 1089 2400 quae
1107 2356 1187 2401 per
1202 2341 1487 2386 voluntatem
1509 2342 1822 2400 producuntur
1837 2341 2014 2401 agentis
2035 2355 2195 2388 unum·

230 2410 443 2468 quodque
470 2409 524 2452 ab
554 2418 716 2467 agente
747 2409 794 2452 in
821 2408 960 2453 finem
989 2408 1189 2467 aliquem
1226 2408 1483 2462 ordinatur3
1524 2409 1699 2452 bonurn
1741 2409 1867 2452 enim
1899 2418 1944 2454 et
1983 2407 2086 2453 finis
2126 2418 2195 2453 est

230 2477 460 2535 objectum
487 2476 722 2535 proprium
747 2476 1017 2530 voluntatis3
1045 2476 1165 2519 unde
1202 2489 1388 2520 necesse
1421 2484 1488 2519 est
1513 2485 1562 2519 ut
1587 2489 1704 2534 quae
1736 2489 1790 2519 ex
1820 2474 2059 2520 voluntate
2092 2488 2194 2535 pro·

231 2543 396 2587 cedunt
431 2544 488 2587 ad
519 2543 660 2587 finem
702 2542 903 2602 aliquem
936 2542 1214 2586 ordinentur.
1258 2542 1418 2586 Finem
1452 2552 1604 2586 autem
1637 2541 1852 2586 ultimum
1890 2555 2193 2601 unaquaeque

230 2625 302 2655 res
322 2625 403 2670 per
427 2624 558 2655 suam
586 2611 879 2669 consequitur
906 2611 1150 2664 actionem,
1178 2623 1316 2668 quam
1344 2619 1525 2667 oportet
1551 2610 1683 2668 dirigi
1709 2609 1763 2653 ab
1792 2623 1848 2653 eo
1874 2608 1954 2669 qui
1973 2608 2195 2668 principia

229 2678 362 2722 rebus
389 2678 511 2722 dedit
536 2691 616 2736 per
641 2691 756 2736 quae
784 2687 936 2736 agunt.
977 2677 1178 2721 Necesse
1211 2686 1279 2720 est
1302 2676 1440 2735 igitur
1466 2686 1514 2720 ut
1544 2676 1686 2730 Deus,
1727 2677 1805 2735 qui
1830 2685 1899 2720 est
1921 2675 1970 2720 in
1994 2689 2044 2720 se
2067 2686 2200 2722 natue

230 2744 383 2788 raliter
407 2744 631 2802 perfectus
658 2754 702 2788 et
728 2745 941 2788 omnibus
969 2744 1145 2788 entibus
1172 2758 1227 2787 ex
1252 2757 1334 2787 sua
1360 2753 1583 2802 potestate
1616 2757 1714 2787 esse
1750 2742 1954 2802 largitur,
1985 2743 2199 2789 omnium

230 2812 403 2855 entium
429 2821 579 2856 rector
605 2811 800 2866 exsistat,
828 2826 854 2855 a
879 2811 1007 2855 nullo
1041 2813 1194 2870 utique
1221 2810 1441 2865 directus;
1474 2823 1558 2854 nec
1587 2820 1655 2854 est
1681 2808 1849 2868 aliquid
1872 2808 1996 2869 quod
2019 2809 2074 2854 ab
2096 2809 2194 2868 ejus

228 2879 450 2938 regimine
478 2888 728 2932 excusetur,
756 2879 872 2922 sicut
902 2892 986 2922 nec
1015 2889 1082 2922 est
1108 2877 1276 2936 aliquid
1309 2878 1431 2936 quod
1474 2877 1527 2921 ab
1561 2877 1661 2936 ipso
1696 2891 1794 2921 esse
1834 2891 1946 2927 non*
1965 2875 2192 2921 sortiatur.

228 2945 309 2990 Est
334 2945 485 3003 igitur,
512 2946 628 2989 sicut
653 2945 878 3004 perfectus
912 2946 956 2988 in
984 2946 1176 2989 essendo
1211 2955 1255 2988 et
1287 2944 1533 2998 causando,
1566 2945 1627 2988 ita
1664 2944 1803 2988 etiarn
1835 2954 1881 2989 et
1914 2943 1962 2989 in
1991 2942 2192 3003 regendo

228 3011 467 3070 perfectus.
495 3013 642 3070 Hujus
667 3026 777 3055 vero
805 3011 1039 3070 regiminis
1066 3010 1253 3056 effeetus
1279 3011 1325 3054 in
1352 3011 1539 3056 diversis
1567 3022 1751 3070 apparet
1773 3009 2094 3065 diversimode,
2114 3023 2194 3056 se-

230 3078 429 3124 cundum
455 3079 758 3124 differentiam
783 3089 1061 3129 naturarum.
2113 3064 2205 3085 *-

217 3138 938 3206 &Quaedamnmnq‘ffe‘
815 3161 879 3191 s1c
908 3161 931 3190 a
958 3147 1062 3190 Deo
1084 3146 1304 3205 producta
1326 3155 1444 3200 sunt,
1467 3155 1515 3190 ut
1537 3145 1820 3190 intellectum
1842 3145 2072 3199 habentia,
2096 3145 2192 3204 ejus

227 3213 572 3258 similitudinem
599 3223 760 3272 gerant
792 3223 836 3257 et
860 3213 1113 3271 imaginem
1146 3222 1508 3272 repraesentent;
1536 3213 1654 3256 unde
1692 3222 1736 3257 et
1759 3213 1863 3290 ‘ipsa
1903 3225 1999 3257 non
2039 3210 2192 3257 solum

228 3290 329 3324 sunt
351 3280 534 3334 directa,
561 3281 641 3324 sed
667 3290 711 3324 et
737 3280 882 3339 seipsa
911 3280 1150 3338 dirigentia
1177 3280 1428 3324 secundum
1451 3280 1656 3339 proprias
1683 3279 1886 3324 actiones
1911 3279 1959 3323 in
1985 3278 2188 3325 debitum

227 3347 387 3402 finem;
421 3362 552 3406 quae,
580 3348 617 3392 si
643 3348 689 3391 in
717 3362 796 3391 sua
825 3347 1074 3391 directione
1103 3347 1312 3405 regimini
1340 3347 1493 3391 divino
1520 3347 1782 3400 subdantur,
1815 3345 1872 3391 ad
1898 3345 2114 3391 ultimum
2143 3343 2215 3408 fir

227 3429 333 3457 nem
368 3414 741 3474 consequendum
772 3429 824 3458 ex
858 3414 1012 3458 divino
1040 3414 1261 3472 regimine
1289 3414 1609 3468 admittuntur3
1651 3412 1931 3472 repelluntur
1955 3422 2125 3467 autem,
2148 3410 2188 3458 si

228 3494 359 3525 secus
385 3482 430 3524 in
458 3496 538 3525 sua
571 3481 820 3526 directione
854 3481 1172 3540 processerint.

316 3547 422 3591 Alia
448 3563 573 3602 vero,
599 3548 832 3592 intellectu
860 3548 1075 3601 carentia,
1098 3549 1246 3606 seipsa
1272 3547 1318 3591 in
1345 3562 1479 3591 suum
1503 3547 1641 3593 finem
1668 3561 1763 3592 non
1789 3546 2003 3607 dirigunt,
2027 3545 2108 3592 sed
2133 3545 2189 3591 ab

230 3614 319 3659 alio
354 3615 625 3673 diriguntur;
649 3629 844 3674 quorum
872 3614 1112 3674 quaedam,
1145 3614 1504 3674 incorruptibilia
1545 3615 1817 3669 exsistentia,
1858 3614 1975 3660 sicut
2011 3613 2059 3658 in
2090 3626 2189 3659 esse
