2332 3854
225 222 331 293 548
944 237 1100 277 LrssER
1135 238 1208 277 ιν.
1250 237 1370 296 cap·
1410 237 1462 274 v.

227 339 428 398 Oportet
456 340 611 398 igitur,
639 341 677 385 si
704 339 865 398 aliquis
891 352 996 382 vere
1024 338 1187 386 dicitur
1218 337 1352 392 filius,
1386 337 1506 396 quod
1545 338 1779 399 supposito
1813 355 1840 384 a
1868 350 1997 402 patre
2029 341 2182 396 distin-

228 418 404 465 guatur.
434 406 643 451 Christus
671 418 821 450 autem
849 419 955 448 vere
982 415 1048 448 est
1074 404 1162 448 Dei
1194 403 1358 458 Filius3
1385 405 1546 448 dicitur
1572 406 1692 449 enim
1716 405 1951 464 (LJoann.
1976 405 2033 452 V.
2061 407 2180 466 2035

235 474 289 517 Ut
313 476 439 518 simus
466 476 509 516 in
535 489 634 517 vero
655 474 763 517 Frlto
791 475 875 529 ejus
895 471 1000 528 Jesu
1021 470 1174 514 Christ
1180 485 1222 513 0.
1244 469 1475 529 Oportet
1466 486 1522 529 Ἧι
1516 476 1600 515 tur
1625 473 1747 531 quod
1767 473 1976 519 Christus
2000 474 2062 519 sit
2081 489 2181 537 3ιιΡ·

225 541 375 599 posito
403 541 639 584 distinctus
667 554 691 581 a
719 540 873 588 Patre;
907 552 999 580 non
1027 538 1163 595 igitur
1188 538 1284 594 ipse
1311 538 1444 581 Pater
1472 549 1539 582 est
1570 538 1722 583 Filius.

315 608 504 650 Adhuc:
534 618 634 661 post
661 605 956 647 incirnationi
964 618 984 646 s
1017 607 1281 662 mysterium
1311 605 1444 647 Pater
1469 606 1524 648 de
1557 605 1672 648 Filio
1696 615 1992 664 protestatur:
2018 579 2181 673 ῌίᾲιςζ

220 674 353 717 Frlius
375 690 437 716 m
429 688 485 715 as
512 673 678 715 dilectas
704 671 884 728 (Matth.
904 670 979 714 ΙΙΙ
1013 672 1129 727 17..)
1136 670 1259 714 Haec
1281 682 1433 722 autem
1451 672 1661 716 demons
1666 674 1780 716 ratio
1809 673 1867 716 ad
1892 674 2179 733 suppositum

223 738 424 783 refertur.
454 739 668 782 Christus
689 737 824 795 igitur
846 737 1095 780 secundum
1125 738 1407 794 suppositum
1437 749 1504 781 est
1529 739 1643 782 alius
1670 753 1696 781 a
1724 740 1869 784 Patre.

314 804 378 848 Ea
405 819 512 847 vero
547 805 707 862 quibus
742 803 967 846 Sabellius
1000 817 1130 846 suam
1165 803 1440 861 positionem
1478 805 1633 848 nititur
1668 804 1957 859 confirmare,
1981 805 2025 853 id
2057 806 2180 867 quod

226 871 417 915 intendi-t
443 885 535 917 non
564 870 821 922 ostendunt,
848 881 895 912 ut
911 869 1025 912 infra
1044 871 1103 925 (c.
1124 871 1186 928 9.)
1214 870 1389 928 plenius
1417 872 1691 915 ostendetur.
1714 872 1821 915 Non
1839 874 1977 925 enim,
1995 869 2181 932 pethosc

226 938 346 996 quod
375 937 499 980 Deus
527 947 593 980 est
615 951 745 990 unus,
776 935 850 979 vel
872 936 994 994 quod
1028 935 1162 979 Pater
1188 946 1256 980 est
1280 937 1325 979 in
1352 936 1468 980 Filio
1487 947 1530 981 et
1556 937 1694 982 Filius
1734 937 1780 981 in
1807 938 1958 994 Patre,
1987 939 2180 994 habetur

228 1005 348 1062 quod
371 1003 511 1047 Filius
539 1014 582 1047 et
609 1003 743 1046 Pater
769 1003 858 1047 sint
884 1017 1026 1046 unum
1053 1003 1314 1062 supposit03
1340 1013 1490 1061 potest
1515 1004 1638 1048 enim
1661 1014 1706 1049 et
1721 1004 1917 1054 duorum
1938 1006 2182 1066 supposito

224 1071 540 1114 distinctorum
574 1069 724 1128 aliqua
751 1070 898 1113 unitas
925 1083 1037 1113 esse.
1783 1085 1795 1097 1

657 1359 730 1396 DE
773 1358 1040 1397 OPINIONE
1079 1358 1189 1396 ARII
1230 1358 1394 1397 CIRCA
1434 1359 1624 1396 FILIUM
1663 1359 1786 1419 ΠΕΙ.Δ

313 1467 473 1519 Quum
511 1476 663 1510 autem
701 1467 935 1510 doctrinae
969 1480 1125 1510 sacrae
1159 1481 1253 1511 non
1280 1477 1504 1525 congruat
1538 1466 1661 1524 quod
1692 1466 1831 1512 Filius
1862 1465 1954 1524 Dfei
1977 1482 2003 1512 a
2033 1465 2181 1526 Maria

221 1534 401 1578 initium
428 1534 684 1592 sumpserit,
712 1544 760 1577 ut
785 1534 1009 1578 Photinus
1033 1533 1224 1587 dicebat,
1252 1548 1399 1592 neque
1427 1543 1476 1577 ut
1501 1533 1537 1576 is
1565 1534 1650 1592 qui⁴
1665 1534 1719 1577 ab
1744 1545 1929 1581 aeterno
1950 1532 2079 1582 Deus
2098 1535 2182 1587 fuit

220 1611 264 1645 et
280 1601 415 1644 Pater
432 1610 499 1644 est
515 1615 594 1658 per
612 1601 758 1644 carnis
777 1601 1139 1659 assumptionem
1159 1600 1323 1643 Filium
1341 1614 1439 1644 esse
1454 1600 1670 1658 coeperit,
1686 1611 1735 1645 ut
1754 1600 1982 1646 Sabellius
1996 1602 2183 1662 dixerat,

220 1667 403 1726 fuerunt
435 1667 511 1721 alii
548 1667 666 1710 hanc
705 1667 760 1710 de
794 1667 947 1710 divina
982 1667 1276 1725 generatione
1314 1681 1451 1726 quam
1487 1666 1720 1725 Scriptura
1745 1668 1881 1715 tradit
1913 1669 2184 1728 opinionem

218 1744 465 1787 sumentes,
492 1733 614 1792 quod
646 1732 785 1777 Filius
812 1734 900 1777 Dei
929 1745 1032 1777 ante
1065 1734 1389 1777 incarnationis
1417 1734 1684 1792 mysterium
1719 1734 1939 1779 exstiterit
1964 1745 2009 1787 et
2040 1735 2181 1792 etiarn
2239 1740 2245 1743 ”

220 1811 323 1856 ante
351 1801 512 1846 mundi
537 1801 865 1845 conditionem.
891 1801 960 1853 Et,
987 1815 1094 1859 qu1a
1109 1810 1193 1843 iste
1210 1799 1381 1844 Fiulius
1401 1813 1425 1842 a
1453 1799 1554 1843 Deo
1572 1799 1705 1844 Patre
1733 1810 1802 1854 est
1827 1800 1963 1856 alius,
1976 1803 2184 1859 aestima·

219 1877 383 1912 verunt
408 1881 514 1911 eum
532 1881 626 1910 non
644 1881 742 1910 esse
770 1866 972 1924 ejusdem
999 1876 1186 1910 naturae
1214 1881 1318 1909 cum
1345 1866 1448 1918 Deo
1476 1865 1632 1909 Patre:
1655 1880 1749 1916 non
1776 1866 1900 1911 enim
1925 1836 2182 1932 intelligege

223 1944 447 1994 poterant,
466 1948 551 1978 nec
571 1934 754 1978 credere
771 1933 988 1978 volebant
1005 1934 1127 1992 quod
1155 1933 1293 1991 aliqui
1312 1933 1418 1986 duo,
1436 1933 1687 1977 secundum
1706 1947 1951 1992 personam
1968 1934 2185 1998 distincti„

221 2001 421 2045 habeant
454 2015 593 2043 unam
621 2000 865 2044 essentiam
893 2010 937 2043 et
962 2011 1187 2043 naturam.
1211 1999 1266 2043 Et
1291 1999 1396 2057 quia
1429 1998 1527 2042 sola
1554 2008 1714 2046 natura
1743 1998 1833 2045 Dei
1857 1998 2008 2056 Patris
2026 2014 2185 2058 secun-

221 2067 330 2111 dum
357 2067 463 2111 fidei
489 2067 746 2110 doctrinam
780 2078 962 2110 aeterna
991 2067 1200 2120 creditur,
1229 2066 1515 2109 crediderunt
1539 2076 1748 2110 naturam
1780 2063 1882 2110 Fini
1912 2080 2006 2114 non
2030 2067 2090 2120 ab
2112 2080 2185 2128 ις’,

219 2145 352 2179 terno
390 2135 625 2188 exstitisse,
652 2134 759 2179 licet
788 2133 923 2177 fuerit
947 2133 1085 2177 Filius
1113 2143 1215 2182 ante
1243 2133 1353 2177 alias
1380 2143 1622 2177 creaturas.
1663 2132 1720 2177 Et
1751 2133 1856 2192 quia
1887 2147 2027 2180 omne
2057 2133 2183 2197 Quod

219 2216 314 2246 non
336 2211 409 2246 est
435 2211 671 2245 aeternum
705 2215 759 2244 ex
791 2199 936 2244 nihilo
969 2199 1142 2244 factum
1181 2210 1248 2244 est
1284 2210 1329 2244 et
1365 2213 1390 2244 a
1423 2199 1526 2257 Deo
1561 2210 1781 2254 creatum,
1811 2198 1983 2264 Filium
2006 2199 2106 2255 Dei
2129 2214 2186 2257 ex

219 2268 366 2312 nihilo
393 2267 566 2311 factum
589 2282 689 2312 esse
716 2278 760 2311 et
782 2277 1036 2311 creaturam
1064 2266 1398 2324 praedicabant.

312 2335 403 2391 Sed
437 2335 542 2393 quia
575 2334 843 2378 auctoritate
872 2333 1131 2392 Scripturae
1164 2333 1444 2392 cogebantur
1469 2342 1518 2376 ut
1543 2331 1682 2376 etiarn
1713 2330 1880 2388 Fibum
1915 2331 2081 2394 Deum
2098 2347 2184 2379 no-

219 2401 462 2456 minarent,
489 2402 606 2445 sicut
627 2401 673 2444 in
700 2400 1006 2458 superioribus
1033 2410 1102 2443 est
1124 2413 1403 2458 expressum,
1429 2397 1640 2448 dicebant
1657 2413 1765 2445 eum
1789 2413 1933 2447 unum
1950 2413 2056 2454 qum
2074 2400 2185 2459 Deo

218 2469 368 2526 Patre,
394 2463 489 2512 nc'm
516 2467 700 2527 quidem
735 2482 816 2526 per
849 2477 1073 2520 naturam,
1107 2467 1185 2510 sed
1217 2480 1296 2525 per
1322 2465 1569 2526 quamdam
1609 2480 1863 2514 consensus
1884 2465 2109 2523 unionem
2137 2477 2186 2515 et

217 2549 298 2596 per
316 2535 494 2579 divinae
511 2533 818 2578 similitudinis
836 2533 1228 2592 participationem
1257 2547 1402 2608 super·
1411 2542 1584 2577 ceteras
1616 2543 1867 2577 creaturas:
1888 2532 2024 2591 unde,
2038 2547 2188 2593 quum,

219 2615 461 2663 supremae
489 2611 736 2655 creaturae,
769 2615 879 2659 quas
917 2599 1108 2658 angelos
1146 2600 1355 2654 dicirrmS,
1391 2599 1438 2642 in
1466 2599 1707 2658 Scripturis
1740 2609 1784 2644 et
1816 2599 1884 2647 dit
1910 2609 1956 2651 et
1978 2594 2182 2660 filii'in

216 2669 527 2722 nominentur,
554 2668 805 2712 secundum
837 2666 949 2710 illud
978 2667 1081 2725 (Job
1108 2665 1364 2711 XXXVIII.
1398 2678 1453 2720 4-
1431 2664 1543 2723 -7.)·
1579 2667 1664 2710 Ubi
1694 2681 1814 2712 eras.
1919 2682 2091 2729 ,quum
2116 2682 2209 2719 ηκ,

216 2735 437 2780 laudarent
467 2742 586 2780 astra
605 2735 827 2788 matutina,
860 2739 896 2778 et
921 2733 1153 2791 jubilarent
1179 2748 1315 2777 omnes
1336 2733 1424 2791 filii
1455 2732 1573 2778 Dei?
1605 2742 1651 2776 et
1677 2731 1820 2790 (Psal
1833 2699 2058 2790 LXXXI.
2095 2747 2115 2781 1
2118 2735 2185 2793 ,λζ

218 2803 334 2846 Deus
357 2803 464 2846 stetit
490 2803 534 2845 in
558 2815 765 2861 synagoga
782 2800 966 2853 deorum,
986 2800 1107 2843 hunc
1134 2799 1223 2843 Dei
1248 2798 1414 2843 Filium
1432 2808 1475 2842 et
1495 2799 1648 2843 Deum
1675 2812 1782 2858 prae
1810 2798 1918 2854 aliis
1935 2795 2031 2851 dici
2051 2813 2182 2864 opere
2228 2798 2233 2813 ³

216 2869 355 2923 tebat,
397 2878 554 2927 utpote
596 2864 871 2911 nobiliorem
896 2866 1014 2911 inter
1047 2876 1219 2911 ceteras
1253 2876 1497 2920 creaturas,
1527 2865 1575 2909 in
1605 2874 1786 2920 tantum
1815 2864 1946 2925 quod
1963 2879 2055 2929 per
2073 2880 2187 2932 eun}

219 2934 346 2979 Deus
378 2935 514 2979 Pater
537 2948 726 2978 omnem
760 2933 898 2978 aliam
926 2933 1180 2977 condiderit
1211 2942 1483 2985 creaturam.

308 3002 438 3058 Hanc
472 3011 625 3047 autem
651 3000 929 3059 positionem
962 2998 1232 3043 confirmare
1264 2999 1522 3043 nitebantur
1553 3013 1709 3045 sacrae
1747 2997 2011 3059 scriptume
2039 2998 2187 3055 docus,

220 3068 398 3114 mentis.
425 3068 550 3111 Dicit
581 3066 704 3111 enim
739 3065 894 3120 Filius,
929 3066 983 3109 ad
1017 3066 1200 3110 Patrem
1226 3064 1420 3124 loquens
1457 3064 1636 3123 (Joann.
1671 3062 1816 3114 XVII,
1852 3064 1939 3124 3.).
1975 3065 2093 3122 Haec
2123 3071 2180 3122 est

218 3136 309 3179 vita
335 3141 517 3189 aeterna,
545 3139 589 3178 ut
620 3139 865 3191 cognoscant
886 3139 922 3177 te
947 3133 1078 3177 solum
1096 3133 1235 3176 Deum
1251 3147 1412 3176 verum.
1442 3131 1576 3176 Solus
1601 3145 1711 3197 ergo
1737 3130 1872 3185 Pater
1892 3128 2019 3186 Deua
2041 3145 2195 3197 vegas*

224 3211 304 3245 est.
331 3201 491 3253 Quum
517 3214 626 3259 ergo
653 3199 793 3244 Filius
823 3213 916 3242 non
943 3199 999 3243 sit
1031 3198 1178 3251 Pater,
1201 3196 1342 3242 Filius
1368 3197 1494 3241 Deus
1526 3212 1659 3244 verus
1693 3211 1791 3245 esse
1821 3211 1922 3254 non
1940 3207 2107 3258 potest.
2150 3236 2156 3242 .

311 3267 450 3312 Item:
479 3265 732 3326 Apostolus
759 3266 867 3310 dicit
894 3266 948 3323 (Ι.
978 3264 1100 3310 Tim.
1127 3261 1205 3309 VI.
1244 3263 1357 3320 14.:)
1384 3264 1528 3309 Serves
1548 3262 1794 3316 mandatum
1812 3279 1899 3323 suna
1918 3263 2102 3318 macula,
2125 3265 2187 3314 ite

223 3333 537 3392 reprehensibile
554 3348 678 3392 usque
695 3332 748 3376 ad
770 3332 992 3376 adventum
1009 3332 1191 3376 Domini
1211 3331 1342 3376 nostri
1357 3331 1453 3387 Jesu
1483 3331 1664 3384 Christi,·
1689 3345 1808 3389 qum
1827 3331 1918 3378 suis
1933 3329 2188 3408 temporibus*

222 3400 395 3445 ostendet
421 3402 559 3445 beatus
599 3406 637 3444 et
667 3400 774 3444 solus
791 3405 949 3458 potens,
974 3399 1061 3444 Rex
1097 3412 1256 3456 regum,
1289 3403 1325 3441 et
1361 3397 1572 3442 Dominus
1603 3398 1938 3459 ᾱοηιίηαηίἰιιηις
1965 3399 2051 3467 qui
2072 3395 2180 3448 solus

224 3467 342 3511 babet
359 3466 731 3519 immortalitatem,
754 3472 791 3510 et
811 3466 941 3510 lucem
963 3465 1123 3510 habitat
1148 3464 1481 3514 inaccessibilem.
1498 3465 1549 3509 In
1568 3464 1728 3524 quibus
1754 3462 1908 3517 verbis
1928 3460 2180 3520 ostenditur

224 3533 453 3577 distinctio
485 3533 574 3589 Dei
600 3532 748 3576 Patris
785 3532 1063 3577 ostendentis
1097 3531 1157 3576 ad
1190 3530 1426 3583 Christum
1460 3541 1707 3587 ostensum
1742 3529 1886 3592 Solus
1910 3544 2021 3597 engo
2050 3527 2185 3588 Deus·

222 3588 355 3643 Pater
382 3599 626 3649 ostendens
654 3609 721 3645 est
752 3608 929 3660 potens,
962 3599 1060 3645 Rex
1086 3613 1247 3660 regum
1281 3608 1326 3645 et
1346 3597 1576 3651 Dominus
1609 3598 1961 3661 dominantium,
1986 3596 2180 3660 euplus
