2332 3854
0 1533 14 1549 «¹⁵²
0 1228 25 1502 ‘¹¹=**'v¹⁰’!.⁴ffir'u¹f··5“⁶fr’?'ss
0 1177 12 1214 “‘’‘'›
0 1096 12 1159 ‘'''''
0 1034 13 1080 ΡΨ
3 835 19 874 ”“;”,
3 811 12 815 a
11 767 19 789 ..-
10 704 18 748 :fa-2-
11 679 18 691 2.
8 649 14 659 υ
9 609 13 628 η
10 576 12 578 -
13 546 18 559 Α.
13 522 17 524 .
3 348 17 371 2-2'
12 240 18 245 1
11 211 13 218 -
6 147 18 176 ..ὁ
2 68 15 112 1³⁸<

21 1383 26 1387 2
20 1342 25 1349 v
19 1003 21 1005 ·
28 883 30 885 ,
19 693 27 701 s
21 634 31 655 z*
16 576 34 603 ,⁴0
20 541 21 546 Α
17 509 20 510 ’
18 465 29 479 α
18 325 33 364 ;(“·’
17 267 30 307 „aa
17 181 29 208 0¹³⁴
22 154 25 156 ⁴
19 28 38 114 vaf*

859 220 1017 261 Lmen
1056 221 1129 260 lv.
1170 221 1290 260 CAP.
1330 218 1462 259 xvtt.
2022 203 2123 273 581

168 322 352 384 Spiritus
381 324 526 370 Sancti
549 324 594 368 in
614 337 703 377 vos,
735 330 771 368 et
795 325 908 368 eritis
939 324 1044 368 mihi
1070 330 1180 368 testes
1210 325 1254 367 in
1273 322 1516 380 jerusalem,
1536 327 1572 366 et
1599 323 1642 364 in
1659 322 1774 365 omni
1788 320 1965 377 Iudaea,
1999 327 2035 365 et
2056 322 2133 366 Sa-

163 392 321 444 maria,
353 396 391 435 et
410 405 533 449 usque
558 389 612 434 ad
633 390 826 434 ultimum
854 397 1004 444 terrae,
1032 405 1085 434 ex
1112 404 1202 448 quo
1231 400 1352 447 patet
1374 390 1495 447 quod
1525 388 1716 446 Spiritus
1744 387 1939 431 Sanctus
1962 388 2127 446 ubique

164 466 246 509 est,
259 456 335 515 qui
354 456 518 515 ubique
536 467 581 500 et
597 456 869 514 ubicumque
884 457 1099 501 exsistens
1117 457 1350 501 inhabitat.
1370 456 1561 514 Spiritus
1575 469 1684 512 ergo
1701 454 1895 497 Sanctus
1908 454 2033 497 Deus
2047 464 2132 498 est.

252 522 510 566 Praeterea:
538 535 746 581 expresse
778 522 824 565 in
858 522 1089 581 Scriptura
1124 523 1315 580 Spiritus
1331 523 1528 566 Sanctus
1555 523 1838 573 nominatur;
1867 520 1975 563 dicit
2002 520 2126 563 enim

162 586 322 632 Petrus
348 589 473 646 (Act.
499 588 556 633 V.
586 589 671 647 3.):
704 589 892 641 Amaia,
925 603 1002 632 cur
1027 591 1200 632 tentavit
1222 589 1403 633 Satanas
1434 602 1507 632 cor
1528 594 1661 650 tuum,
1687 588 1860 631 mentiri
1886 592 1921 630 te
1941 586 2125 645 Spiritui

161 654 349 700 Sancto?
374 665 419 699 et
439 665 599 714 postea
621 655 792 699 subdit:
811 655 911 699 Non
927 670 964 699 es
986 658 1178 700 mentitus
1195 657 1445 708 hominibus,
1463 654 1528 699 sed
1546 656 1650 699 Deo.
1671 653 1863 712 Spiritus
1887 666 1997 711 ergo
2018 652 2132 696 San·

163 718 262 765 ctus
284 730 352 766 est
376 721 517 766 Deus.
786 745 790 749 -

171 783 188 807 ⁸
250 787 390 832 Item:
413 787 468 845 (1.
497 787 705 832 Corinth.
729 787 850 832 XIV.
874 786 938 844 2.)
961 788 1148 832 dicitur:
1179 789 1267 845 Qui
1293 788 1479 847 loquitur
1504 789 1663 846 lingua,
1689 802 1775 831 non
1801 787 2042 832 hominibus
2069 786 2130 831 lo·

161 854 325 913 quitur,
338 853 405 899 sed
423 856 512 899 Deo
522 869 540 906 ;
569 869 686 899 namo
713 856 823 899 enim
848 855 993 903 audit:
1021 855 1203 914 Spiritus
1224 862 1362 900 autem
1384 856 1570 914 loquitur
1601 856 1823 913 mysteria;
1850 868 1902 898 ex
1929 867 2021 913 quo
2054 853 2132 898 dat

160 918 417 980 intelligere
443 922 565 980 quod
585 922 776 980 Spiritus
794 921 1063 981 loquebatur
1085 923 1131 965 in
1148 923 1217 966 his
1236 923 1312 981 qui
1328 923 1462 966 variis
1480 922 1645 980 linguis
1663 921 1978 980 loquebantur.
1997 920 2128 965 Post-

161 987 352 1032 modum
379 998 529 1032 autem
549 989 680 1033 dicit:
700 989 752 1032 In
778 989 857 1047 lege
882 990 1084 1047 scriptum
1111 996 1193 1033 est.-
1223 991 1440 1046 Quoniam
1459 991 1503 1032 in
1528 989 1623 1032 aliis
1649 989 1800 1046 linguis
1824 994 1860 1032 et
1882 988 2005 1032 labiis
2030 987 2128 1032 aliis

160 1054 312 1112 loquar
333 1055 488 1114 populo
514 1055 610 1100 huic
621 1070 638 1107 ;
664 1062 702 1100 et
721 1070 793 1099 nec
817 1057 875 1100 sic
901 1055 1120 1099 exaudient
1150 1071 1230 1110 me,
1263 1055 1363 1100 dicit
1394 1057 1617 1099 Dominus.
1647 1055 1839 1114 Spiritus
1872 1068 1982 1112 ergo
2016 1053 2128 1098 San-

161 1130 274 1175 ctus,
299 1121 378 1180 qui
408 1120 607 1180 loquitur
633 1122 847 1180 mysteria
880 1122 1065 1166 diversis
1093 1121 1222 1166 labiis
1250 1132 1294 1166 et
1319 1122 1500 1180 linguis,
1526 1122 1653 1165 Deus
1684 1131 1765 1165 est.

181 1198 183 1200 ’
244 1187 432 1232 Adhuc:
459 1198 563 1246 post
587 1201 731 1247 pauca
757 1188 959 1232 subditur
985 1188 1064 1245 (ib.
1084 1188 1198 1245 24.):
1230 1189 1276 1232 Si
1297 1203 1433 1233 omnes
1446 1189 1702 1247 prophetent,
1725 1189 1850 1231 intret
1869 1193 2007 1231 autem
2033 1188 2126 1246 quis

155 1253 344 1312 infidelis,
361 1254 429 1298 vel
448 1254 592 1308 idiota,
610 1256 877 1299 convincitur
902 1256 953 1299 ab
971 1257 1177 1308 omnibus,
1205 1255 1466 1312 dijudicatur
1483 1257 1535 1298 ab
1562 1255 1781 1308 omnibus;
1807 1254 1970 1298 occulta
1989 1253 2126 1299 cordis

156 1322 245 1379 ejus
264 1321 486 1379 manifesta
495 1322 625 1380 fiunt,
642 1328 680 1366 et
697 1323 759 1365 ita
775 1321 921 1366 cadens
946 1323 991 1365 in
1007 1322 1166 1380 faciem
1192 1322 1388 1366 adorabit
1404 1323 1559 1376 Deum,
1582 1322 1863 1380 pronuntians
1894 1320 2003 1379 quod
2022 1335 2120 1365 vere

157 1386 274 1431 Deus
303 1388 350 1431 in
379 1388 499 1431 vobis
527 1389 591 1432 sit.
623 1387 751 1431 Patet
779 1398 946 1442 autern,
973 1402 1054 1447 per
1074 1388 1118 1431 id
1146 1389 1269 1446 quod
1295 1388 1529 1447 praemisit
1553 1388 1675 1446 quod
1703 1387 1898 1446 Spiritus
1922 1386 2123 1446 loquitur

157 1454 388 1512 mysteria,
415 1455 536 1513 quod
564 1453 868 1499 manIfestatio
893 1454 1180 1498 occultorum
1204 1456 1354 1499 cordis
1373 1469 1398 1498 a
1423 1455 1591 1512 Spiritu
1611 1454 1782 1498 Sancto
1808 1453 1879 1507 fit;
1906 1454 2029 1512 quod
2052 1464 2121 1499 est

155 1520 389 1579 proprium
421 1521 667 1565 divinitatis
692 1522 898 1580 signum;
932 1522 1041 1565 dicit
1072 1522 1195 1565 enim
1219 1522 1410 1578 (Jerem.
1443 1522 1588 1565 XVII.
1616 1520 1703 1580 9.):
1739 1521 1928 1565 Pravum
1959 1527 2015 1565 est
2047 1535 2120 1566 cor

157 1586 350 1640 bominis,
372 1593 409 1631 et
428 1588 723 1632 inscrutabile:
750 1589 839 1646 quis
865 1594 1075 1646 cognoscet
1099 1587 1234 1632 illud?
1257 1589 1344 1646 Ego
1367 1589 1579 1632 Dominus
1599 1594 1788 1631 scrutans
1813 1587 1941 1632 corda
1965 1593 2003 1631 et
2019 1594 2119 1646 pro-

155 1654 258 1698 bans
287 1666 428 1712 renes,
450 1654 570 1697 unde
603 1668 656 1697 ex
681 1654 772 1698 hoc
798 1654 969 1713 judicio
1003 1656 1140 1698 etiam
1167 1654 1360 1697 infidelis
1392 1654 1671 1712 perpendere
1703 1654 1866 1698 dicitur
1891 1655 2014 1712 quod
2039 1653 2117 1698 ille

156 1720 235 1779 qui
259 1720 374 1765 haec
401 1719 582 1765 occulta
609 1721 815 1764 cordium
843 1720 1045 1779 loquitur
1075 1721 1132 1765 sit
1153 1721 1292 1764 Deus.
1320 1721 1442 1779 Ergo
1466 1721 1658 1779 Spiritus
1676 1720 1871 1764 Sanctus
1890 1721 2016 1764 Deus
2038 1725 2121 1764 est.

194 1800 196 1803 ·
242 1787 379 1831 Item:
394 1800 557 1846 parum
576 1797 680 1846 post
696 1787 824 1831 dicit:
843 1788 1025 1847 Spiritus
1034 1787 1338 1847 prophetarum
1349 1788 1565 1846 prophetis
1579 1789 1751 1845 subjecti
1765 1793 1873 1832 sunt.
1892 1788 1991 1831 Non
2007 1789 2119 1831 enim

153 1860 210 1899 est
230 1853 486 1907 dissensionis
511 1854 638 1906 Deus,
668 1853 734 1898 sed
749 1855 882 1913 pacis.
911 1853 1098 1898 Gratiae
1125 1863 1275 1897 autem
1303 1854 1644 1913 prophetarum,
1672 1867 1782 1912 quas
1810 1854 1989 1912 spiritus
2016 1868 2117 1913 pro-

152 1920 394 1981 phetarum
434 1921 765 1974 nominaverat,
793 1935 818 1964 a
851 1921 1020 1978 Spiritu
1059 1921 1230 1965 Sancto
1262 1931 1379 1965 sunt.
1419 1921 1611 1979 Spiritus
1649 1934 1760 1979 ergo
1798 1921 2007 1978 Sanctus,
2040 1921 2120 1980 qui

153 1987 419 2046 hujusmodi
435 1987 603 2046 gratias
628 1988 692 2031 sic
715 1987 939 2031 distribuit
963 1998 1012 2031 ut
1038 2001 1091 2032 ex
1118 1987 1182 2032 eis
1208 2001 1303 2031 non
1330 1988 1387 2031 sit
1409 1988 1645 2041 dissensio,
1672 1987 1750 2031 sed
1772 2002 1860 2047 pax
1886 1999 2116 2047 sequatur,

151 2054 279 2111 Deus
304 2067 403 2098 esse
429 2054 681 2098 ostenditur
704 2053 752 2097 in
776 2054 867 2098 hoc
890 2054 1012 2112 quod
1029 2054 1160 2099 dicit:
1184 2055 1282 2099 Non
1303 2061 1358 2099 est
1373 2054 1633 2098 dissensionis
1657 2055 1787 2108 Deus,
1808 2054 1875 2099 sed
1890 2056 2022 2113 pacis.

241 2120 480 2180 Amplius:
514 2121 729 2180 adoptare
755 2121 802 2164 in
828 2121 948 2165 filios
973 2121 1062 2165 Dei
1093 2136 1186 2165 non
1219 2131 1368 2180 potest
1400 2135 1498 2166 esse
1531 2135 1645 2180 opus
1679 2121 1862 2166 alterius
1894 2121 1982 2168 nisi
2011 2122 2116 2177 Dei,

149 2186 277 2232 nulla
297 2187 422 2231 enim
447 2198 654 2232 creatura
679 2187 921 2246 spiritualis
954 2188 1118 2232 dicitur
1142 2187 1260 2232 filius
1292 2188 1380 2232 Dei
1412 2203 1492 2247 per
1523 2198 1750 2242 naturam,
1782 2189 1861 2232 sed
1893 2202 1972 2248 per
2005 2189 2116 2233 ado-

148 2254 317 2312 ptionis
343 2255 559 2313 gratiarn3
586 2254 707 2298 unde
733 2264 778 2298 et
801 2254 892 2298 hoc
926 2268 1040 2314 opus
1066 2254 1189 2298 Filio·
1210 2255 1312 2308 Dei,
1341 2257 1416 2313 qui
1443 2269 1576 2299 verus
1600 2255 1726 2299 Deus
1749 2264 1830 2309 est,
1859 2255 2114 2314 Apostolus

149 2320 349 2369 attribuit
381 2320 554 2378 (Galat.
587 2321 665 2366 IV.
697 2322 762 2378 4.)
791 2322 968 2366 dicens:
1001 2322 1119 2376 Misit
1146 2322 1261 2366 Deus
1291 2323 1451 2366 Filium
1484 2338 1604 2366 suum
1621 2356 1751 2367 .....
1773 2330 1822 2368 ut
1852 2323 2118 2382 adoptionem

135 2387 331 2447 filiorum
361 2389 644 2447 reciperemus.
671 2388 865 2446 Spiritus
888 2398 1041 2432 autem
1069 2388 1263 2432 Sanctus
1290 2398 1363 2432 est
1393 2389 1652 2448 adoptionis
1680 2404 1840 2444 causa;
1867 2390 1975 2434 dicit
1996 2390 2120 2434 enim

150 2453 403 2513 Apostolus
428 2454 586 2512 (Rom.
619 2454 742 2498 VIII.
783 2455 899 2514 15.):
926 2456 1131 2514 Accepisti
1161 2457 1364 2513 spiritum
1390 2456 1622 2516 adoptionis
1637 2457 1832 2515 filiorun,
1864 2458 1909 2501 in
1934 2471 2014 2515 quo
2037 2457 2121 2502 cla-

146 2533 336 2566 mamus:
362 2522 503 2575 Abba,
529 2521 668 2565 Pater.
700 2520 822 2580 Ergo
847 2521 1038 2580 Spiritus
1067 2521 1262 2566 Sanctus
1298 2536 1392 2565 non
1421 2532 1488 2566 est
1514 2533 1733 2576 creatura,
1759 2523 1838 2568 sed
1870 2523 2011 2568 Deus.

234 2587 375 2633 Item:
399 2587 439 2632 si
461 2587 654 2646 Spiritus
682 2588 876 2632 Sanctus
901 2602 997 2632 non
1015 2598 1082 2632 est
1107 2588 1249 2642 Deus,
1282 2598 1462 2647 oportet
1488 2590 1611 2648 quod
1638 2591 1695 2634 sit
1721 2589 1870 2649 aliqua
1898 2600 2118 2636 creatura.

22 2646 28 2654 ’
62 2684 76 2699 .
147 2653 344 2699 Planum
375 2664 444 2699 est
474 2664 627 2698 autem
654 2655 776 2713 quod
802 2669 896 2699 non
923 2664 991 2699 est
1025 2664 1229 2699 creatura
1262 2655 1525 2715 corporalis,
1558 2670 1642 2700 nec
1671 2657 1808 2700 etiam
1841 2657 2113 2716 spiritualis3

145 2719 273 2765 nulla
305 2721 428 2765 enim
461 2730 666 2765 creatura
697 2720 917 2778 spirituali
949 2731 1181 2765 creaturae
1214 2720 1474 2776 infunditur,
1509 2737 1650 2780 quum
1684 2732 1889 2767 creatura
1921 2737 2016 2767 non
2060 2723 2119 2768 sit

145 2787 484 2847 participabilis,
510 2788 588 2832 sed
614 2788 762 2846 magis
788 2788 1085 2847 participans;
1113 2788 1304 2846 Spiritus
1327 2799 1479 2832 autern
1508 2789 1703 2832 Sanctus
1735 2788 1984 2834 infunditur
2009 2804 2114 2835 san-

145 2865 326 2898 ctorum
358 2854 600 2907 mentibus,
627 2853 756 2912 quasi
783 2854 836 2897 ab
865 2854 928 2898 eis
951 2854 1265 2913 participatus;
1291 2854 1456 2912 legitur
1482 2855 1605 2898 enim
1632 2865 1677 2899 et
1704 2855 1914 2900 Christus
1947 2856 2108 2915 plenus
2166 2898 2171 2903 .

143 2918 297 2974 fuisse,
329 2931 371 2964 et
395 2922 532 2964 etiam
560 2921 786 2978 Apostoli.
814 2920 920 2964 Non
944 2931 1010 2964 est
1036 2935 1145 2979 ergo
1170 2921 1362 2980 Spiritus
1397 2921 1836 2976 Sanctuslcreatura,
1865 2923 1943 2966 sed
1966 2923 2108 2967 Deus.

233 2987 284 3031 Si
306 2987 408 3046 quis
434 2998 586 3031 autem
613 2987 734 3046 dicat
750 2987 980 3046 praedicta
999 3001 1136 3046 opera
1155 3002 1271 3046 quae
1288 2998 1390 3031 sunt
1408 2988 1496 3031 Dei
1515 2988 1700 3046 Spiritui
1720 2989 1891 3032 Sancto
1910 2989 2108 3043 attribui,

142 3067 238 3099 non
263 3067 343 3112 per
369 3054 701 3108 auctoritatem,
728 3063 775 3097 ut
800 3054 919 3107 Deo,
937 3054 1014 3097 sed
1034 3068 1112 3112 per
1139 3054 1454 3107 ministerium,
1475 3056 1600 3113 quasi
1624 3065 1872 3109 creaturae,
1899 3069 2110 3114 expresse

141 3120 234 3165 hoc
260 3134 359 3168 esse
390 3120 558 3166 falsum
591 3132 776 3180 apparet
808 3136 860 3165 ex
893 3122 963 3165 his
990 3135 1106 3180 quae
1139 3121 1391 3179 Apostolus
1423 3122 1533 3165 dicit
1565 3122 1620 3180 (I.
1655 3122 1864 3167 Corinth.
1898 3123 1998 3166 XII.
2026 3121 2108 3179 6.),

142 3187 323 3233 ‹li-cens:
348 3189 589 3233 Divisiones
605 3190 893 3247 operationum
909 3195 1016 3242 sunt,
1044 3188 1152 3232 idem
1169 3203 1269 3232 vero
1299 3190 1411 3232 Deus
1437 3190 1508 3246 qui
1531 3195 1728 3247 operatur
1753 3190 1896 3233 omnia
1913 3190 1957 3232 in
1975 3190 2108 3233 omni-

144 3254 243 3304 bus:
270 3263 315 3298 et
346 3259 519 3313 postea,
546 3255 886 3299 connumeratis
910 3255 1094 3298 diversis
1123 3255 1254 3298 donis
1278 3255 1381 3308 Dei,
1404 3255 1577 3298 subdit:
1600 3256 1719 3300 Haec
1741 3258 1884 3299 omnia
1907 3262 2111 3314 operatur

140 3334 247 3365 unus
277 3326 399 3379 atque
428 3320 536 3365 idem
569 3321 763 3379 Spiritus,
795 3321 983 3365 dividens
1013 3322 1183 3379 singulis
1208 3328 1338 3380 prout
1368 3322 1474 3375 vult,
1509 3322 1586 3365 ubi
1618 3322 1857 3367 manifeste
1892 3323 2118 3382 expressitv

143 3385 364 3445 Spiritum
390 3386 611 3431 Sanctum
642 3387 795 3431 Deum
822 3401 944 3441 esse;
970 3397 1070 3431 turn
1103 3402 1156 3431 ex
1184 3401 1238 3431 eo
1272 3388 1394 3446 quod
1422 3388 1641 3446 Spiritum
1675 3388 1896 3433 Sanctum
1924 3389 2107 3449 operari

141 3452 251 3499 dicit
280 3467 397 3512 quae
428 3467 563 3512 supra
595 3453 768 3498 dixerat
801 3454 952 3498 Deum
986 3455 1179 3512 operari,
1201 3464 1299 3497 tum
1322 3464 1377 3498 ex
1402 3455 1493 3498 hoc
1521 3455 1642 3514 quod
1670 3470 1776 3499 eum
1803 3470 1886 3514 pro
1903 3470 2012 3501 suae
2028 3470 2109 3500 vo·

142 3518 327 3564 luntatis
353 3519 537 3564 arbitrio
565 3520 743 3580 operari
775 3519 1029 3565 confitetur.
1053 3519 1344 3565 Manifestum
1379 3530 1447 3566 est
1471 3521 1609 3580 igitur
1635 3521 1854 3581 Spiritum
1888 3522 2110 3567 Sanctum

144 3585 296 3631 Deum
322 3600 435 3631 esse.
