2332 3854
197 214 308 281 496
847 225 1000 263 LIBER
1040 224 1116 263 111.
1159 223 1280 261 cAP.
1321 222 1523 262 cxxxv.

197 343 277 388 per
303 342 419 387 quae
445 327 597 372 utilius
623 330 771 386 potest
797 325 895 370 aliis
922 325 1176 379 subvenire,
1198 337 1293 368 non
1313 323 1424 368 facit
1449 334 1609 369 contra
1633 325 1805 370 bonum
1829 327 2063 372 societatis
2082 326 2164 373 hu·

199 408 378 448 manae,
404 404 453 439 ut
479 394 609 438 tertia
635 394 749 437 ratio
778 392 1095 436 concludebat.
1724 417 1727 420 >

286 462 417 506 Patet
443 472 594 505 autem
623 474 676 503 ex
702 458 942 518 praedictis
970 458 1091 517 quod
1119 458 1301 502 divitiae
1327 458 1566 535 quoddam
1595 447 1772 504 bonurn
1803 461 2008 506 hominis
2039 471 2163 517 sunt,

197 529 449 573 secundum
490 527 611 585 quod
650 526 916 569 ordinantur
952 525 1007 567 ad
1044 525 1218 568 bonum
1255 525 1457 579 rationis,
1489 540 1584 570 non
1618 537 1771 570 autem
1807 528 2060 572 secundum
2085 540 2160 575 se:

198 596 318 639 unde
343 594 457 638 nihil
484 593 694 652 prohibet
711 601 1025 650 paupertatem
1043 590 1206 635 melius
1224 605 1338 645 esse,
1363 592 1403 636 si
1429 606 1509 652 per
1525 606 1626 636 earn
1652 594 1706 637 ad
1724 593 1967 652 perfectius
1985 595 2162 641 boum

199 662 360 720 aliquis
388 661 640 704 ordinetur:
669 669 712 702 et
737 658 801 701 sic
829 657 1019 701 solvitur
1045 658 1161 702 ratio
1189 668 1362 717 quarta.

286 730 342 772 Et
368 728 473 786 quia
498 740 646 784 neque
672 725 869 778 divitiae,
896 738 1045 784 neque
1071 735 1327 784 paupertaS,
1358 739 1508 785 neque
1542 725 1664 770 aliud
1691 727 1968 771 exteriorum
1999 739 2068 773 est
2091 741 2164 773 se⁸

199 796 397 839 cundum
421 809 468 837 se
486 792 687 836 hominis
709 793 900 846 bonurn,
922 792 1000 835 sed
1023 792 1176 835 solum
1198 792 1450 836 secundum
1474 793 1597 851 quod
1621 794 1888 839 ordinantur
1910 795 1965 839 ad
1986 795 2159 840 bonum

198 861 400 914 rationis,
427 859 541 903 nihil
567 859 777 918 prohibet
803 873 857 902 ex
885 858 1086 917 quolibet
1112 873 1273 903 eorum
1301 859 1485 918 aliquod
1517 860 1678 903 vitium
1702 861 1824 914 oriri,
1851 862 2035 920 quando
2065 873 2162 907 non

197 929 385 972 veniunt
417 927 462 970 in
496 941 629 970 usum
662 926 864 969 hominis
897 925 1147 969 secundum
1180 926 1388 984 regulam
1426 926 1637 980 rationis;
1668 941 1753 971 nec
1791 938 1947 972 tamen
1977 939 2163 988 propter

197 998 287 1040 hoc
321 1004 424 1038 sunt
454 993 720 1059 simpliciter
747 993 868 1036 mala
900 993 1156 1051 judicanda,
1190 993 1268 1037 sed
1301 992 1449 1036 malus
1482 1007 1589 1036 usus
1622 1007 1808 1048 eorum3
1842 1004 1888 1038 et
1917 995 1985 1050 sic
2012 1008 2166 1054 neque

197 1072 435 1123 paupertas
462 1071 529 1104 est
555 1060 807 1118 abjicienda
834 1069 1016 1118 propter
1043 1059 1192 1118 aliqua
1225 1059 1333 1102 vitia
1360 1074 1476 1118 quae
1503 1059 1845 1105 accidentaliter
1870 1074 1924 1105 ex
1946 1075 2000 1106 ea
2022 1065 2165 1121 quan-

198 1131 347 1188 doque
374 1128 639 1187 procedunt,
667 1138 714 1171 ut
741 1127 897 1186 quinta
924 1127 1039 1170 ratio
1067 1126 1306 1171 ostendere
1331 1127 1569 1170 nitebatur.

289 1197 407 1240 Hinc
434 1196 573 1240 etiam
601 1195 984 1239 considerandum
1012 1205 1092 1248 est,
1120 1194 1241 1253 quod
1275 1194 1478 1237 medium
1510 1195 1687 1238 virtutis
1718 1205 1811 1238 non
1846 1191 2064 1254 accipitur
2095 1204 2163 1240 se*
2188 1250 2192 1254 ἱ

199 1265 398 1308 cundum
426 1262 724 1321 quantitatem
752 1262 1042 1315 exteriorum,
1077 1274 1192 1319 quae
1224 1260 1272 1303 in
1304 1274 1437 1303 usum
1470 1261 1672 1314 veniunt,
1704 1260 1782 1304 sed
1814 1260 2066 1306 secundum
2099 1275 2167 1306 re-

198 1332 353 1391 gulam
385 1330 597 1373 rationis:
636 1329 755 1372 unde
794 1329 1068 1386 quandoque
1107 1327 1332 1384 contingit
1358 1327 1478 1386 quod
1516 1327 1628 1371 illud
1666 1328 1788 1386 quod
1815 1338 1887 1372 est
1907 1330 2164 1374 extremuni

196 1398 448 1443 secundum
476 1396 773 1455 quantitatem
791 1395 856 1439 rei
875 1394 1122 1448 exterioris,
1146 1394 1397 1438 secundum
1422 1393 1629 1451 regulam
1647 1395 1836 1439 rationis
1854 1405 1922 1439 est
1943 1395 2162 1440 medium.

195 1466 357 1524 Neque
385 1464 508 1508 enim
536 1473 602 1507 est
629 1462 791 1521 aliquis
818 1462 895 1520 qui
922 1461 978 1505 ad
1002 1462 1174 1519 majora
1203 1461 1359 1504 tendat
1384 1475 1524 1519 quam
1551 1462 1888 1520 magnanimus,
1914 1461 1988 1506 vel
2011 1463 2089 1521 qui
2115 1462 2162 1506 in

198 1531 450 1590 sumptibus
483 1529 781 1587 magnificum
815 1527 1129 1587 magnitudine
1162 1537 1355 1586 superet.
1389 1527 1593 1571 Medium
1614 1542 1737 1586 ,ergo
1770 1528 2040 1572 terminatur
2070 1542 2166 1573 non

198 1599 445 1658 quantitate
468 1607 688 1654 sumptus,
717 1606 793 1640 aut
819 1595 1007 1653 alicujus
1034 1595 1311 1652 hujusmodi,
1339 1595 1419 1639 sed
1445 1595 1492 1638 in
1519 1605 1737 1654 quantum
1765 1610 1859 1640 non
1885 1595 2167 1641 transcendit

198 1665 405 1725 regulam
428 1663 631 1717 rationis,
657 1676 742 1707 nec
770 1663 824 1707 ab
852 1672 906 1706 ea
933 1662 1106 1706 deficit:
1135 1671 1250 1720 quae
1278 1661 1463 1720 quidem
1490 1661 1649 1720 regula
1675 1672 1770 1706 non
1795 1661 1948 1706 solum
1981 1662 2167 1707 metitur

204 1733 503 1792 quantitatem
530 1731 594 1775 rei
620 1744 736 1790 quae
762 1731 808 1773 in
836 1744 968 1773 usum
995 1730 1133 1782 venit,
1161 1729 1237 1772 sed
1268 1728 1581 1772 conditionem
1609 1743 1849 1788 personae,
1882 1738 1928 1774 et
1957 1729 2168 1774 intentio-
2208 1724 2213 1727 ”

203 1813 311 1844 nem
330 1801 441 1858 ejus,
460 1797 850 1857 opportunitatem
875 1796 982 1850 loci,
1001 1806 1044 1840 et
1059 1795 1295 1854 temporis,
1313 1805 1358 1839 et
1381 1795 1468 1839 alia
1484 1796 1763 1854 hujusmodi,
1789 1797 1974 1856 quaein
1992 1794 2166 1842 actibus

201 1867 418 1910 virtutum
446 1865 747 1943 requiruntur.
774 1864 881 1907 Non
908 1864 1045 1922 igitur
1077 1862 1238 1921 aliquis
1271 1876 1351 1920 per
1381 1862 1686 1906 voluntariam
1720 1873 2034 1922 paupertatem
2059 1870 2166 1908 con-

200 1932 411 1977 trariatur
431 1932 598 1985 virtuti,
626 1931 833 1990 quamvis
862 1930 1016 1973 omnia
1044 1929 1233 1973 deserat
1250 1928 1348 1973 Nec
1370 1929 1461 1972 hoc
1484 1930 1777 2005 prodigaliter
1796 1929 1929 1984 facit,
1942 1942 2050 1975 tum
2071 1931 2164 1975 hoc

200 1999 338 2044 faciat
363 1999 515 2043 debito
542 1998 646 2051 fine,
673 2008 719 2042 et
744 1997 841 2041 aliis
859 1988 1022 2040 debitis
1039 1996 1376 2040 conditionibus
1393 1997 1595 2041 servatis.
1613 1996 1721 2040 Plus
1739 1997 1861 2041 enim
1879 2007 1956 2042 est
1962 1997 2167 2057 seipsum

200 2066 337 2110 morti
360 2079 602 2125 exponere,
621 2065 743 2124 quod
765 2074 920 2108 tamen
938 2063 1100 2122 aliquis
1126 2077 1206 2121 per
1229 2063 1442 2106 virtutem
1461 2062 1736 2107 fortitudinis
1755 2074 1967 2123 operatur
1989 2063 2164 2109 debitas

203 2132 566 2177 circumstantias
599 2145 799 2185 servans,
826 2145 965 2190 quarn
997 2130 1154 2174 omnia
1180 2143 1261 2174 sua
1286 2129 1542 2189 relinquere
1575 2130 1728 2175 debito
1760 2130 1875 2176 fine:
1906 2130 2168 2178 etaiam}-

201 2203 320 2245 vitur
345 2200 460 2244 ratio
488 2209 627 2243 sexta.
2103 2233 2106 2238 .
2133 2231 2159 2237 .,

294 2267 433 2320 Quod
461 2276 614 2310 autem
642 2280 695 2310 ex
721 2265 869 2310 verbis
896 2264 1161 2309 Salomonis
1193 2263 1434 2318 inducitur,
1467 2278 1562 2308 non
1594 2274 1662 2309 est
1693 2265 1987 2310 contrarium.
2018 2265 2165 2310 Mani-

200 2334 366 2380 festum
394 2343 461 2378 est
487 2333 609 2378 enim
637 2332 759 2392 quod
787 2332 1013 2377 Salomon
1039 2331 1240 2390 loquitur
1267 2330 1322 2374 de
1346 2340 1506 2375 coacta
1529 2340 1809 2391 paupertate,
1835 2345 1952 2392 quae
1984 2331 2169 2402 furandi.

201 2401 319 2446 solet
351 2414 450 2446 esse
477 2401 676 2444 occasio.

885 2543 1140 2602 CAPUT
1177 2545 1493 2602 CXXXVI.

634 2674 876 2714 soma-10
911 2674 1099 2712 EORUM
1133 2674 1281 2720 QUAE
1317 2673 1743 2728 ossjicmBANTun

393 2749 679 2789 CONTRA
723 2749 1075 2788 DiVERsos
1113 2748 1358 2786 Monos
1399 2747 1699 2788 VIVENDI
1737 2745 1977 2788 Bonum

531 2825 629 2871 αυτ
662 2822 956 2863 ASSUMUNT
988 2820 1391 2862 VOLUNTARIAM
1424 2812 1841 2862 PAUPERTATEM‘.

289 2935 401 2979 Post
426 2934 540 2979 haec
568 2945 721 2979 autem
750 2932 1134 2978 considerandum
1162 2942 1228 2977 est
1255 2934 1309 2976 de
1337 2934 1487 2977 modis
1513 2933 1674 2992 quibus
1700 2942 1885 2992 oportet
1905 2933 2068 2979 vivere
2085 2946 2166 2979 eos

201 3002 278 3060 qui
300 3012 627 3061 'paupertatem
659 3000 966 3045 voluntariam
998 3010 1241 3044 sectantur.
1273 2999 1329 3044 Et
1359 3000 1544 3059 quidem
1577 3001 1752 3059 primus
1779 2999 1960 3055 modus,
1991 2999 2168 3046 scilicet

201 3069 323 3127 quod
351 3069 406 3113 de
438 3069 583 3128 pretio
615 3069 959 3127 possessionum
991 3066 1280 3111 venditarum
1312 3080 1474 3110 ornnes
1508 3067 1815 3112 communiter
1840 3066 2017 3122 vivant,
2047 3065 2167 3112 suffi-

201 3136 324 3179 ciens
352 3148 432 3191 est,
457 3150 552 3180 non
578 3146 734 3180 tamen
760 3135 815 3178 ad
842 3134 1036 3193 longum
1061 3144 1269 3192 tempus;
1296 3143 1340 3178 et
1365 3134 1472 3178 ideo
1497 3133 1710 3192 Apostoli
1735 3134 1857 3179 hunc
1882 3134 2075 3179 modum
2099 3135 2168 3179 vis-

199 3203 336 3246 vendi
362 3202 605 3247 fidelibus’
594 3216 640 3246 in
668 3200 956 3246 Hierusalem
984 3200 1290 3254 instituebant,
1327 3200 1433 3259 quia
1469 3200 1795 3258 praevidebant
1818 3210 1910 3260 per
1944 3199 2165 3261 Spiritum

202 3270 423 3314 Sanctum
447 3270 569 3328 quod
586 3283 679 3313 non
694 3265 808 3314 diu
797 3282 842 3312 in
866 3266 1154 3312 Hierusalem
1171 3266 1308 3311 simul
1327 3267 1606 3312 commorari
1623 3259 1964 3322 deberetztum
1981 3267 2167 3328 prop‘oet

201 3337 537 3394 persecutiones
556 3347 600 3381 et
621 3335 806 3395 injurias
825 3336 888 3379 eis
907 3333 1164 3378 inferendas
1189 3348 1213 3377 a
1229 3333 1426 3391 Judaeis,
1444 3344 1540 3379 turn
1559 3335 1697 3378 etiam
1719 3345 1905 3395 propter
1916 3332 2165 3382 instantem
2208 3357 2210 3359 ·

201 3403 556 3447 destructionem
585 3403 777 3448 civitatis
800 3412 844 3446 et
866 3401 1028 3460 gentis.
1046 3399 1181 3445 Unde
1198 3413 1293 3444 non
1318 3399 1401 3445 fuit
1426 3403 1735 3447 necessarium
1752 3402 1839 3446 nisi
1855 3402 1911 3447 ad
1926 3400 2164 3451 modicum

201 3479 381 3527 tempus
407 3469 614 3513 fidelibus
641 3469 894 3529 providere
921 3468 977 3512 Et
1003 3477 1186 3527 propter
1217 3467 1307 3511 hoc
1340 3476 1625 3513 transeuntes
1652 3468 1707 3512 ad
1735 3467 1893 3528 gentes
1922 3468 1971 3514 in
1996 3468 2164 3528 quibus

202 3535 423 3579 firmanda
456 3546 499 3580 et
531 3537 826 3596 perduratura
858 3545 955 3581 erat
985 3533 1207 3590 Ecclesia,
1239 3533 1363 3579 hunc
1395 3535 1588 3580 modum
1612 3535 1799 3580 vivendi
1826 3534 1921 3582 non
1941 3532 2166 3600 legumus

201 3602 460 3650 instituisse.
