2332 3854
770 196 923 237 mmm
962 196 1035 236 tv.
1076 196 1195 236 CAP.
1237 195 1359 235 xtv.
1930 181 2031 250 633

86 298 291 348 Verbum
324 310 493 354 autem,
525 298 777 344 secundum
802 299 926 359 quod
952 313 978 343 a
1010 298 1190 344 dicente
1208 296 1512 358 progreditur,
1538 296 1633 341 sive
1665 295 1852 341 interius
1878 310 2040 341 conce·

86 377 229 429 ptum,
248 367 347 411 sive
369 366 562 411 exterius
586 364 831 424 prolatum,
857 366 1198 425 corruptionem
1215 364 1382 409 dicenti
1402 378 1497 408 non
1519 361 1661 416 affert,
1680 363 1760 407 sed
1780 363 1927 421 magis
1944 377 2040 421 per-

86 434 296 480 fectionis
322 432 555 492 plenitudo
581 446 662 491 per
685 433 874 476 verbum
902 433 1147 477 attenditur
1170 432 1216 476 in
1243 431 1435 476 dicente.
1465 429 1759 475 Conveniens
1789 429 1927 490 igitur
1955 428 2041 473 fuit

87 510 140 546 ut
156 503 227 547 -sic
253 500 456 545 Verbum
483 500 570 543 Dei
596 500 848 544 secundum
866 500 1118 543 humanam
1135 498 1479 557 generationem
1497 497 1812 555 conciperetur
1827 506 1872 540 et
1886 509 2042 539 nasce-

86 576 205 613 retur
232 576 279 612 ut
302 567 461 610 matris
486 566 718 625 integritas
744 580 837 611 non
866 575 1243 623 corrumperetur.
1273 564 1432 616 Quum
1464 564 1554 607 hoc
1582 563 1720 607 etiam
1746 561 2039 607 manifestum

87 632 298 692 est-quod
321 633 523 677 Verbum
549 631 651 685 Dei,
677 645 769 690 quo
793 632 949 675 omnia
981 632 1225 675 constituta
1246 640 1350 675 sunt
1370 640 1415 674 et
1441 644 1531 688 quo
1559 629 1715 673 omnia
1740 629 1788 673 in
1820 642 1903 673 sua
1928 629 2037 673 inte-

88 699 249 759 gritate
281 709 620 752 conservantur,
646 700 709 742 sic
733 699 858 742 nasci
884 698 1036 742 decuit
1066 708 1115 742 ut
1140 711 1219 756 per
1244 697 1401 741 omnia
1427 696 1583 740 matris
1615 696 1921 754 integritatem
1954 708 2043 740 ser-

86 777 228 819 varet,
255 766 530 810 conveniens
556 765 692 823 igitur
722 764 805 808 fuit
829 765 948 808 hanc
976 765 1319 823 generationem
1351 762 1493 807 fuisse
1521 777 1574 807 ex
1599 763 1788 822 virgine.

173 832 341 891 Neque
351 842 506 876 tamen
523 832 597 875 hic
616 831 921 890 generationis
947 831 1112 874 modus
1129 844 1263 875 verae
1285 839 1330 874 et
1354 829 1550 873 naturali
1575 829 1849 873 humanitati
1869 828 2042 874 Christi

87 898 292 957 derogat,
318 890 425 942 licet
457 898 584 942 aliter
616 912 753 957 quam
781 895 857 941 alii
886 897 1100 941 homines
1133 906 1374 954 generatus
1406 896 1477 941 sit.
1501 894 1796 940 Manifestum
1820 906 1886 940 est
1904 896 2041 951 enirn,

56 1006 62 1013 ,
87 978 228 1024 quum
261 964 401 1008 virtus
433 964 585 1008 divina
609 963 784 1008 infinita
807 964 881 1018 sit,
902 973 951 1007 ut
976 977 1110 1021 supra
1137 963 1257 1020 (Lib.
1284 963 1318 1006 Ι.
1343 977 1381 1007 c.
1407 963 1502 1020 43.)
1528 962 1770 1021 probatum
1798 973 1879 1017 est,
1897 973 1942 1007 et
1962 978 2043 1023 per

87 1045 192 1076 eam
208 1044 369 1075 omnes
388 1044 552 1074 causae
574 1030 787 1074 virtutem
806 1030 1085 1088 producendi
1107 1028 1320 1074 effectum
1340 1029 1599 1082 sortiantur,
1618 1029 1739 1087 quod
1768 1029 2042 1089 quicumque

87 1096 275 1143 effectus
288 1111 736 1157 perquamcurnque
763 1110 947 1141 causam
975 1096 1252 1155 producitur,
1278 1106 1428 1155 potest
1448 1110 1529 1155 per
1554 1097 1705 1140 Deum
1734 1096 2043 1155 absque-illius

87 1177 254 1209 causae
286 1162 565 1208 adminiculo
598 1163 789 1222 produci
830 1163 1034 1221 ejusdem
1075 1163 1243 1221 speciei
1285 1173 1330 1207 et
1354 1167 1556 1206 naturae.
1590 1162 1719 1206 Sicut
1742 1163 1879 1221 igitur
1902 1163 2043 1207 virtus

86 1230 304 1275 naturalis
331 1244 448 1290 quae
476 1239 543 1274 est
572 1230 619 1274 in
650 1230 856 1274 humano
878 1229 1053 1274 semine
1078 1229 1290 1288 producit
1312 1229 1553 1273 hominem
1575 1243 1751 1284 verum,
1770 1229 1974 1288 speciem
2001 1239 2046 1273 et

85 1298 340 1343 humanam
365 1308 573 1341 naturam
606 1296 867 1351 habentem,
893 1297 954 1340 ita
981 1296 1122 1340 virtus
1148 1296 1316 1349 divina,
1334 1309 1451 1355 quae
1475 1295 1616 1340 talem
1641 1296 1855 1341 virtutem
1881 1296 2045 1341 semini

87 1364 228 1418 dedit,
248 1364 422 1422 absque
440 1363 706 1421 hujusmodi
730 1363 894 1407 virtute
909 1372 1060 1422 potest
1081 1362 1268 1407 effectus
1293 1362 1414 1407 illius
1439 1363 1616 1407 virtutis
1647 1363 1915 1421 producere,
1941 1377 2047 1408 con-

86 1430 316 1476 stituendo
340 1443 501 1474 verum
526 1430 782 1482 hominem,
807 1430 1008 1488 speciem
1036 1439 1080 1473 et
1104 1439 1314 1473 naturam
1339 1430 1592 1474 humanam
1617 1429 1878 1474 habentem.

177 1496 228 1541 Si
243 1509 353 1541 vero
371 1496 532 1554 aliquis
549 1496 668 1539 dicat
685 1495 823 1554 quod,
841 1510 982 1554 quum
998 1496 1143 1539 homo
1159 1495 1424 1540 naturaliter
1437 1506 1679 1554 generatus
1695 1496 1866 1540 habeat
1880 1510 2045 1554 corpus

87 1562 353 1608 naturaliter
378 1562 675 1606 constitutum
711 1576 765 1606 ex
802 1562 978 1606 semine
1009 1563 1163 1615 maris,
1190 1572 1235 1606 et
1267 1576 1323 1606 eo
1356 1563 1479 1621 quod
1510 1562 1681 1607 femina
1721 1563 2045 1616 subministrat,

86 1629 304 1689 quidquid
329 1628 387 1673 sit
410 1628 536 1682 illud,
571 1642 733 1687 corpus
761 1629 931 1673 Christi
967 1643 1061 1672 non
1094 1628 1177 1672 fuit
1208 1629 1412 1686 ejusdem
1443 1621 1631 1673 naturae
1665 1643 1771 1674 cum
1801 1639 1975 1684 nostro,
2007 1629 2046 1673 si

85 1710 181 1741 non
213 1706 281 1741 est
312 1710 366 1746 ex
396 1696 533 1739 maris
559 1696 735 1739 semine
766 1704 1060 1753 generatum:
1087 1695 1143 1738 ad
1162 1695 1253 1740 hoc
1270 1695 1511 1740 manifesta
1537 1697 1776 1755 responsio
1803 1706 1872 1741 est
1887 1710 2044 1740 secun-

86 1762 196 1808 dum
217 1761 480 1807 Aristotelis
512 1762 805 1820 positionem,
848 1761 1039 1806 dicentis
1073 1762 1297 1818 (secundo
1334 1762 1406 1806 De
1439 1773 1639 1821 generat.
1672 1763 1859 1808 animal.
1891 1777 1930 1808 c.
1960 1764 2043 1820 4.),

86 1830 209 1890 quod
235 1844 395 1875 semen
420 1829 558 1874 maris
583 1843 677 1873 non
698 1829 834 1873 intrat
857 1828 1150 1873 materialiter
1164 1829 1211 1872 in
1235 1830 1611 1877 constitutionem
1634 1831 1858 1890 concepti,
1876 1831 1956 1875 sed
1979 1841 2046 1875 est

86 1896 237 1943 solum
265 1897 465 1941 activum
495 1895 794 1955 principium3
821 1895 1011 1940 materia
1036 1909 1146 1939 vero
1174 1896 1380 1954 corporis
1406 1906 1503 1941 tota
1529 1897 1810 1942 ministratur
1827 1911 1853 1941 a
1877 1907 2048 1952 matre;

87 1974 133 2010 et
155 1965 238 2019 sic,
268 1974 487 2024 quantum
515 1963 572 2007 ad
605 1963 859 2016 materiam,
892 1977 1058 2022 corpus
1085 1962 1258 2008 Christi
1287 1978 1383 2008 non
1416 1964 1565 2010 differt
1590 1979 1616 2009 a
1643 1979 1836 2024 corpore
1862 1975 2046 2019 nostro;

85 2045 196 2077 tram
212 2033 352 2076 etiam
369 2043 563 2090 cor-pora
578 2039 736 2075 nostra
750 2028 1046 2074 materialiter
1063 2030 1307 2075 constituta
1325 2041 1431 2076 sunt
1445 2045 1499 2076 ex
1516 2045 1572 2076 eo
1591 2032 1713 2091 quod
1731 2042 1799 2077 est
1813 2042 2045 2091 sumptum

88 2108 330 2144 exmatre.
2047 2148 2049 2150 v

176 2165 362 2210 Sirvero
389 2163 552 2224 aliquis
582 2163 840 2222 praedictae
863 2163 1082 2223 positioni
1096 2163 1357 2209 Aristotelis
1382 2175 1619 2225 repugnet,
1645 2166 1794 2211 adhuc
1819 2165 2047 2225 praedicta

88 2231 287 2291 objectio
320 2230 571 2275 efficaciam
602 2245 697 2275 non
722 2230 869 2274 babet.
898 2230 1161 2275 Similitudo
1188 2231 1310 2275 enim
1332 2231 1596 2291 aliquorum
1612 2233 2048 2286 autAdissimilitudo,

86 2297 352 2344 inmatetia
380 2310 476 2342 non
502 2297 746 2342 attenditur
767 2297 1019 2341 secundum
1047 2306 1215 2346 statum
1241 2299 1460 2343 materiae
1484 2301 1532 2343 in
1551 2300 1780 2358 principio
1799 2299 2049 2359 generatio-

86 2364 282 2419 nisfued
308 2365 560 2409 secundum
593 2364 907 2408 conditionem
927 2364 1148 2409 materiae
1181 2366 1274 2422 jam
1300 2376 1607 2424 praeparatae,
1638 2376 1775 2425 prout
1799 2367 1934 2411 estin
1964 2376 2050 2410 ter-

88 2432 221 2477 mino
235 2431 565 2491 generationis.
596 2431 705 2475 Non
738 2431 862 2475 enim
894 2430 1044 2475 differt
1067 2432 1320 2476 secundum
1353 2435 1593 2478 materiam
1627 2438 1704 2478 aer
1735 2448 1790 2478 ex
1814 2444 1948 2488 terra,
1971 2432 2047 2478 vel

90 2511 144 2543 ex
177 2511 294 2557 aqua
325 2507 580 2557 generatus,
612 2497 734 2556 quia,
764 2498 873 2542 licet
905 2511 1021 2557 aqua
1054 2509 1098 2542 et
1128 2508 1249 2543 terra
1288 2499 1335 2543 in
1368 2500 1593 2558 principio
1621 2501 1927 2560 generationis
1969 2499 2049 2544 dif-

87 2563 278 2609 ferentia
302 2565 405 2619 sint,
430 2574 585 2609 tamen
616 2578 696 2623 per
721 2565 953 2608 actionem
979 2566 1238 2623 generantis
1273 2565 1329 2610 ad
1362 2580 1502 2610 unam
1539 2567 1888 2627 dispositionem
1919 2567 2047 2611 redu-

89 2641 264 2676 cuntur.
299 2628 376 2674 Sic
409 2630 547 2689 igitur
583 2630 736 2674 divina
766 2630 931 2675 virtute
966 2632 1160 2676 materia
1187 2647 1310 2691 ‘quae
1344 2632 1495 2677 solum
1536 2648 1590 2677 ex
1625 2633 1815 2679 muliere
1855 2634 2049 2679 sumitur

15 2747 16 2750 Ἴ
90 2707 244 2757 potest
272 2697 444 2751 reduci,
479 2699 525 2742 in
557 2697 646 2742 fine
680 2698 1001 2756 generationis,
1040 2699 1095 2742 ad
1122 2699 1334 2743 eamdem
1362 2700 1710 2759 dispositionem
1738 2715 1875 2760 quam
1910 2701 2049 2747 habet

91 2765 296 2818 materia,
329 2764 366 2809 si
391 2774 596 2808 sumatur
626 2764 764 2808 simul
790 2778 844 2808 ex
865 2778 993 2809 mare
1009 2775 1061 2809 *et
1083 2764 1268 2810 femina.
1296 2766 1431 2811 Unde
1456 2781 1550 2811 non
1574 2768 1657 2812 erit
1683 2767 1832 2827 aliqua
1853 2767 2050 2813 dissimi-

20 2830 23 2834 '
91 2829 255 2884 litudo,
280 2840 464 2890 propter
495 2831 803 2875 diversitatem
828 2831 1062 2887 materiae,
1087 2832 1204 2876 inter
1225 2847 1395 2892 corpus
1428 2834 1615 2892 Christi,
1639 2835 1761 2893 quod
1788 2834 1939 2879 divina
1965 2835 2050 2879 vir-

92 2906 187 2942 tute
213 2896 462 2942 formatum
480 2907 548 2942 est
573 2912 627 2942 ex
644 2898 836 2942 materia
855 2912 879 2941 a
905 2898 1004 2942 sola
1023 2909 1165 2943 matre
1186 2910 1434 2959 assumpta,
1452 2911 1496 2949 et
1519 2911 1908 2961 corpora-nostra,
1934 2916 2050 2961 quae

92 2963 257 3008 virtute
282 2973 470 3010 naturae
487 2963 741 3009 formantur
758 2979 810 3009 ex
829 2967 1034 3019 materia,
1052 2966 1233 3010 etiamsi
1251 2967 1305 3011 ab
1334 2978 1526 3027 utroque
1545 2978 1730 3028 parente
1750 2979 2050 3015 assumantur.

91 3029 382 3075 Manifestum
417 3041 486 3076 est
516 3031 639 3076 enirn
667 3032 788 3090 quod
821 3031 921 3091 plus
954 3030 1103 3078 differt
1139 3047 1164 3077 a
1195 3034 1384 3079 materia
1417 3050 1532 3094 quae
1567 3050 1620 3080 ex
1651 3036 1749 3079 viro
1784 3045 1828 3080 et
1858 3035 2048 3081 muliere

94 3096 232 3140 simul
263 3098 520 3152 assumitur,
546 3098 682 3143 limus
720 3107 882 3152 terrae,
924 3099 979 3144 de
1012 3114 1101 3159 quo
1128 3100 1254 3145 Deus
1286 3101 1484 3160 primum
1518 3102 1772 3146 humanum
1808 3101 2049 3147 hominem

94 3161 472 3223 formavitsquae
498 3165 652 3223 utique
679 3175 857 3210 constat
896 3164 1033 3211 fuisse
1058 3180 1219 3211 verum
1245 3168 1482 3213 hominem
1516 3178 1560 3212 et
1599 3169 1731 3212 nobis
1766 3183 1848 3228 per
1890 3169 2047 3214 omnia

94 3228 330 3287 similem),
356 3245 493 3289 quam
526 3233 714 3276 materia
755 3242 935 3292 sumpta
957 3233 1127 3278 solum
1160 3248 1213 3279 ex
1243 3233 1430 3289 femina,
1472 3250 1525 3279 ex
1566 3250 1655 3295 qua
1681 3249 1844 3294 corpus
1877 3236 2050 3282 Christi

94 3293 343 3340 formatum
366 3307 446 3342 est.

183 3361 318 3406 Unde
343 3363 554 3408 nativitas
580 3363 753 3410 Christi
770 3379 826 3410 ex
839 3366 1017 3425 virgine
1031 3367 1147 3411 nihil
1173 3369 1363 3426 derogat
1388 3367 1566 3413 veritati
1580 3368 1877 3414 humanitatis
1892 3369 2047 3430 ipsius,

91 3428 492 3474 necsimilitudini
532 3431 631 3489 ejus
663 3430 718 3474 ad
743 3445 844 3477 nos.
878 3432 1006 3477 Licet
1030 3434 1151 3478 enirn
1183 3435 1323 3479 virtus
1354 3435 1571 3479 naturalis
1611 3435 1810 3494 requirat
1841 3437 2048 3482 determi-

93 3503 248 3539 natam
274 3495 512 3540 materiam
541 3496 595 3541 ad
613 3497 963 3544 determinatum
981 3497 1194 3544 effectum
1213 3515 1266 3545 ex
1283 3514 1337 3545 ea
1354 3501 1714 3560 producendum,
1730 3502 1871 3548 virtus
1888 3513 2046 3549 tamen

93 3560 261 3616 divina,
291 3574 409 3620 quae
434 3570 584 3621 potest
607 3575 662 3608 ex
677 3562 824 3609 nihilo
850 3574 1014 3610 cuncta
1029 3567 1296 3625 producere,
1321 3567 1368 3612 in
1395 3566 1589 3627 agend0,
1621 3568 1678 3613 ad
1702 3569 1941 3615 materiam
1976 3570 2049 3615 de·
