2332 3854
334 179 431 221 122
1030 180 1185 221 LIBER
1225 182 1280 221 ΙΙ.
1323 178 1444 220 CA'P.
1484 178 1561 221 111.

415 284 492 328 Sic
521 297 632 347 ergo
658 293 781 342 patet
804 283 967 329 falsam
991 299 1089 329 esse
1115 283 1423 343 quorumdam
1444 284 1738 340 sententiam,
1762 285 1840 345 qui
1856 284 2067 330 dicebant
2081 281 2285 330 nihii-‘in-

324 361 491 395 teresse
519 351 574 395 ad
599 350 706 395 fidei
730 351 968 396 veritatem
992 349 1098 410 quid
1124 350 1179 395 de
1206 351 1422 396 creaturis
1448 351 1640 412 quisque
1665 353 1864 407 sentiret,
1891 352 2282 397 dummodoecirca

324 418 477 462 Deum
507 427 630 462 recte
656 418 887 472 sentiatur,
913 427 962 462 ut
986 417 1270 476 Augustinus
1295 428 1448 462 narrat
1473 417 1545 463 De
1571 419 1749 478 origine
1777 420 1961 463 animae·
1979 418 2039 478 (c.
2057 419 2282 478 v14.··e¹:³'5.).

323 485 445 529 Nam
473 499 597 530 error
633 485 753 528 circa
780 494 1008 529 creaturas
1041 484 1263 529 redundat
1287 485 1334 528 in
1360 484 1524 530 falsam
1551 486 1606 530 de
1632 486 1734 530 Deo
1761 487 2015 540 scientiam,
2042 495 2087 530 et
2113 486 2280 531 homi-

322 565 434 595 num
461 561 637 596 mentes
664 566 690 595 a
715 552 818 594 Deo
846 551 1041 605 abducit,
1067 551 1114 594 in
1151 565 1289 610 quem
1326 551 1438 596 fides
1468 552 1664 611 dirigere
1690 554 1858 611 nititur,
1894 553 2005 597 dum
2036 553 2159 612 ipsas
2190 552 2285 613 qui-

323 619 514 663 busdam
542 618 640 662 aliis
667 618 814 661 causis
843 619 1071 676 supponit.
1096 617 1153 662 Et
1177 618 1282 662 ideo
1309 616 1397 663 illis
1424 620 1502 678 qui¹
1521 619 1643 664 circa
1663 629 1892 664 creaturas
1914 629 2284 679 erman-poenas,

324 682 441 726 sicut
471 682 740 736 infidelibus,
784 683 1014 741 Scriptura
1055 683 1362 728 comminatur
1387 684 1541 729 dicens
1573 684 1620 728 in
1656 686 1730 729 Ps.
1757 685 1946 729 XXVII.
1978 698 2036 743 5.:
2065 686 2282 743 Quoniam

322 764 406 793 non
439 750 731 794 intellexerunt
761 757 885 808 opera
910 751 1091 795 Domini
1116 757 1153 795 et
1183 752 1227 794 in
1260 759 1385 810 opera
1420 767 1622 797 manuum
1661 755 1761 811 ejus,
1794 753 1967 797 destrues
1997 752 2102 806 illos,
2133 758 2172 798 et
2199 768 2283 798 non

322 817 557 869 aedificabis
589 831 663 861 eos.
697 817 754 860 Et
776 817 905 876 (Sap.
931 817 989 863 ΙΙ.
1017 818 1135 875 21.):
1167 818 1285 863 Haec
1322 820 1622 878 cogitaverunt,
1661 826 1697 864 et
1729 825 2003 873 erraverunt;
2033 829 2078 865 et
2103 820 2282 879 subjun-

323 883 464 941 gitur:
491 884 579 928 Nec
605 883 908 942 judicaverunt
939 884 1136 930 honorem
1168 886 1413 931 animarum
1439 893 1681 933 sanctarum
1708 887 1836 946 (ibid.
1864 887 1972 946 22.).

1106 1030 1364 1090 CAPUT
1405 1034 1500 1090 IV.

470 1153 630 1215 QUOD
671 1169 870 1208 ALITER
911 1169 1262 1210 CONSIDERAT
1302 1171 1376 1208 DE
1417 1170 1717 1209 CREATURIS
1749 1169 2131 1210 PHILOSOPHUS

951 1245 1023 1282 ET
1064 1245 1263 1284 ALITER
1296 1244 1648 1283 THEOLOGUS.

407 1367 703 1413 Manifestum
728 1378 797 1413 est
823 1378 990 1424 autem,
1019 1383 1072 1413 ex
1097 1368 1355 1428 praedictis,
1382 1369 1505 1429 quod
1543 1363 1959 1414 considerationem
1995 1369 2117 1415 circa
2146 1380 2280 1415 “crea-

317 1446 440 1481 turas
465 1436 604 1480 habet
628 1436 834 1480 doctrina
860 1436 966 1480 fidei
992 1436 1279 1491 christianae,
1305 1437 1353 1480 in
1379 1446 1600 1495 quantum
1636 1436 1684 1480 in
1721 1436 1785 1480 eis
1825 1435 2015 1481 resultat
2053 1436 2280 1496 quaedam

318 1503 408 1548 Dei
429 1502 694 1557 similitudo,
722 1513 766 1547 et
790 1503 838 1547 in
865 1513 1086 1562 quantum
1113 1518 1239 1548 error
1263 1504 1310 1548 in
1335 1503 1445 1562 ipsis
1485 1503 1660 1548 inducit
1684 1503 1732 1547 in
1765 1503 2025 1548 divinorum
2051 1516 2280 1559 errorem3

317 1581 362 1614 et
387 1572 450 1615 sic
478 1570 566 1614 alia
592 1570 768 1614 ratione
801 1571 1100 1629 subjiciuntur
1125 1571 1385 1629 praedictae
1423 1571 1657 1615 doctrinae
1690 1580 1734 1615 et
1769 1570 2092 1629 philosophiae
2112 1570 2280 1615 ‘huma-

316 1648 417 1682 nae.
444 1638 566 1681 Nam
598 1637 892 1696 philosophia
923 1638 1127 1682 humana
1163 1652 1238 1682 eas
1282 1638 1539 1682 considerat
1578 1637 1830 1682 secundum
1862 1637 1986 1698 quod
2010 1637 2278 1697 hujusmodi

319 1714 438 1758 sunt,
465 1705 585 1748 unde
613 1714 656 1748 et
688 1705 938 1748 secundum
966 1705 1143 1749 diversa
1174 1720 1326 1749 rerum
1353 1719 1520 1764 genera
1546 1704 1749 1750 diversae
1779 1714 1930 1764 partes
1960 1703 2279 1765 philosophiae

316 1771 628 1826 inveniuntur3
654 1770 766 1815 fides
794 1782 947 1815 autem
989 1772 1234 1816 christiana
1261 1787 1336 1816 eas
1371 1772 1641 1826 considerat,
1673 1786 1767 1816 non
1793 1772 1841 1816 in
1876 1781 2098 1831 quantum
2118 1772 2279 1834 hujus-

315 1838 458 1892 modi,
483 1848 640 1897 utpote
665 1838 822 1896 ignem
853 1838 899 1882 in
927 1848 1148 1897 quantum
1173 1840 1291 1897 ignis
1319 1849 1400 1893 est,
1427 1839 1504 1883 sed
1531 1839 1577 1882 in
1604 1849 1825 1898 quantum
1852 1838 2278 1884 divinam‘altitudi-

314 1919 422 1949 nem
449 1915 768 1964 repraesentat,
802 1915 845 1949 et
869 1906 916 1948 in
947 1906 1099 1964 ipsum
1123 1906 1278 1950 Deum
1310 1906 1642 1965 quoquomodo
1680 1905 1937 1961 ordinatur3
1971 1915 2021 1950 ut
2057 1906 2182 1950 enim
2217 1906 2278 1950 di-

315 1972 430 2016 citur
455 1972 615 2029 (Eccli.
642 1972 783 2017 XLII.
814 1971 880 2016 16.
914 1982 958 2017 et
996 1973 1083 2031 17.)
1109 1985 1119 2015 :
1150 1973 1301 2018 Gloria
1336 1974 1516 2017 Domini
1544 1973 1716 2031 plenum
1757 1979 1811 2018 est
1851 1980 1950 2033 opus
1985 1975 2085 2032 esus.
2120 1973 2278 2019 Nonne

313 2040 525 2084 Dominus
545 2040 650 2098 fecit
679 2046 839 2084 sanctos
871 2054 1073 2084 enarrare
1105 2042 1248 2084 omnia
1283 2040 1502 2084 mirabilia
1533 2041 1640 2084 sua?
1672 2039 1728 2084 Et
1761 2049 1948 2099 propter
1986 2040 2079 2085 hoc
2121 2040 2275 2095 etiam,

315 2105 404 2150 alia
430 2116 472 2150 et
499 2106 587 2150 alia
613 2106 733 2151 circa
760 2116 987 2151 creaturas
1012 2117 1055 2151 et
1072 2106 1374 2166 philosophus
1398 2117 1440 2151 et
1463 2106 1608 2151 fidelis
1636 2106 2276 2167 considerantyphilosophus

312 2187 512 2232 namque
545 2173 804 2218 considerat
833 2173 912 2217 illa
939 2188 1055 2232 quae
1084 2175 1162 2228 eis,
1189 2174 1444 2218 secundum
1475 2184 1686 2218 naturam
1718 2174 1950 2234 propriam
1982 2174 2275 2229 conveniunt,

314 2242 429 2285 sicut
453 2241 548 2299 igni
573 2240 680 2284 ferri
705 2255 915 2296 sursum;
940 2240 1087 2285 fidelis
1115 2251 1268 2285 autem
1310 2255 1363 2285 ea
1395 2240 1547 2286 solum
1580 2241 1852 2297 considerat,
1879 2241 2000 2286 circa
2032 2251 2276 2296 creaturas,

315 2322 429 2367 quae
456 2307 520 2351 eis
543 2309 833 2362 conveniunt,
856 2308 1108 2352 secundum
1135 2308 1257 2367 quod
1285 2318 1388 2352 sunt
1414 2308 1470 2352 ad
1498 2308 1650 2352 Deum
1677 2307 1833 2363 relata,
1859 2318 2018 2368 utpote
2032 2309 2277 2369 quod²sunt

314 2389 339 2417 a
356 2375 468 2418 Deo
496 2384 661 2429 creata,
689 2375 811 2434 quod
838 2385 942 2419 sunt
968 2375 1071 2419 Deo
1105 2375 1320 2434 subJecta‚
1349 2385 1394 2419 et
1423 2375 1701 2433 hujusmodi.
1730 2375 1867 2420 Unde
1887 2388 1982 2420 non
2014 2376 2276 2436 est-imper-

311 2441 499 2486 fectioni
524 2441 759 2486 doctrinae
791 2441 897 2486 fidei
922 2441 1256 2501 imputandum,
1284 2442 1322 2486 si
1354 2441 1520 2486 multas
1554 2456 1709 2486 rerum
1750 2442 2048 2502 proprietates
2083 2449 2276 2503 praeter-

313 2508 476 2563 mittat,
502 2519 551 2552 ut
591 2508 712 2554 coeli
747 2508 957 2570 figuram,
1000 2519 1153 2553 motus
1185 2508 1477 2568 qualitatem3
1519 2510 1582 2553 sic
1623 2509 1747 2554 enim
1786 2522 1872 2554 nec
1897 2509 2117 2555 naturalis
2152 2510 2275 2555 circa

311 2575 482 2621 lineam
507 2575 608 2621 illas
633 2577 868 2636 passiones
896 2576 1156 2621 considerat
1197 2591 1308 2635 quas
1342 2576 1593 2635 geometra,
1626 2576 1705 2621 sed
1737 2575 1890 2621 solum
1921 2590 1976 2621 ea
2007 2579 2124 2637 quae
2148 2579 2274 2622 *acci-

312 2644 424 2688 dunt
449 2643 546 2698 sibi,
572 2644 619 2687 in
652 2654 873 2702 quantum
900 2643 1213 2688 estterminus
1247 2645 1452 2703 corporis
1485 2643 1716 2688 naturalis.

403 2710 453 2755 Si
478 2721 566 2770 qua
591 2725 701 2755 vero
730 2711 850 2755 circa
878 2721 1106 2755 creaturas
1141 2711 1448 2755 communiter
1474 2725 1499 2754 a
1524 2709 1803 2770 philosopho
1842 2720 1886 2755 et
1909 2710 2034 2755 fideli
2063 2711 2275 2757 'conside-

310 2788 479 2832 rantur,
505 2792 586 2837 per
616 2777 705 2822 alia
739 2788 783 2822 et
819 2777 907 2822 alia
944 2777 1165 2837 principia
1200 2778 1452 2822 traduntur.
1488 2778 1610 2821 Nam
1647 2777 1917 2837 philosopus
1950 2783 2272 2840 argumentum

311 2846 501 2890 assumit
526 2859 579 2889 ex
605 2845 797 2904 propriis
823 2859 975 2889 rerum
1002 2845 1172 2900 causis;
1200 2844 1344 2889 fidelis
1373 2854 1525 2888 autem
1553 2858 1606 2888 ex
1633 2858 1771 2889 causa
1803 2845 1964 2904 prima,
1986 2845 2272 2906 utpote³quia
2319 2861 2332 2901 ‚j

309 2913 373 2957 sic
407 2913 584 2956 divinus
611 2922 678 2957 est
708 2912 938 2966 traditum,
971 2911 1046 2956 vel
1072 2912 1177 2971 quia
1204 2913 1294 2956 hoc
1317 2912 1364 2955 in
1402 2911 1550 2970 gloria
1575 2911 1666 2956 Dei
1692 2911 1825 2966 cedit,
1846 2911 1920 2956 v'el
1944 2912 2051 2971 quia
2076 2912 2168 2958 Dei
2178 2922 2273 2972 po-
2327 2915 2329 2919 ⁴

307 2990 446 3024 testas
473 2990 541 3024 est
564 2979 753 3023 infinita.
781 2979 916 3023 Unde
943 2989 988 3023 et
1013 2980 1110 3038 ipsa
1136 2980 1337 3023 maxima
1364 2979 1585 3039 sapientia
1619 2979 1708 3023 dici
1734 2978 1881 3034 debet,
1907 2986 2272 3040 utpote-semper
2324 3017 2326 3019 .

305 3045 581 3105 ss'altissimam
608 3059 795 3091 causam
822 3046 1130 3100 considerans,
1169 3046 1422 3090 secundum
1448 3045 1561 3090 illud
1594 3046 1801 3103 (Denter.
1837 3044 1916 3091 IV.
1943 3045 2031 3104 6.):
2058 3042 2186 3093 ⁸³Haec
2204 3053 2273 3094 ¹est
2318 3046 2332 3098 ἦ

309 3116 420 3158 enim
445 3121 583 3159 vestra
618 3115 819 3173 sapientia
856 3119 891 3158 et
923 3114 1146 3158 intellectus
1182 3128 1325 3158 coram
1354 3114 1520 3173 populis
1529 3129 1546 3166 ;
1576 3123 1620 3158 et
1654 3123 1839 3172 propter
1876 3113 2108 3171 hocssibi,
2134 3114 2273 3174 'quasi

309 3180 561 3240 principali,
593 3179 888 3240 philosophia
930 3180 1140 3242 humana·
1176 3181 1383 3225 deservit.
1432 3180 1487 3224 Et
1529 3180 1633 3224 ideo
1674 3181 2000 3226 interdum-ex
2023 3181 2271 3241 *principiis
2318 3239 2320 3241 r

310 3247 632 3307 philosophiae
658 3247 890 3291 humanae
917 3247 1138 3306 sapientia
1160 3247 1311 3291 divina
1338 3248 1565 3305 procedit;
1591 3261 1716 3301 nam,
1743 3257 1788 3292 et
1809 3247 1928 3308 apud
1950 3247 2271 3307 philosophos,
2327 3242 2331 3245 ⁴

310 3315 456 3373 prima
483 3314 778 3374 philosophia
803 3314 940 3359 utitur
972 3314 1181 3358 omnium
1208 3314 1499 3358 scientiarum
1527 3314 1904 3359 documentisad
1928 3327 2070 3360 suum
2094 3325 2269 3375 propo-

310 3381 446 3425 situm
474 3382 821 3427 ostendendum.
2119 3385 2121 3387 ’
2158 3394 2160 3396 ’

399 3448 570 3492 Exinde
598 3449 735 3493 etiam
759 3458 826 3493 est
851 3449 973 3508 quod
996 3462 1090 3493 non
1114 3448 1278 3493 eodem
1299 3448 1458 3493 ordine
1476 3459 1664 3508 utraque
1682 3449 1899 3494 doctrina·
1910 3448 2128 3507 procedit.
2143 3447 2268 3494 Nam

310 3514 357 3558 in
380 3515 586 3559 doctrina
611 3515 947 3575 philosophiae,
974 3529 1090 3575 quae
1127 3525 1355 3560 creaturas
1391 3516 1644 3560 secundum
1670 3529 1719 3560 se
1754 3514 2089 3561 consideravet
2111 3528 2168 3561 ex
2186 3515 2268 3561 “eis

309 3581 355 3625 in
377 3581 465 3626 Dei
489 3582 753 3640 cognitione
780 3582 1001 3640 perducit,
1025 3582 1171 3641 prima
1198 3591 1265 3627 est
1287 3582 1590 3627 consideratio
1618 3582 1672 3627 de
1697 3580 1916 3627 creaturis
1947 3579 2268 3627 &ultimam
2305 3618 2307 3620 -
2330 3575 2332 3582 ’
