2332 3854
800 191 955 231 LIBER
994 190 1068 230 111.
1111 191 1230 230 CAP.
1273 189 1498 229 CXLVIII.
2017 189 2122 244 517

144 294 152 298 “
172 295 320 355 prium
348 293 490 340 solius
514 292 618 347 Dei,
642 302 692 337 ut
715 307 849 352 supra
875 294 936 351 (c.
968 293 1056 350 52.)
1079 303 1313 338 ostensum
1337 301 1416 336 est.
1435 290 1614 350 Indiget
1630 289 1766 349 igitur
1787 289 1933 334 homo
1952 289 2120 334 auxilio

171 361 326 406 divino
352 361 407 405 ad
433 361 523 405 hoc
549 359 671 419 quod
698 359 743 402 in
770 359 941 402 dictum
970 359 1107 403 finem
1134 359 1380 418 perveniat.

259 428 398 472 Item:
425 440 722 486 unaquaeque
748 440 819 469 res
837 440 916 483 per
934 427 1248 484 operationem
1267 440 1395 469 suam
1420 423 1633 468 ultimum
1653 422 1791 467 finem
1815 423 2121 480 consequitur.

172 494 393 554 Operatio
421 504 573 537 autem
598 493 812 536 virtutem
827 493 1011 536 sortitur
1038 507 1090 536 ex
1115 492 1336 551 principio
1365 501 1606 550 operante;
1634 490 1752 534 unde
1786 504 1865 548 per
1889 490 2119 533 actionem

138 561 355 605 ‘seminis
396 569 636 619 generatur
677 559 844 618 aliquid
887 559 934 602 in
975 559 1273 602 determinata
1316 558 1482 615 specie,
1527 558 1653 615 cujus
1690 555 1830 601 virtus
1865 555 1911 599 in
1947 556 2122 599 semine

168 628 462 687 praeexsistit.
489 626 595 670 Non
632 635 781 683 potest
822 626 957 682 igitur
993 626 1136 669 homo
1171 640 1248 684 per
1285 625 1602 683 operationem
1637 638 1767 668 suam
1806 623 2042 682 pervenire
2075 624 2122 666 in

168 693 381 738 ultimum
406 692 543 736 finem
579 706 727 745 suum,
755 692 831 750 qui
866 693 1144 736 transcendit
1181 691 1444 735 facultatem
1482 691 1756 735 naturalium
1798 690 2120 749 potentiarum,

168 760 254 805 nisi
280 762 376 818 ejus
402 759 609 818 operatio
640 773 694 803 ex
720 758 871 802 divina
896 759 1036 802 vitute
1064 757 1315 802 efficaciam
1344 759 1491 816 capiat
1524 758 1579 801 ad
1613 756 1751 801 finem
1777 757 2075 815 praedictum.

255 825 491 884 Amplius:
518 825 694 868 nullum
721 825 1073 868 instrumentum
1099 825 1351 868 secundum
1374 825 1588 869 virtutem
1606 824 1814 883 propriae
1840 820 2018 867 formae
2045 836 2124 882 po-

167 901 254 937 test
280 891 336 935 ad
361 891 569 935 ultimam
597 891 841 950 perducere
861 889 1201 948 perfectionem,
1225 891 1301 935 sed
1329 890 1479 935 solum
1499 890 1751 935 secundum
1769 889 1983 934 virtutem
2006 889 2123 949 prin-

169 957 325 1017 cipalis
351 958 542 1016 agentis,
570 958 778 1016 quamvis
803 958 1055 1002 secundum
1079 959 1309 1017 propriam
1326 960 1536 1002 virtutem
1557 957 1756 1017 aliquam
1775 957 2121 1016 dispositionem

172 1023 324 1069 facere
354 1027 496 1083 possit
527 1025 582 1068 ad
616 1024 825 1068 ultimam
858 1022 1210 1083 perfectionem;
1238 1039 1263 1068 a
1290 1039 1412 1068 serra
1439 1025 1577 1078 enim,
1609 1024 1860 1068 secundum
1894 1023 2120 1068 rationem

152 1091 376 1149 ‘propriae
407 1089 597 1144 formae,
625 1100 692 1134 est
713 1091 856 1134 sectio
889 1090 1014 1149 ligni,
1041 1091 1119 1134 sed
1147 1091 1295 1135 forma
1320 1092 1495 1135 scamni
1523 1100 1590 1135 est
1617 1091 1670 1134 ab
1699 1101 1808 1144 arte,
1837 1104 1954 1150 quae
1980 1089 2118 1134 utitur

164 1158 490 1212 instrumento;
516 1157 725 1201 similiter
751 1157 967 1202 resolutio
994 1167 1038 1201 et
1065 1158 1354 1216 consumptio
1381 1159 1426 1201 in
1454 1171 1647 1216 corpore
1675 1156 1884 1200 animalis
1912 1166 1979 1200 est
2005 1170 2030 1200 a
2049 1170 2119 1200 ca-

163 1223 262 1268 lore
292 1224 425 1282 ignis,
450 1223 529 1267 sed
556 1224 789 1282 generatio
818 1224 966 1267 carnis
993 1234 1036 1268 et
1061 1224 1379 1268 determinatio
1408 1223 1641 1282 augmenti
1668 1233 1711 1267 et
1739 1221 1827 1267 alia
1852 1222 2118 1280 hujusmodi

163 1300 269 1335 sunt
293 1291 347 1334 ab
375 1291 528 1334 anima
559 1290 818 1348 vegetabili,
860 1304 975 1350 quae
1009 1290 1146 1334 utitur
1173 1290 1325 1335 calore
1357 1291 1495 1348 igneo
1528 1290 1643 1335 sicut
1674 1290 1990 1334 instrumento.
2025 1288 2117 1333 Sub

162 1357 266 1402 Deo
293 1368 462 1411 autem,
488 1357 565 1415 qui
591 1368 657 1401 est
683 1358 853 1416 primus
884 1357 1139 1401 intellectus
1172 1367 1217 1401 et
1252 1357 1426 1410 volens,
1462 1356 1725 1401 ordinantur
1752 1369 1913 1401 omnes
1939 1354 2116 1400 intelle-

163 1433 260 1468 ctus
287 1434 332 1468 et
351 1416 606 1468 voluntates
633 1424 748 1467 sicut
764 1425 1039 1467 instumenta
1056 1424 1136 1468 sub
1159 1423 1397 1481 principali
1421 1433 1596 1481 agente.
1622 1421 1820 1482 Oportet
1839 1419 1976 1482 igitur
1993 1422 2115 1481 quod

162 1504 321 1535 eorum
357 1491 645 1550 operationes
674 1489 927 1535 efficaciam
962 1504 1055 1534 non
1091 1491 1291 1534 habeant
1333 1499 1542 1549 respectu
1582 1489 1768 1534 ultimae
1805 1488 2111 1548 perfectionis,

161 1571 277 1616 quae
303 1568 371 1602 est
395 1558 574 1616 adeptio
601 1556 746 1601 finalis
774 1557 1077 1610 beatitudinis,
1094 1557 1181 1600 nisi
1198 1571 1279 1615 per
1295 1557 1508 1600 virtutem
1536 1556 1750 1599 divinam.
1778 1556 1958 1615 Indiget
1979 1555 2116 1614 igitur

161 1623 395 1668 rationalis
421 1634 581 1668 natura
607 1623 762 1667 divino
790 1623 958 1667 auxilio
985 1624 1041 1667 ad
1069 1623 1442 1682 consequendum
1465 1621 1678 1667 ultimum
1705 1622 1858 1666 finem.

250 1691 510 1736 Praeterea:
539 1690 718 1734 homini
744 1701 849 1735 sunt
874 1691 1202 1749 impedimenta
1228 1690 1422 1749 plurima
1448 1689 1741 1748 perveniendi
1768 1688 1824 1732 ad
1852 1687 2005 1732 finem.
2028 1689 2115 1733 Im-

160 1758 336 1817 peditur
361 1759 484 1803 enim
511 1758 738 1802 debilitate
759 1759 961 1811 rationis,
984 1773 1099 1816 quae
1127 1759 1181 1802 de
1207 1757 1329 1801 facili
1354 1758 1547 1801 trahitur
1572 1757 1618 1800 in
1638 1771 1855 1810 errorem,
1877 1770 1955 1815 per
1977 1770 2115 1815 quem

161 1839 188 1869 a
213 1835 335 1870 recta
355 1825 430 1870 via
456 1825 750 1883 perveniendi
773 1826 820 1868 in
846 1825 986 1869 finem
1009 1825 1273 1870 excluditur.
1301 1825 1551 1884 Impeditur
1583 1825 1720 1869 etiam
1748 1839 1803 1869 ex
1829 1824 2114 1886 passionibus

159 1892 297 1951 partis
323 1892 566 1937 sensitivae
590 1902 635 1936 et
661 1906 714 1935 ex
736 1891 1052 1936 affectionibus
1075 1892 1236 1951 quibus
1255 1892 1311 1935 ad
1333 1892 1563 1936 sensibilia
1590 1902 1634 1936 et
1657 1890 1874 1935 inferiora
1899 1891 2115 1946 trahitur3

159 1959 320 2018 quibus
341 1969 512 2018 quanto
534 1958 682 2017 magis
704 1958 922 2013 inhaeret,
945 1958 1127 2018 longius
1154 1959 1206 2002 ab
1235 1958 1397 2002 ultimo
1420 1957 1509 2002 fine
1527 1959 1686 2012 distat3
1711 1957 1826 2002 haec
1848 1958 1972 2002 enim
1998 1957 2115 2002 infra

158 2025 396 2070 hominem
420 2036 539 2079 sunt,
566 2025 667 2068 finis
690 2035 843 2069 autem
869 2026 1077 2085 superior
1103 2039 1159 2069 eo
1187 2026 1370 2070 exsistit.
1398 2025 1647 2084 Impeditur
1680 2024 1819 2069 etiam
1845 2023 2114 2084 plerumque

158 2093 362 2152 corporis
385 2092 645 2137 infirmitate
673 2093 726 2136 ab
754 2093 1046 2136 exsecutione
1079 2092 1389 2137 virtuosorum
1413 2102 1612 2145 actuum,
1639 2091 1802 2150 quibus
1835 2092 1890 2135 ad
1923 2091 2114 2152 beatitu-

156 2159 312 2204 dinem
336 2159 546 2204 tenditur.
572 2159 749 2217 Indiget
774 2159 911 2218 igitur
937 2158 1108 2203 auxilio
1137 2159 1290 2203 divino
1317 2159 1462 2203 homo
1489 2173 1546 2202 ne
1573 2172 1652 2217 per
1677 2157 1942 2217 hujusmodi
1966 2157 2106 2217 impe·

153 2226 355 2280 dimenta
378 2226 579 2271 totaliter
604 2227 657 2270 ab
686 2225 847 2270 ultimo
875 2226 965 2270 fine
992 2225 1187 2270 deficiat.
1750 2222 1753 2225 ’

246 2293 364 2337 Hinc
381 2303 449 2338 est
472 2293 594 2352 quod
617 2292 778 2337 dicitur
794 2293 978 2351 (Joann.
1001 2292 1078 2336 VI.
1096 2292 1214 2350 44.):
1241 2293 1373 2337 Nemo
1389 2298 1522 2351 potest
1536 2293 1678 2336 venire
1699 2290 1753 2335 ad
1774 2306 1852 2345 me,
1871 2292 1953 2335 nisi
1969 2292 2109 2347 Pater,

155 2361 228 2418 qui
255 2362 369 2406 misit
393 2375 472 2415 me,
497 2362 672 2404 traxerit
701 2360 822 2404 illum
837 2375 854 2412 ;
889 2370 933 2404 et
966 2359 1147 2418 (Joann.
1175 2358 1276 2403 XV.
1303 2359 1392 2416 4.):
1424 2359 1541 2403 Sicut
1555 2358 1716 2423 palmes
1740 2373 1823 2402 non
1845 2364 1977 2418 potest
1992 2358 2111 2417 ferre

149 2427 338 2484 fructum
363 2441 390 2471 a
413 2428 635 2486 semetipso,
669 2428 750 2470 nisi
775 2428 974 2471 manserit
999 2428 1045 2470 in
1076 2428 1174 2480 vite,
1207 2428 1264 2470 sic
1290 2441 1360 2470 nec
1385 2439 1459 2470 vos
1485 2427 1566 2470 nisi
1591 2427 1636 2469 in
1662 2441 1725 2470 me
1759 2426 2004 2469 manseritis.

242 2492 328 2537 Per
353 2493 445 2538 hoc
472 2503 625 2538 autem
647 2492 897 2538 excluditur
920 2506 1045 2536 error
1072 2492 1440 2551 Pelagianorum,
1463 2492 1540 2551 qui
1562 2492 1767 2536 dixerunt
1790 2490 1911 2551 quod
1931 2506 2019 2551 ‚per
2041 2505 2111 2535 so-

154 2558 252 2604 lum
271 2558 462 2604 liberum
490 2560 722 2604 arbitrium
747 2560 891 2604 homo
924 2569 1099 2619 poterat
1121 2560 1210 2603 Dei
1236 2558 1431 2618 gloriam
1460 2559 1723 2618 promereri.

856 2712 1110 2769 CAPUT
1153 2712 1406 2769 CXLIX.

231 2844 388 2891 QUOD
421 2845 528 2882 'PER
567 2843 839 2882 AUXILIUM
878 2844 1104 2882 DIVINAE
1145 2843 1381 2881 GRATIAE
1422 2842 1585 2880 HOMO
1625 2841 1741 2882 NON
1782 2841 2032 2882 COGITUR

927 2918 1000 2955 AD
1052 2917 1351 2956 VIRTUTEM.

240 3028 400 3073 Posset
426 3037 577 3072 autem
603 3027 745 3071 videri
770 3026 905 3071 alicui
931 3027 1054 3086 quod
1081 3041 1158 3085 per
1181 3024 1383 3070 divinum
1412 3026 1628 3070 auxilium
1651 3025 1800 3085 aliqua
1827 3026 2007 3070 coactio
2027 3025 2110 3070 ho-

152 3095 263 3139 mini
288 3094 502 3139 inferatur
535 3094 589 3138 ad
615 3094 731 3138 bene
757 3095 1002 3152 agendum,
1029 3108 1083 3138 ex
1108 3094 1198 3138 hoc
1231 3095 1353 3152 quod
1387 3094 1559 3138 dictum
1592 3103 1659 3138 est
1683 3093 1866 3151 (Joann.
1889 3093 1966 3137 VI.
1988 3093 2107 3149 44.):

151 3161 284 3206 Nemo
314 3163 428 3205 venit
457 3161 511 3205 ad
541 3176 621 3215 me,
654 3162 735 3205 nisi
760 3161 900 3215 Pater,
927 3162 999 3219 qui
1023 3162 1135 3205 misit
1163 3176 1237 3214 me,
1269 3163 1445 3205 traxerit
1475 3176 1598 3213 eum,·
1627 3170 1672 3204 et
1693 3174 1746 3203 ex
1772 3159 1863 3204 hoc
1890 3160 2012 3218 quod
2045 3159 2108 3203 di-

152 3227 266 3272 citur
290 3227 445 3284 (Rom.
471 3226 593 3271 VIII.
632 3228 744 3284 14.):
774 3227 863 3284 Qui
887 3229 1036 3286 spiritu
1062 3228 1147 3271 Dei
1174 3234 1369 3285 aguntur,
1399 3228 1442 3271 hi
1456 3228 1544 3285 filii
1565 3228 1650 3271 Dei
1673 3233 1791 3283 sunt5
1820 3236 1864 3270 et
1890 3226 1971 3284 (II.
1992 3225 2103 3270 Cor.

151 3293 208 3338 V.
238 3294 349 3350 14.):
381 3294 549 3339 Caritas
578 3294 733 3338 Christi
767 3300 885 3351 urget
924 3309 997 3338 nos
1005 3309 1021 3346 ί
1054 3294 1174 3338 trahi
1200 3296 1337 3349 enim,
1365 3304 1408 3338 et
1441 3295 1528 3352 agi,
1555 3303 1599 3338 et
1633 3293 1782 3352 urgeri
1815 3293 2103 3337 coactionem

149 3361 396 3419 importare
421 3360 644 3404 videntur.
672 3360 773 3404 Hoc
802 3371 955 3405 autem
982 3375 1076 3405 non
1103 3375 1202 3404 esse
1223 3368 1382 3418 ,verum
1411 3360 1649 3406 manifeste
1674 3360 1939 3405 ostenditur.

237 3427 405 3472 Divina
431 3426 554 3470 enim
579 3427 861 3485 providentia
886 3428 1018 3471 rebus
1045 3428 1257 3471 omnibus
1284 3428 1490 3486 providet
1524 3428 1776 3471 secundum
1809 3427 2000 3471 modum
2028 3441 2105 3472 ea-

151 3507 268 3547 rum,
294 3503 343 3538 ut
373 3507 508 3552 supra
535 3503 770 3537 ostensum
803 3503 884 3538 est.
917 3493 996 3538 Est
1024 3504 1174 3537 autem
1203 3495 1435 3553 proprium
1462 3494 1642 3538 homini
1669 3505 1712 3538 et
1739 3494 1866 3538 omni
1892 3493 2105 3539 rationali

152 3569 384 3604 creaturae
411 3559 534 3618 quod
559 3559 815 3605 voluntarie
842 3570 947 3619 agat
973 3571 1018 3605 et
1043 3561 1135 3605 suis
1166 3561 1337 3605 actibus
1371 3561 1644 3616 dominetur,
1671 3570 1717 3606 ut
1750 3574 1803 3605 ex
1835 3561 2103 3620 supradictis
