2332 3854
751 654 1015 717 LIBER
1062 654 1534 718 SECUNDUS

967 1175 1223 1234 CAPUT
1265 1177 1308 1233 Ι.

436 1307 839 1354 CONTINUATIO
882 1313 1241 1362 SEQUENTIUM
1280 1313 1354 1352 AD
1394 1314 1830 1355 PRAECEDENTIA.

99 1415 178 1481 ³³,ss-
153 1412 213 1460 {a
225 1418 491 1466 Miratus
489 1435 591 1466 sum
615 1422 662 1465 in
693 1422 883 1467 omnibus
903 1422 1097 1478 operibus
1118 1423 1226 1467 tuis:
1253 1423 1299 1466 in
1324 1422 1444 1477 factis
1468 1437 1673 1468 manuum
1695 1429 1866 1469 tuarum
1887 1422 2123 1470 meditabar

239 1513 332 1599 Rei
356 1554 595 1613 cuiuslibet
617 1554 818 1614 perfecta
846 1555 1050 1631 cognitio
1076 1555 1236 1599 haberi
1260 1569 1356 1600 non
1387 1565 1552 1615 potest,
1574 1555 1662 1601 nisi
1687 1558 1786 1616 ejus
1812 1557 2018 1617 operatio
2046 1571 2120 1602 co-

88 1621 152 1683 3³>
143 1622 417 1680 gnoscatur.
442 1620 510 1665 Ex
535 1621 677 1666 modo
703 1622 826 1666 enim
853 1622 1144 1698 operationis
1159 1631 1205 1666 et
1235 1622 1403 1681 specie,
1430 1636 1644 1668 mensura
1666 1633 1711 1668 et
1731 1623 1924 1683 qualitas
1945 1625 2121 1669 virtutis

98 1689 147 1739 {g
142 1690 383 1748 manat.
407 1686 575 1732 Virtus
592 1702 702 1732 vero
737 1697 948 1733 naturam
989 1688 1055 1733 rei
1085 1698 1334 1743 monstrat;
1375 1690 1630 1734 secundum
1669 1690 1760 1735 hoc
1803 1691 1926 1736 enim
1958 1705 2122 1736 unum-

123 1754 385 1815 Μςιιε
385 1765 552 1799 natum
583 1765 652 1800 est
677 1755 870 1814 operari,
896 1755 1019 1815 quod
1046 1765 1149 1800 actu
1175 1755 1316 1800 talem
1347 1765 1559 1800 naturam
1591 1757 1790 1802 sortitur.

98 1821 129 1837 ’”
171 1836 176 1848 ’
224 1820 323 1866 Est
346 1830 501 1867 autem
530 1821 698 1882 duplex
722 1822 790 1867 rei
819 1823 1043 1880 operatio,
1083 1832 1134 1867 ut
1165 1822 1478 1882 Philosophus
1515 1824 1692 1868 tradit
1670 1838 1726 1868 ιιι
1757 1838 1884 1869 nono
1914 1825 2119 1884 Metaph.

81 1886 135 1953 q*
152 1888 226 1948 (t
234 1900 275 1935 c.
303 1887 407 1947 16).
434 1889 553 1934 Una
564 1890 765 1949 quidem,
790 1904 907 1948 quae
931 1890 979 1934 in
1005 1890 1105 1949 ipso
1137 1900 1356 1948 operante
1388 1900 1543 1935 manet
1569 1900 1613 1935 et
1639 1901 1708 1936 est
1728 1892 1867 1950 ipsius
1889 1893 2120 1951 operantis

121 1954 395 2017 Μεειὶο,
407 1967 461 2001 ut
488 1957 670 2012 sentire,
700 1956 955 2015 intelligere
981 1967 1027 2001 et
1050 1957 1194 2011 velle;
1227 1957 1315 2001 alia
1347 1971 1472 2012 vero,
1505 1972 1628 2034 quae·
1647 1959 1695 2002 in
1722 1960 1993 2003 exteriorem
2019 1974 2117 2004 rem

118 2023 325 2084 ταιῆςὶι,
356 2037 488 2083 quae
498 2033 568 2068 est
590 2023 808 2083 perfectio
834 2022 944 2068 facti
968 2023 1091 2083 quod
1116 2038 1196 2082 per
1226 2024 1375 2082 ipsam
1417 2025 1719 2080 constituitur,
1760 2035 1810 2069 ut
1850 2025 2114 2082 calefacere,

118 2097 314 2141 ‘pecare
332 2100 392 2135 et
395 2090 656 2135 aedificare.

224 2157 444 2217 Utraque
468 2168 623 2202 autem
644 2157 874 2202 dictarum
901 2157 1220 2217 operationum
1249 2158 1470 2218 competit
1494 2160 1613 2204 Deo.
1638 2159 1794 2204 Prima
1834 2159 2114 2219 quidem,m
2068 2161 2078 2171 ⁶

118 2224 374 2284 eoquod
385 2223 612 2284 intelligit,
642 2223 752 2280 vult,
785 2224 953 2284 gaudet
983 2235 1029 2269 et
1053 2235 1200 2280 amat3
1233 2225 1322 2270 alia
1346 2240 1472 2280 vero,
1504 2227 1552 2270 in
1589 2240 1645 2271 eo
1681 2226 1805 2286 quod
1846 2241 1917 2271 res
1940 2227 1989 2271 in
2015 2242 2115 2272 esse

96 2285 168 2350 ἶῄ
169 2291 360 2371 oducit
383 2301 430 2336 et
451 2305 530 2336 eas
555 2302 797 2337 conservat
823 2302 867 2336 et
892 2292 1022 2351 regit.
1053 2291 1176 2344 Quia
1201 2307 1311 2337 vero
1337 2293 1485 2351 prima
1499 2293 1744 2353 operatio
1760 2293 1978 2352 perfectio
2010 2308 2115 2354 ope-

102 2401 120 2406 .
175 2415 178 2417 ‚
272 2368 395 2414 est,
417 2359 620 2404 secunda
643 2373 754 2404 vero
780 2359 1001 2419 perfectio
1027 2359 1150 2414 facti,
1177 2374 1318 2418 agens
1348 2370 1503 2405 autem
1535 2360 1800 2406 naturaliter
1831 2361 1956 2421 prius
1988 2360 2113 2406 facto

155 2423 174 2434 ⁸
219 2434 455 2472 '‘etmwum
475 2426 632 2485 ipsius,
657 2436 840 2486 oportet
878 2426 1002 2486 quod
1022 2426 1183 2486 prima
1208 2426 1433 2472 dictarum
1471 2428 1792 2487 operationum
1825 2429 1882 2472 sit
1905 2429 2022 2473 ratio
2049 2442 2114 2473 se-

85 2482 325 2551 „ggssss'itmdae
330 2502 410 2538 et
418 2504 522 2538 eam
547 2493 791 2552 praecedat
811 2493 1091 2548 naturaliter,
1117 2493 1234 2538 sicut
1260 2508 1397 2538 causa
1423 2493 1658 2541 effectum:
1694 2494 1818 2554 quod
1854 2495 2076 2554 quidem
2063 2509 2112 2539 m

33 2611 42 2622 ‚
80 2562 121 2586 ³⁵
113 2557 281 2611 Ἐώας
295 2559 519 2605 humanis
526 2559 776 2606 manifeste
785 2570 995 2620 apparet3
1024 2561 1328 2605 consideratio
1355 2560 1479 2605 enim
1505 2570 1550 2606 et
1564 2560 1778 2606 voluntas
1795 2561 1979 2607 artificis
1995 2562 2111 2621 prin·-

116 2622 333 2688 &plum
342 2636 413 2672 est
434 2637 481 2672 et
503 2627 620 2673 ratio
646 2627 990 2674 aedificationis.
1018 2627 1172 2672 Prima
1197 2628 1334 2687 igitur
1377 2628 1601 2673 dictarum
1642 2629 1978 2687 operationum,
2017 2639 2112 2673 tan-

88 2677 124 2701 ”
266 2692 506 2753 simplex
529 2696 758 2754 operantis
781 2693 1016 2753 perfectio,
1042 2696 1298 2754 operationis
1337 2694 1540 2739 vindicat
1563 2695 1649 2739 sibi
1674 2709 1846 2740 nomen
1871 2695 1944 2740 vel
1970 2695 2110 2740 etiam

96 2799 120 2814 ,ι
171 2756 183 2763 “
241 2766 261 2797 ἱ»
309 2775 348 2814 ;
375 2761 575 2806 secunda
598 2774 725 2815 vero,
751 2775 808 2806 eo
835 2761 958 2820 quod
983 2762 1041 2806 sit
1065 2761 1286 2821 perfectio
1311 2760 1434 2815 facti,
1445 2762 1658 2821 factionis
1682 2776 1856 2806 nomen
1895 2762 2109 2817 assumit3

116 2821 276 2872 *s-de
283 2826 562 2872 manufacta
578 2827 789 2872 dicuntur
814 2842 947 2887 quae,
972 2842 1054 2886 per
1079 2828 1312 2872 actionem
1350 2828 1633 2888 hujusmodi,
1660 2829 1714 2872 ab
1742 2828 1948 2874 artifice
1935 2843 1983 2873 m
2010 2842 2109 2874 esse

116 2891 411 2955 maeunt.

87 2958 203 3024 ,m
234 2960 473 3020 Deprima
498 2970 651 3006 autem
676 2961 766 3006 Dei
791 2962 1058 3021 operatione
1078 2962 1125 3006 in
1151 2963 1442 3022 praecedenti
1467 2963 1582 3008 libro
1610 2964 1658 3021 (a
1681 2977 1779 3022 cap.
1800 2975 1874 3018 44.
1895 2977 2040 3023 usque
2058 2963 2108 3008 in

82 3021 306 3084 fimum)
342 3027 436 3086 jam
461 3027 672 3083 diximus,
698 3028 775 3072 ubi
800 3038 871 3073 est
895 3039 1050 3074 actum
1071 3028 1127 3073 de
1151 3029 1417 3088 cognitione
1442 3041 1488 3075 et
1508 3030 1743 3075 voluntate
1769 3030 1933 3075 divina.
1956 3029 2108 3085 Unde,

116 3092 213 3139 affl
223 3093 507 3154 'completam
528 3094 708 3140 divinae
732 3095 934 3140 veritatis
960 3095 1394 3151 considerationem,
1409 3106 1550 3141 restat
1570 3111 1691 3140 nunc
1709 3098 1764 3141 de
1781 3096 1981 3142 secunda
2002 3110 2109 3156 ope-

75 3148 110 3191 *f
140 3157 330 3206 :mione
343 3170 552 3215 nactam,
583 3175 663 3221 per
694 3176 833 3221 quarn
858 3162 1034 3208 scilicet
1058 3177 1129 3207 res
1161 3163 1472 3222 producuntur
1498 3173 1543 3208 et
1567 3163 1875 3222 gubernantur
1906 3177 1933 3207 a
1955 3163 2075 3208 Deo.

203 3225 392 3279 τΩιιειῆ
421 3227 608 3287 quidem
632 3229 843 3274 ordinem
882 3244 938 3274 ex
956 3230 1232 3306 praemissis
1272 3230 1422 3275 verbis
1462 3238 1643 3275 sumere
1680 3243 1943 3289 possumus.
1974 3220 2108 3275 Piae·

113 3290 283 3341 §mittit
305 3306 504 3353 namque
529 3294 702 3353 primae
729 3296 1006 3355 operationis
1032 3296 1395 3350 meditationem,
1421 3310 1563 3355 quum
1590 3296 1723 3342 dicit:
1760 3296 1984 3341 Meditatus
2006 3310 2105 3342 sum

112 3357 406 3408 ξ”ϋὍπιηίὺαε
424 3359 613 3420 oporibus
637 3362 730 3416 tuis,
756 3372 822 3407 ut
830 3363 1039 3422 operatio
1063 3363 1119 3407 ad
1145 3363 1352 3407 divinum
1373 3357 1637 3421 intelligere
1646 3361 1719 3407 vel
1734 3361 1855 3408 velle
1870 3362 2103 3409 referatur.

111 3418 389 3487 3„ngst
411 3438 537 3471 vero
536 3425 1145 3483 factionisxmeditationem,
1168 3443 1310 3488 quum
1337 3429 1466 3474 dicit.
1494 3429 1546 3473 In
1569 3429 1690 3484 factis
1709 3443 1912 3475 manuum
1934 3435 2104 3476 tuarum

111 3487 403 3549 mabar,
416 3502 483 3546 ut,
506 3504 601 3552 per
607 3492 748 3539 facta
756 3496 1091 3555 manusipsius,
1107 3495 1418 3555 intelligamus
1437 3494 1621 3540 coelum
1638 3506 1684 3541 et
1697 3505 1869 3541 terram
1878 3507 1929 3542 et
1946 3497 2104 3543 omnia

234 3556 539 3618 procedunt
560 3558 616 3604 in
641 3572 753 3606 esse
765 3574 794 3606 a
823 3562 944 3616 Deo,
969 3562 1087 3607 sicut
1111 3561 1165 3606 ab
1193 3561 1364 3607 artifice
1390 3560 1653 3608 manufacta
1674 3562 1942 3623 procedunt.
