2332 3854
276 209 375 246 112
962 206 1118 244 LIBER
1157 207 1191 242 1.
1235 205 1356 243 CAP.
1396 204 1523 243 XCV.

1012 415 1266 472 CAPUT
1307 415 1486 471 XCV.

653 554 811 600 Quon
845 553 988 590 DEus
1020 552 1137 590 NON
1170 550 1383 588 PoTEST
1415 538 1591 588 VELLE
1622 550 1836 600 MALUM,

887 653 941 711 (Ι.
962 659 1077 713 part.
1102 658 1254 712 quaest.
1281 653 1395 697 XIX.
1417 658 1498 696 art.
1525 653 1603 711 9.).

356 767 421 810 Ex
448 766 518 809 his
547 775 696 808 autern
726 778 842 822 quae
870 763 990 808 dicta
1015 773 1120 807 sunt
1152 762 1330 807 ostendi
1351 771 1501 822 potest
1522 761 1644 820 quod
1665 762 1791 805 Deus
1822 775 1915 805 non
1933 770 2083 820 potest
2104 759 2224 809 velle

266 833 454 876 malum.
481 832 635 875 Virtus
662 831 783 874 enim
810 830 875 873 rei
901 840 970 874 est
1000 829 1251 874 secundum
1279 843 1419 888 quam
1441 828 1601 886 aliquis
1616 828 1791 871 bonum
1809 837 2032 886 operatur.
2056 826 2224 872 Omnis
2292 839 2294 841 ’

266 909 417 943 autem
447 898 651 956 operatio
679 898 767 940 Dei
794 906 861 940 est
887 896 1093 956 operatio
1119 896 1310 950 virtutis,
1337 910 1443 939 cum
1469 909 1550 939 sua
1575 895 1715 938 virtus
1747 895 1804 939 sit
1834 908 1916 939 sua
1941 893 2149 948 essentia,
2175 903 2225 940 ut

265 979 399 1024 supra
425 967 486 1022 (c.
519 963 612 1023 92.)
640 972 876 1006 ostensum
903 971 983 1007 est.
1009 963 1117 1006 Non
1144 971 1293 1021 potest
1313 962 1450 1020 igitur
1475 960 1651 1004 malum
1674 960 1806 1005 velle.

353 1032 492 1074 Item:
519 1029 730 1073 voluntas
757 1043 996 1088 nunquam
1024 1029 1078 1073 ad
1106 1028 1280 1072 malum
1305 1027 1458 1081 fertur,
1483 1027 1570 1071 nisi
1601 1027 1753 1086 aliquo
1786 1041 1939 1072 errore
1969 1026 2016 1070 in
2047 1027 2223 1071 ratione

265 1099 519 1150 exsistente,
539 1097 594 1140 ad
622 1097 770 1141 minus
797 1096 843 1139 in
866 1095 1125 1155 particulari
1144 1094 1344 1153 eligibili.
1366 1094 1486 1139 Cum
1505 1094 1627 1137 enim
1647 1093 1893 1138 voluntatis
1916 1094 2145 1151 objectum
2166 1093 2225 1137 sit

262 1166 436 1208 bonum
463 1162 813 1221 apprehensum,
846 1176 941 1206 non
966 1171 1118 1220 potest
1141 1161 1354 1205 voluntas
1379 1159 1484 1204 ferri
1509 1161 1555 1203 in
1582 1159 1771 1213 malum,
1791 1160 1880 1203 nisi
1905 1159 2058 1218 aliquo
2080 1160 2222 1203 modo

263 1240 543 1306 proponatur
569 1229 653 1273 sibi
678 1239 727 1272 ut
751 1229 949 1282 bonum;
968 1239 1012 1272 et
1028 1228 1119 1271 hoc
1142 1229 1237 1271 sine
1257 1240 1408 1271 errore
1425 1241 1522 1270 esse
1539 1240 1634 1270 non
1648 1235 1811 1283 potest.
1828 1226 1881 1269 In
1897 1225 2048 1270 divina
2071 1235 2223 1270 autem

265 1297 527 1355 cognitione
554 1309 647 1339 non
675 1305 826 1353 potest
847 1309 946 1339 esse
973 1308 1112 1349 error,
1139 1304 1188 1338 ut
1210 1307 1345 1353 supra
1371 1294 1432 1352 (c.
1465 1291 1534 1336 61.
1538 1293 1558 1349 )
1586 1301 1821 1337 ostensum
1847 1301 1938 1346 est;
1962 1306 2058 1337 non
2088 1292 2224 1390 igitur

264 1364 475 1407 voluntas
508 1364 603 1420 ejus
629 1371 779 1421 potest
811 1362 867 1406 ad
894 1361 1070 1404 malum
1095 1360 1294 1405 tendere.

352 1430 590 1489 Amplius·
616 1430 743 1473 Deus
770 1439 838 1473 est
863 1443 1096 1473 summum
1118 1429 1308 1481 bonum,
1334 1436 1383 1471 ut
1400 1441 1534 1486 supra
1552 1428 1612 1485 (c.
1629 1438 1681 1481 41
1692 1425 1982 1484 .)probatum
1999 1435 2087 1471 est.
2106 1439 2225 1471 sum-

265 1512 392 1541 mum
420 1507 571 1540 autem
604 1496 777 1540 bonum
805 1510 899 1539 non
927 1495 1092 1554 patitur
1119 1494 1303 1553 aliquod
1331 1494 1614 1538 consortium
1641 1493 1765 1547 mali,
1788 1492 1903 1537 sicut
1926 1506 2012 1537 nec
2044 1506 2224 1537 summe

264 1564 464 1608 calidum
495 1563 846 1623 permixtionem
877 1561 1052 1621 frigidi;
1085 1561 1237 1606 divina
1273 1561 1409 1620 igitur
1445 1560 1659 1605 voluntas
1696 1574 1791 1604 non
1827 1569 1978 1620 potest
2009 1559 2132 1605 flecti
2166 1559 2223 1604 ad

265 1630 454 1674 malum.

350 1697 616 1740 Praeterea:
651 1709 757 1739 cum
781 1671 955 1739 bonum
981 1695 1149 1739 habeat
1172 1695 1399 1738 rationem
1416 1693 1533 1747 finis,
1552 1670 1727 1737 malum
1743 1707 1838 1737 non
1853 1702 2004 1751 potest
2022 1692 2223 1737 incidere

261 1764 309 1807 in
334 1763 619 1807 voluntatem
645 1762 733 1806 nisi
758 1776 837 1820 per
864 1763 1152 1805 aversionem
1176 1775 1200 1803 a
1226 1760 1328 1804 fine.
1348 1759 1572 1804 Voluntas
1592 1769 1743 1803 autem
1762 1759 1914 1803 divina
1932 1773 1958 1803 a
1974 1758 2063 1803 fme
2081 1758 2223 1803 averti

261 1844 356 1874 non
382 1838 544 1889 potest,
569 1843 675 1873 cum
700 1827 816 1872 nihil
841 1828 984 1886 possit
1009 1827 1126 1871 velle
1152 1827 1239 1870 nisi
1255 1826 1454 1870 volendo
1475 1826 1690 1885 seipsum,
1711 1834 1760 1870 ut
1781 1827 1841 1884 (c.
1869 1825 1962 1883 75.)
1989 1828 2233 1870 ostensum*

263 1907 352 1951 est;
378 1910 472 1940 non
498 1905 649 1954 potest
673 1895 808 1954 igitur
833 1894 951 1939 velle
968 1894 1158 1949 malum,
1177 1904 1221 1937 et
1238 1895 1301 1938 sic
1319 1903 1442 1951 patet
1459 1894 1581 1952 quod
1598 1893 1791 1937 liberum
1811 1893 2045 1938 arbitrium
2059 1894 2106 1937 in
2120 1892 2222 1951 ipso

261 1963 523 2007 naturaliter
535 1962 784 2006 stabilitum
799 1962 922 2005 estin
936 1961 1075 2005 bono.
1086 1961 1188 2005 Hoc
1202 1970 1355 2004 autem
1369 1970 1435 2004 est
1447 1961 1568 2019 quod
1582 1960 1909 2018 dicitur(Deut.
1925 1959 2114 2004 XXXII.
2131 1958 2220 2017 4.):

261 2031 376 2074 Deus
390 2029 527 2088 fidelis
553 2035 621 2083 est,
656 2035 694 2073 et
715 2030 863 2087 absque
889 2030 1137 2086 iniquitate;
1167 2037 1211 2071 et
1236 2027 1480 2085 (Abachuc
1507 2026 1688 2085 I.13.:)
1716 2026 1870 2070 Mundi
1893 2031 1985 2071 sunt
2010 2026 2120 2071 oculi
2145 2027 2219 2079 tui,

261 2098 460 2150 Domine,
489 2102 524 2140 et
554 2097 752 2155 respicere
778 2095 832 2139 ad
856 2096 1122 2153 iniquitatem
1148 2108 1231 2137 non
1249 2100 1378 2153 potes.

349 2163 437 2206 Per
458 2163 547 2206 hoc
577 2172 730 2205 autem
757 2160 1016 2205 confutatur
1042 2174 1167 2204 error
1186 2160 1466 2218 Judaeorum
1492 2159 1568 2218 qui
1584 2159 1631 2203 in
1655 2158 1880 2204 Thalmut
1894 2159 2050 2204 dicunt
2067 2159 2223 2207 Deum

261 2229 534 2288 quandoque
574 2242 783 2287 peccare,
826 2238 871 2272 et
907 2242 933 2271 a
967 2237 1158 2286 peccato
1200 2227 1397 2285 purgari,
1433 2235 1478 2270 et
1510 2226 1920 2280 Luciferianorum,
1956 2226 2034 2286 qui
2067 2225 2223 2271 dicunt

260 2297 415 2341 Deum
440 2296 487 2339 in
514 2294 713 2340 Luciferi
738 2294 993 2353 deJectione
1019 2307 1248 2353 peccasse.

994 2448 1249 2504 CAPUT
1289 2448 1492 2503 XCVI.

881 2583 1040 2630 QUOD
1075 2584 1217 2622 DEUS
1250 2584 1403 2624 NIHIL
1439 2583 1595 2622 ODIT.

351 2693 416 2737 Ex
446 2692 518 2737 his
545 2701 698 2737 autem
726 2702 911 2752 apparet
937 2692 1059 2751 quod
1086 2692 1244 2736 odium
1271 2692 1460 2750 alicujus
1481 2693 1547 2737 rei
1563 2693 1667 2737 Deo
1686 2692 1931 2736 convenire
1948 2705 2042 2736 non
2055 2701 2220 2752 potest.

263 2761 391 2805 Sicut
416 2760 539 2804 enim
568 2773 698 2804 amor
723 2773 771 2804 se
796 2759 935 2803 habet
960 2759 1015 2802 ad
1044 2760 1231 2813 bonum,
1253 2759 1314 2803 ita
1341 2769 1385 2803 et
1411 2759 1568 2803 odium
1591 2773 1639 2804 se
1664 2759 1802 2803 habet
1819 2759 1875 2803 ad
1891 2759 2090 2814 malum3
2110 2773 2221 2804 nam

259 2828 331 2871 his
357 2840 472 2886 quos
499 2840 722 2880 amamus,
748 2826 923 2869 bonum
950 2825 1185 2869 volumus:
1204 2825 1276 2869 his
1301 2839 1412 2869 vero
1439 2840 1553 2885 quos
1580 2826 1775 2879 odimus,
1801 2825 1990 2870 malum.
2013 2826 2064 2871 Si
2083 2825 2222 2885 igitur

260 2894 472 2938 voluntas
493 2893 582 2937 Dei
608 2893 664 2937 ad
692 2891 874 2942 malum,
894 2891 1103 2936 inclinari
1127 2906 1223 2936 non
1245 2902 1406 2951 potest,
1429 2903 1478 2936 ut
1499 2903 1735 2938 ostensum
1758 2902 1839 2947 est,
1854 2892 2136 2952 impossibile
2153 2902 2222 2938 est

262 2961 383 3020 quod
410 2960 506 3019 ipse
529 2974 627 3004 rem
653 2958 856 3018 aliquam
883 2959 990 3002 odio
1017 2959 1196 3003 habeat.

349 3029 493 3071 Item:
521 3027 734 3070 voluntas
761 3026 852 3070 Dei
878 3026 923 3069 in
947 3025 1036 3069 alia
1064 3040 1087 3069 a
1116 3040 1163 3070 se
1189 3025 1341 3081 fertur,
1368 3036 1417 3071 ut
1449 3041 1582 3086 supra
1608 3029 1668 3086 (c,
1697 3027 1789 3085 75.)
1816 3037 2050 3072 ostensum
2071 3036 2152 3082 est,
2173 3028 2220 3072 in

260 3105 479 3154 quantum
505 3093 720 3148 volendo,
749 3103 792 3137 et
819 3093 1017 3137 amando
1045 3107 1178 3136 suum
1212 3107 1310 3138 esse
1344 3104 1388 3138 et
1419 3108 1550 3138 suam
1581 3094 1848 3148 bonitatem,
1879 3093 1977 3139 vult
2005 3107 2108 3138 eam
2139 3093 2221 3138 dif-

258 3161 400 3215 fundi,
427 3160 679 3205 secundum
707 3159 828 3218 quod
856 3159 1070 3218 possibile
1099 3169 1179 3214 est,
1197 3174 1276 3219 per
1293 3160 1599 3205 similitudinis
1617 3161 2101 3207 communicationem.
2117 3161 2220 3206 Hoc

260 3228 396 3286 igitur
422 3237 490 3272 est
516 3227 639 3286 quod
665 3227 791 3270 Deus
818 3226 865 3269 in
892 3226 1022 3270 rebus
1047 3226 1146 3270 aliis
1175 3240 1200 3269 a
1226 3240 1273 3270 se
1300 3226 1408 3281 vult,
1442 3237 1491 3271 ut
1521 3228 1567 3271 in
1599 3228 1663 3272 eis
1696 3229 1752 3272 sit
1783 3241 1892 3273 suae
1922 3226 2135 3272 bonitatis
2165 3227 2221 3272 si-

261 3294 484 3338 militudo.
513 3294 615 3338 Hoc
636 3301 789 3338 autem
817 3302 882 3337 est
907 3293 1080 3336 bonum
1107 3293 1458 3352 uniuscujusque
1484 3294 1562 3347 rei,
1586 3304 1632 3339 ut
1649 3294 1993 3339 similitudinem
2017 3293 2219 3339 divinam

260 3361 509 3419 participet,
536 3374 645 3403 nam
671 3359 899 3419 quaelibet
914 3359 1093 3403 bonitas
1117 3358 1204 3403 alia
1221 3373 1315 3404 non
1333 3370 1399 3404 est
1414 3360 1502 3405 nisi
1517 3361 1767 3405 similitudo
1794 3360 2019 3421 quaedam
2043 3359 2218 3420 primae

259 3427 488 3471 bonitatis.
515 3427 656 3486 Igitur
683 3427 809 3471 Deus
836 3426 1189 3484 uniuscujusque
1216 3426 1279 3470 rei
1305 3425 1401 3470 vult
1430 3426 1628 3471 bonum:
1655 3426 1771 3472 nihil
1793 3427 1931 3488 igitur
1955 3426 2064 3472 odit.

350 3493 540 3537 Adhuc:
570 3507 595 3536 a
620 3493 770 3551 primo
798 3502 900 3537 ente
928 3491 1084 3537 omnia
1117 3491 1205 3535 alia
1231 3492 1457 3551 originem
1480 3494 1658 3538 essendi
1682 3503 1881 3539 sumunt.
1908 3493 1959 3539 Si
1981 3493 2117 3554 igitur
2142 3491 2219 3538 ali-

262 3559 368 3622 quid
395 3573 554 3604 eorum
581 3573 696 3619 quae
723 3569 826 3605 sunt
852 3559 959 3604 odio
985 3559 1136 3614 habet,
1157 3558 1255 3604 vult
1275 3558 1386 3605 illud
1402 3573 1495 3605 non
1513 3574 1626 3615 esse,
1643 3561 1749 3622 quia
1769 3561 1860 3607 hoc
1881 3569 1950 3606 est
1973 3559 2215 3624 unicuique
