2332 3854
762 222 916 261 tumn
957 221 1028 260 1v.
1071 221 1191 260 cAP.
1232 220 1398 260 xtvn.
1950 206 2013 275 63
2024 221 2051 275 5

102 323 364 378 substantia,
389 322 469 369 sed
495 322 594 368 sola
620 336 702 367 sua
727 322 890 368 virtute
908 333 1120 383 operatus
1136 333 1204 368 est
1229 323 1284 368 ad
1301 324 1398 382 ejus
1414 320 1777 382 productionem.
1794 321 1902 366 Non
1920 321 2056 380 igitur

102 398 253 450 potest
276 389 365 434 dici
387 389 576 448 Spiritus
604 388 797 433 Sanctus
814 400 942 448 pater
961 389 1131 435 Christi
1148 389 1399 434 secundum
1424 388 1677 432 humanam
1694 388 2051 446 generationem.

190 456 320 500 Esset
344 456 479 500 etiam
505 455 787 499 inductivum
813 456 859 499 in
887 470 1088 501 errorem
1115 457 1151 500 si
1179 455 1386 502 Christus
1413 454 1605 513 Spiritus
1628 453 1786 498 Sancti
1804 453 1922 498 filius
1940 454 2057 498 dice-

101 529 235 567 retur.
253 521 544 566 Manifestum
563 532 630 566 est
641 522 764 566 enim
790 523 911 580 quod
938 522 1142 566 Verbum
1159 522 1246 566 Dei
1263 522 1514 567 secundum
1530 522 1622 565 hoc
1647 520 1785 565 habet
1802 534 2048 578 personam

101 587 373 645 distinctam,
391 589 511 647 quod
539 597 606 632 est
626 587 764 632 Filius
786 588 874 631 Dei
890 588 1048 632 Patris.
1074 588 1122 631 Si
1148 588 1285 647 igitur
1301 587 1552 632 secundum
1570 587 1821 632 humanam
1839 595 2049 631 naturam

103 653 292 714 Spiritus
313 654 468 699 Sancti
484 647 600 698 filius
623 653 860 706 diceretur,
887 652 1068 697 daretur
1093 654 1283 713 intelligi
1305 654 1426 713 quod
1447 654 1654 698 Christus
1687 663 1805 698 esset
1830 654 1921 697 duo
1948 652 2052 707 filii;

102 734 211 764 nam
236 720 438 765 Verbum
466 721 552 764 Dei
581 720 771 779 Spiritus
799 720 955 763 Sancti
987 719 1104 764 filius
1131 735 1228 765 esse
1261 735 1354 764 non
1387 731 1559 779 potest3
1593 730 1636 765 et
1667 720 1746 776 sic,
1779 733 1922 779 quum
1946 719 2055 764 filia-

100 786 237 832 tionis
262 801 433 832 nomen
466 787 523 831 ad
554 801 796 846 personam
828 789 1062 846 pertineat,
1094 801 1188 831 non
1221 788 1276 831 ad
1309 798 1532 842 naturam,
1559 797 1821 846 sequeretur
1852 786 1975 846 quod
2006 785 2054 830 in

102 855 289 901 Christo
314 865 464 900 essent
489 855 604 899 duae
631 868 878 914 personae3
905 854 1027 913 quod
1061 865 1127 898 est
1155 868 1180 898 a
1205 853 1292 899 fide
1325 853 1553 899 catholica
1585 853 1799 899 alienum.
1832 853 2055 897 Inconve-

99 921 228 966 niens
255 921 378 966 enim
405 932 523 967 esset
547 932 596 966 ut
617 921 860 965 auctoritas
886 920 1031 964 Patris
1055 930 1099 965 et
1123 934 1294 964 nomen
1322 921 1378 964 ad
1403 934 1648 980 personam
1675 919 1812 964 aliam
1843 918 2054 964 transfer-

62 1001 67 1007 ·
100 997 246 1043 retur;
268 988 391 1048 quod
424 988 722 1048 contingeret,
748 988 785 1033 si
811 987 1004 1047 Spiritus
1031 987 1226 1065 Sanctus
1253 997 1380 1046 pater
1408 987 1579 1032 Christi
1605 987 1839 1031 diceretur.

805 1142 1058 1199 CAPUT
1091 1142 1350 1198 XLVIII.

286 1277 445 1324 QUOD
478 1277 592 1318 NON
625 1277 727 1316 EST
767 1278 1090 1318 DICENDUM:
1128 1277 1395 1317 CHRISTUS
1427 1277 1528 1316 EST
1562 1276 1867 1316 CREATURA.

189 1385 391 1431 Ulterius
423 1386 561 1431 etiam
592 1385 884 1431 manifestum
917 1396 985 1431 est
1015 1386 1153 1445 quod,
1179 1385 1387 1445 quamvis
1411 1385 1614 1430 humana
1644 1395 1805 1431 natura
1837 1399 1863 1429 a
1898 1383 2054 1429 Verbo

101 1462 334 1512 assumpta
364 1454 422 1498 sit
453 1452 605 1512 aliqua
637 1461 856 1508 creatura,
882 1467 975 1498 non
1006 1463 1161 1498 tamen
1193 1462 1344 1512 potest
1374 1451 1639 1511 simpliciter
1670 1450 1893 1497 enuntiari
1924 1450 2055 1495 Chri-

99 1529 221 1564 stum
246 1532 346 1564 esse
372 1529 641 1564 creaturam.

191 1586 349 1631 Creari
379 1586 502 1630 enim
533 1595 602 1630 est
634 1585 732 1630 fieri
764 1586 1007 1645 quoddam.
1043 1586 1204 1638 Quum
1236 1595 1390 1630 autem
1422 1584 1519 1629 fieri
1558 1585 1826 1629 terminetur
1861 1584 1918 1628 ad
1950 1597 2050 1628 esse

100 1651 379 1711 simpliciter,
411 1653 507 1710 ejus
540 1661 606 1697 est
637 1652 733 1697 fieri
759 1653 882 1712 quod
907 1653 1044 1697 habet
1070 1668 1169 1698 esse
1195 1653 1457 1706 subsistens,
1480 1662 1523 1696 et
1547 1652 1813 1710 hujusmodi
1845 1660 1911 1696 est
1941 1651 2054 1695 indi·

99 1718 287 1763 viduum
330 1719 611 1777 completum
643 1720 690 1762 in
722 1713 1218 1778 genere'substantiae;
1266 1719 1389 1778 quod
1436 1718 1618 1778 quidem
1650 1719 1697 1762 in
1728 1728 1890 1762 natura
1929 1717 2055 1762 intel-

101 1784 285 1830 lectuali
317 1785 481 1830 dicitur
505 1799 701 1844 persona
725 1795 803 1830 aut
823 1788 962 1830 etiam
987 1786 1260 1845 hypostasis.
1284 1785 1479 1830 Formae
1505 1799 1615 1830 vero
1642 1794 1688 1829 et
1714 1784 1979 1839 accidentia,
2006 1794 2050 1829 et

102 1851 241 1897 etiam
272 1861 421 1910 partes
452 1865 547 1896 non
580 1852 789 1896 dicuntur
820 1852 918 1896 fieri
947 1852 1034 1896 nisi
1066 1853 1317 1897 secundum
1344 1852 1465 1911 quid,
1492 1866 1633 1911 quum
1660 1861 1704 1895 et
1729 1865 1828 1896 esse
1853 1865 1947 1895 non
1978 1852 2054 1895 ha-

99 1918 237 1963 beant
258 1918 307 1962 in
331 1932 381 1963 se
406 1918 666 1972 subsistens,
698 1919 777 1963 sed
802 1918 1046 1963 subsistant
1075 1919 1121 1962 in
1156 1918 1272 1973 alio;
1304 1918 1438 1972 unde,
1471 1932 1611 1977 quum
1639 1917 1801 1977 aliquis
1831 1918 1881 1962 fit
1913 1917 2055 1971 albus,

101 1999 197 2030 non
222 1985 388 2030 dicitur
415 1985 514 2029 fieri
539 1985 819 2044 simpliciter,
846 1985 923 2030 sed
957 1986 1211 2030 secundum
1238 1985 1358 2044 quid.
1386 1986 1438 2028 In
1473 1985 1656 2029 Christo
1685 1994 1837 2030 autem
1861 1999 1957 2030 non
1990 1994 2057 2029 est

103 2050 192 2095 alia
222 2051 481 2110 hypostasis
511 2051 586 2096 vel
611 2065 804 2111 persona
835 2052 922 2095 nisi
946 2051 1086 2096 Verbi
1115 2052 1219 2105 Dei,
1251 2066 1368 2111 quae
1406 2061 1473 2096 est
1512 2052 1730 2105 increata,
1767 2061 1816 2096 ut
1847 2065 1901 2096 ex
1932 2065 2056 2110 prae-

102 2117 252 2163 missis
274 2117 565 2162 manifestum
590 2128 670 2162 est.
696 2118 804 2163 Non
820 2118 958 2176 igitur
983 2117 1248 2178 simpliciter
1273 2127 1423 2178 potest
1446 2118 1669 2162 enuntiari
1694 2118 1817 2177 quod
1844 2117 2054 2162 Christus

102 2184 161 2229 sit
195 2194 415 2238 creatura,
447 2183 556 2228 licet
590 2199 695 2229 cum
732 2184 963 2228 additione
995 2185 1138 2243 possit
1170 2185 1261 2229 hoc
1298 2185 1403 2239 dici,
1449 2194 1498 2228 ut
1538 2185 1713 2229 dicatur
1744 2194 1951 2231 creatura
1982 2197 2051 2229 se-

105 2250 307 2295 cundum
338 2250 459 2310 quod
491 2250 651 2304 homo,
681 2250 755 2295 vel
798 2251 1046 2295 secundum
1089 2251 1341 2295 humanam
1372 2261 1595 2295 naturam.
1634 2251 1763 2295 Licet
1804 2261 1955 2296 autem
1999 2250 2054 2295 de

102 2316 327 2375 subiecto,
353 2316 475 2376 quod
493 2326 560 2361 est
583 2317 867 2361 individuum
891 2317 938 2361 in
965 2331 1132 2375 genere
1158 2317 1447 2364 substantiae.
1473 2332 1566 2362 non
1592 2317 1861 2375 simpliciter
1883 2318 2057 2362 dicatur

102 2382 200 2428 fieri
231 2383 352 2442 quod
386 2391 454 2428 est
483 2383 718 2442 proprium
751 2384 860 2441 ejus,
892 2391 1075 2443 propter
1106 2384 1357 2429 accidentia
1389 2383 1463 2428 vel
1494 2393 1656 2442 partes,
1689 2384 1766 2428 sed
1807 2384 1958 2429 solum
1985 2398 2051 2428 se-

105 2449 303 2495 cundum
328 2449 630 2509 quid3tamen
655 2450 924 2508 simpliciter
948 2450 1263 2508 praedicantur
1289 2450 1344 2495 de
1371 2451 1576 2508 subjecto
1603 2465 1919 2510 quaecumque
1948 2464 2053 2495 con-

103 2524 349 2575 sequuntur
372 2515 634 2560 naturaliter
659 2516 715 2560 ad
742 2516 1007 2570 accidentia,
1033 2515 1107 2560 vel
1134 2517 1189 2560 ad
1216 2527 1366 2575 partes
1393 2517 1645 2561 secundum
1670 2517 1902 2576 propriam
1923 2517 2056 2561 ratio-

103 2595 235 2636 nem;
266 2581 429 2626 dicitur
453 2582 575 2626 enim
607 2582 872 2641 simpliciter
902 2583 1048 2627 homo
1084 2597 1182 2628 esse
1213 2583 1386 2637 videns,
1413 2584 1518 2642 quia
1550 2583 1642 2628 hoc
1677 2585 1970 2643 consequitur
1996 2584 2051 2627 ad

103 2648 307 2702 oculum,
340 2658 385 2693 et
416 2649 587 2707 crispus
617 2659 801 2708 propter
833 2649 1038 2708 capillos,
1070 2660 1115 2693 et
1143 2649 1331 2699 visibilis
1352 2660 1536 2709 propter
1569 2650 1788 2695 colorem.
1817 2651 1892 2694 Sic
1917 2650 2055 2709 igitur

105 2725 150 2760 et
170 2729 224 2759 ea
250 2728 366 2774 quae
389 2725 727 2774 consequuntur
752 2717 932 2775 proprie
958 2716 1013 2759 ad
1046 2716 1299 2761 humanam
1330 2725 1540 2760 naturam
1573 2716 1838 2774 simpliciter
1862 2726 2054 2776 possunt

104 2782 328 2826 enuntiari
355 2782 410 2825 de
437 2781 639 2835 Christo,
671 2782 789 2826 sicut
820 2782 942 2840 quod
974 2792 1041 2826 est
1065 2782 1224 2835 homo,
1257 2782 1380 2841 quod
1413 2793 1480 2827 est
1511 2782 1714 2836 visibilis,
1747 2783 1869 2842 quod
1901 2783 2056 2827 ambu-

103 2847 227 2902 lavit,
253 2858 298 2892 et
323 2848 478 2892 omnia
509 2848 794 2906 hujusmodi;
827 2848 949 2907 quod
982 2858 1135 2893 autem
1167 2859 1235 2893 est
1265 2863 1487 2908 personae
1519 2849 1750 2908 proprium
1784 2850 1840 2894 de
1868 2849 2053 2894 Christo

102 2924 198 2959 non
225 2915 483 2960 enuntiatur
509 2915 685 2960 ratione
711 2915 940 2960 humanae
958 2926 1161 2970 naturae,
1178 2916 1265 2960 nisi
1292 2930 1398 2960 cum
1425 2915 1575 2975 aliqua
1597 2916 1826 2961 additione
1844 2930 2052 2976 expressa

105 2979 178 3025 vel
206 2980 532 3026 subintellecta.

826 3138 1080 3195 CAPUT
1121 3138 1323 3196 XLIX.

107 3268 344 3311 sommo
377 3270 667 3313 RAT10NUM
694 3248 917 3314 co'NTRA
948 3274 1405 3316 INCARNATIONEM
1433 3274 1687 3316 SUPERIUS
1715 3274 2049 3317 POSITARUM.

106 3446 128 3491 f
181 3380 278 3491 {iis
303 3381 438 3491 ilgitur
461 3382 640 3437 habitis,
672 3396 726 3428 ea
751 3398 868 3443 quae
899 3395 1058 3430 contra
1088 3387 1412 3432 incarnationis
1445 3387 1582 3433 fidem
1614 3402 1749 3448 supra
1774 3389 1923 3449 posita
1943 3399 2048 3436 sunt

123 3460 194 3492 aci
214 3461 239 3492 e
264 3461 317 3492 so
338 3458 514 3493 vuntur.

195 3512 445 3559 Ostensum
478 3524 547 3559 est
561 3515 685 3560 enim
700 3516 1061 3564 incarnationem
1083 3518 1223 3565 Verbi
1238 3534 1332 3565 non
1354 3521 1418 3566 sic
1442 3535 1540 3567 esse
1560 3521 1904 3582 intelligendam
1928 3523 2051 3584 quod

103 3577 306 3625 Verbum
327 3579 384 3626 sit
403 3580 450 3625 in
473 3594 658 3627 carnem
675 3594 963 3640 conversum,
982 3595 1058 3630 aut
1078 3585 1135 3631 sit
1161 3587 1344 3647 corpori
1370 3587 1547 3633 unitum
1564 3596 1613 3633 ut
1624 3586 1798 3644 forma;
1820 3589 1939 3634 unde
1957 3602 2052 3635 non
