2332 3854
308 178 412 229 622
938 189 1092 228 LIBER
1130 188 1203 227 1v.
1245 188 1366 227 CAP.
1408 189 1614 228 xxxvn.

394 295 659 339 Praeterea:
687 295 725 339 si
750 293 954 339 Verbum
979 294 1158 338 unitum
1186 303 1252 339 est
1278 293 1458 338 animae
1487 304 1532 339 et
1557 294 1740 353 corpori
1765 295 2118 352 accidentaliter,
2147 290 2267 343 sicut

305 361 592 417 indumento,
618 372 778 406 natura
803 361 1006 404 humana
1032 373 1127 403 non
1152 359 1235 404 fuit
1255 369 1416 404 natura
1441 360 1595 405 Verbi.
1621 360 1826 406 Verbum
1849 362 1989 420 igitur
2013 373 2119 423 post
2137 363 2265 408 unio·

306 442 414 472 nem
447 442 541 472 non
572 428 656 472 fuit
687 428 933 472 subsistens
965 426 1012 469 in
1045 426 1217 471 duabus
1247 429 1435 480 naturiS,
1467 427 1582 472 sicut
1613 441 1761 487 neque
1792 428 1939 473 homo
1976 430 2158 475 indutus
2190 430 2262 474 di-

308 496 420 540 citur
451 497 497 539 in
525 495 696 539 duabus
722 493 892 537 naturis
919 492 1184 547 subsistere3
1211 493 1334 552 quod
1367 493 1472 552 quia
1505 493 1735 553 Eutyches
1766 494 1889 549 dixit,
1921 495 1968 539 in
1997 495 2263 541 Chalcedo-

305 562 437 607 nensi
463 561 640 620 synodo
669 569 735 604 est
761 560 1015 603 damnatus.
2132 582 2135 583 ν

396 629 541 671 Item:
567 627 819 670 indumenti
846 626 997 684 passio
1023 639 1118 670 non
1143 625 1332 670 refertur
1350 627 1406 671 ad
1425 626 1657 681 indutum;
1683 641 1777 671 non
1796 628 1919 672 enim
1940 628 2104 673 dicitur
2116 592 2263 675 homo

306 695 435 738 nasci
467 694 647 752 quando
679 693 892 747 induitur,
918 707 1066 752 neque
1097 693 1326 737 vulnerari
1356 695 1394 738 si
1424 693 1747 738 vestimentum
1780 693 2016 740 laceretur.
2050 695 2101 740 Si
2130 695 2267 755 igitur

306 761 510 804 Verbum
538 760 781 818 assumpsit
806 759 1009 803 animam
1036 769 1082 804 et
1107 773 1272 819 corpus
1298 760 1415 804 sicut
1438 760 1584 804 homo
1610 760 1944 816 indumentum,
1975 776 2070 806 non
2101 763 2269 821 poterit

306 827 394 871 dici
422 827 544 885 quod
570 827 696 870 Deus
723 827 780 870 sit
810 836 942 870 natus
966 836 1043 870 aut
1068 841 1227 885 passus
1254 836 1435 886 propter
1458 840 1625 884 corpus
1653 837 1951 886 assumptum.
2230 863 2231 866 ,

394 893 580 937 Adhuc:
609 893 647 937 si
672 893 876 937 Verbum
900 893 1144 951 assumpsit
1168 893 1421 937 humanam
1446 904 1657 936 naturam
1683 893 1835 938 solum
1866 904 1917 939 ut
1945 893 2266 940 indumentum

305 975 396 1019 quo
429 970 584 1019 posset
617 960 862 1003 hominum
898 959 1044 1004 oculis
1081 973 1313 1018 apparere,
1346 959 1511 1004 frustra
1548 960 1753 1004 animam
1787 961 2119 1019 assumpsisset,
2151 975 2267 1021 quae

305 1027 557 1072 secundum
583 1041 714 1071 suam
746 1036 955 1070 naturam
983 1026 1220 1071 invisibilis
1247 1037 1328 1070 est.

393 1093 624 1152 Amplius:
649 1093 901 1138 secundum
922 1094 1013 1138 hoc
1034 1107 1129 1137 non
1152 1092 1281 1137 aliter
1304 1093 1621 1151 assumpsisset
1641 1092 1779 1137 Filius
1803 1106 1987 1139 carnem
2009 1094 2262 1141 humanam

303 1175 442 1220 quam
470 1160 662 1219 Spiritus
690 1160 884 1205 Sanctus
911 1159 1153 1204 columbae
1180 1160 1381 1218 speciem
1408 1160 1455 1202 in
1482 1174 1571 1218 qua
1598 1160 1828 1219 apparuit3
1856 1161 1980 1220 quod
2013 1170 2138 1221 pate't
2168 1175 2267 1206 esse

301 1227 494 1282 falsum3
520 1241 627 1271 nam
648 1227 838 1286 Spiritus
863 1227 1058 1271 Sanctus
1079 1241 1173 1271 non
1199 1226 1362 1270 dicitur
1386 1225 1531 1270 factus
1549 1225 1778 1281 columba,
1795 1240 1944 1286 neque
1962 1227 2113 1272 minor
2133 1228 2268 1273 Patre

301 1294 554 1339 secundum
581 1304 792 1338 naturam
819 1302 1114 1353 assumptam.
2322 1293 2332 1336 ἑ

392 1362 532 1405 Item:
561 1361 599 1404 si
624 1361 724 1419 quis
757 1359 998 1418 diligenter
1031 1359 1301 1413 consideret,
1325 1360 1380 1403 ad
1402 1359 1522 1403 hanc
1545 1359 1823 1418 positionem
1863 1359 2144 1405 diversarum
2164 1361 2269 1406 hae-

302 1429 471 1473 resium
498 1427 869 1472 inconvenientia
899 1437 1161 1486 sequuntur.
1185 1427 1252 1471 Ex
1278 1441 1334 1470 eo
1358 1426 1483 1470 enim
1508 1426 1631 1485 quod
1658 1427 1766 1471 dicit
1786 1422 1952 1471 Filiu'm
1978 1427 2069 1472 Dei
2089 1427 2268 1473 unitum

302 1496 482 1539 animae
509 1505 553 1538 et
579 1494 705 1538 carni
737 1493 1010 1539 accidentali
1032 1494 1188 1548 modo,
1211 1493 1329 1538 sicut
1353 1493 1593 1537 hominem
1619 1494 1909 1548 vestimento,
1936 1494 2154 1540 convenit
2174 1495 2268 1554 opi·
2316 1497 2332 1549 ἶ

301 1562 430 1606 nioni
460 1561 674 1615 Nestorii,
711 1562 787 1620 qui
826 1561 1079 1605 secundum
1111 1560 1495 1604 inhabitationem
1537 1560 1678 1604 Verbi
1717 1560 1808 1604 Dei
1847 1559 1967 1605 hanc
1997 1561 2045 1606 in
2076 1561 2268 1606 homine
2322 1523 2332 1628 ἒ

303 1629 525 1673 unionem
558 1642 655 1672 esse
681 1627 851 1672 factam
878 1627 1092 1682 asseruit;
1125 1641 1219 1671 non
1253 1627 1377 1671 enim
1418 1627 1571 1670 Deum
1598 1640 1696 1670 esse
1721 1627 1932 1672 indutum
1962 1635 2114 1688 potest
2134 1627 2267 1673 intel-
2323 1628 2332 1658 ⁴

303 1696 382 1754 ligi
409 1710 489 1754 per
513 1705 688 1739 tactum
716 1708 1004 1753 corporeum,
1036 1694 1114 1738 sed
1148 1693 1301 1738 solum
1332 1707 1412 1751 per
1453 1694 1648 1750 gratiam
1679 1693 2027 1739 inhabitantem.
2061 1694 2136 1739 Ex
2172 1694 2266 1739 hoc
2317 1654 2332 1790 1

304 1762 443 1806 etiam
474 1762 596 1821 quod
623 1762 733 1805 dixit
759 1760 1088 1806 accidentalem
1120 1761 1339 1804 unionem
1366 1759 1506 1803 Verbi
1529 1759 1583 1803 ad
1606 1761 1809 1804 animam
1836 1770 1882 1805 et
1903 1774 2090 1806 carnem
2110 1761 2269 1806 huma·
2323 1793 2332 1824 4

303 1843 428 1882 nam,
461 1829 662 1888 sequitur
684 1828 806 1886 quod
828 1827 1033 1871 Verbum
1060 1837 1163 1886 post
1184 1827 1405 1871 unionem
1429 1840 1525 1870 non
1549 1825 1634 1870 fuit
1658 1827 1906 1872 subsistens
1927 1828 1974 1872 in
1996 1828 2171 1876 duabus
2192 1843 2267 1873 na·
2323 1827 2332 1856 ³⁴³

303 1896 428 1949 turis,
462 1896 583 1954 quod
615 1895 845 1954 Eutyches
878 1894 1009 1948 dixit3
1035 1893 1152 1938 nihil
1183 1894 1306 1938 enim
1338 1894 1537 1937 subsistit
1571 1893 1617 1936 in
1651 1907 1706 1937 eo
1743 1893 1866 1952 quod
1897 1894 1992 1946 sibi·
2015 1889 2269 1940 accidenta·
2320 1859 2332 1956 J

303 1963 405 2007 liter
431 1963 594 2007 unitur.
628 1964 695 2007 Ex
729 1976 784 2007 eo
811 1976 920 2006 vero
955 1961 1077 2020 quod
1106 1961 1215 2005 dicit
1240 1961 1444 2004 animam
1478 1969 1522 2004 et
1549 1974 1735 2004 carnem
1760 1974 1854 2004 non
1877 1958 2073 2015 uniri¹¹ad
2095 1961 2267 2021 aliquid
2319 1967 2331 2022 ζ

304 2029 688 2083 constituendum,
716 2029 931 2073 convenit
955 2028 1121 2087 partim
1154 2027 1341 2086 quidem
1373 2041 1476 2070 cum
1506 2026 1620 2071 Ario
1647 2036 1692 2070 et
1713 2026 1986 2086 Apollinari,
2008 2027 2085 2086 qui
2109 2041 2270 2087 posue·
2317 2039 2323 2083 j

303 2107 408 2141 runt
433 2111 598 2156 corpus
632 2096 805 2141 Christi
828 2110 923 2139 non
951 2097 1204 2138 animatum
1233 2094 1385 2138 anima
1426 2092 1652 2147 rationali,
1695 2107 1743 2137 er
1775 2094 1939 2152 partim
1980 2106 2087 2138 cum
2126 2094 2270 2139 Mani·
2322 2099 2328 2110 “·

304 2164 465 2217 chaeo,
493 2164 570 2222 qui
594 2163 746 2222 posuit
775 2162 1011 2207 Christum
1037 2175 1132 2206 non
1158 2175 1318 2205 verum
1344 2160 1599 2214 hominem,
1626 2159 1705 2204 sed
1731 2160 2069 2218 phantasticum
2104 2160 2269 2216 fuisse3-
2295 2204 2298 2210 ‚

302 2231 341 2275 si
367 2231 491 2275 enim
518 2230 671 2273 anima
696 2244 791 2273 non
818 2239 886 2273 est
909 2229 1035 2272 unita
1059 2228 1185 2272 carni
1211 2227 1267 2271 ad
1300 2226 1489 2285 alicujus
1515 2227 1907 2284 constitutionem,
1929 2227 2270 2287 phantasticum·
2304 2226 2307 2228 ’

303 2307 398 2342 erat
428 2297 550 2356 quod
575 2296 847 2341 videbatur
836 2310 882 2339 m
911 2295 1098 2340 Christo
1132 2293 1340 2338 similiter
1367 2292 1465 2337 aliis
1496 2293 1763 2337 hominibus
1795 2307 1851 2338 ex
1881 2295 2052 2339 unione
2083 2294 2267 2340 animae
2314 2296 2318 2297 ⁷

303 2375 348 2409 et
373 2365 579 2423 corporis
611 2363 879 2408 constitutis.
2303 2360 2318 2419 j

394 2431 597 2489 Sumpsit
613 2440 766 2473 autem
787 2429 901 2473 haec
920 2429 1086 2488 positio
1106 2428 1400 2472 occasionem
1419 2441 1472 2471 ex
1488 2428 1628 2472 verbo
1650 2426 1867 2486 Apostoli
1887 2427 2104 2488 (Philipp.
2126 2426 2184 2473 11.
2202 2429 2269 2488 7.)

302 2498 516 2543 dicentis:
554 2499 720 2542 Habitu
751 2499 940 2541 inventus
960 2503 1010 2540 ut
1035 2497 1169 2540 homo.
1210 2495 1318 2539 Non
1361 2494 1484 2538 enim
1524 2494 1845 2539 intellexerunt
1881 2494 1973 2539 hoc
2014 2490 2269 2541 secundum
2311 2497 2314 2502 ”

303 2565 624 2623 metaphoram
650 2564 760 2607 dici:
785 2578 903 2622 quae
930 2573 1084 2607 autem
1111 2561 1424 2621 metaphorice
1450 2562 1660 2605 dicuntur
1684 2575 1779 2606 non
1805 2570 1987 2620 oportet
2008 2556 2264 2607 seeundum
2296 2571 2307 2624 j

304 2633 461 2677 omnia
491 2631 659 2675 similia
684 2644 797 2675 esse.
830 2630 979 2674 Habet
1002 2630 1140 2688 igitur
1170 2638 1332 2673 natura
1357 2628 1826 2686 humanaassumpta
1861 2628 2111 2688 quamdam
2136 2628 2270 2674 indu-²
2299 2659 2301 2661 -

304 2699 447 2743 menti
477 2697 838 2750 similitudinem,
864 2697 910 2740 in
937 2706 1158 2755 quantum
1190 2695 1394 2739 Verbum
1421 2709 1501 2753 per
1537 2709 1722 2739 carnem
1754 2694 1982 2740 visibilem
2013 2694 2267 2750 videbatur,
2294 2691 2310 2738 ,ἶ

304 2766 422 2812 sicut
442 2766 587 2810 homo
609 2764 787 2809 videtur
812 2778 892 2823 per
917 2764 1262 2815 indumentum;
1282 2776 1376 2806 non
1399 2771 1549 2806 autem
1574 2770 1794 2821 quantum
1818 2761 1874 2806 ad
1894 2761 1986 2818 hoc
2006 2761 2132 2822 quod
2154 2757 2270 2808 unio*
2289 2765 2296 2809 'j

304 2834 431 2878 verbi
463 2833 519 2877 ad
544 2833 798 2877 humanam
831 2840 1042 2875 naturam
1066 2830 1114 2874 in
1147 2828 1333 2874 Christo
1365 2828 1501 2873 fuerit
1530 2829 1672 2874 modo
1700 2827 1983 2874 accidentali.

974 2985 1238 3052 ,CAPUT
1278 2984 1601 3041 XXXVIII.

308 3118 533 3159 CONTRA
571 3117 675 3157 Eos
717 3116 814 3164 Qm
846 3115 1074 3155 porrum·
1106 3114 1250 3153 Duas
1284 3112 1632 3151 HYPOSTASES
1673 3112 1777 3151 vm.
1809 3111 1929 3152 Duo
1963 3101 2314 3176 s1.¹1›1›os1·rssa;¹

900 3191 956 3230 m
995 3189 1109 3228 UNA
1149 3188 1389 3227 PERSONA
1430 3186 1666 3227 cnmsrr.
1904 3182 1906 3185 ’

395 3302 525 3346 Hanc
550 3301 687 3360 igitur
713 3300 989 3360 positionem
1011 3308 1195 3359 propter
1215 3297 1444 3375 praedicta
1467 3297 1786 3342 convenientia
1801 3295 1885 3341 alii
1902 3295 2064 3355 (hujus
2094 3294 2284 3341 erroris

306 3369 516 3413 meminit
532 3368 711 3427 magist.
729 3367 863 3412 tertio
888 3367 1013 3411 Sent.
1031 3366 1130 3410 dist.
1150 3364 1191 3410 6.
1217 3364 1514 3409 innominatis
1541 3363 1737 3421 auctor.)
1763 3362 1957 3422 quidem
1972 3361 2172 3407 vitantes
2177 3367 2317 3423 purg

307 3445 493 3480 suerunt
519 3450 574 3479 ex
600 3435 753 3479 anima
779 3444 823 3479 et
850 3447 984 3478 carne
1016 3434 1063 3477 in
1089 3433 1296 3478 Domino
1323 3431 1429 3490 Jesu
1456 3431 1644 3476 Christo
1670 3443 1810 3475 unam
1835 3429 2133 3475 subatantiam
2153 3435 2308 3475 emi.

308 3505 511 3548 stitutam
539 3516 697 3557 esse,s
678 3501 854 3547 scilicet
878 3501 1117 3546 hominem
1144 3498 1391 3559 quemdam
1423 3498 1629 3557 ejusdem
1661 3497 1830 3558 speciei
1854 3495 1955 3543 aliis
1973 3489 2325 3559 homsmbnffssw'

310 3583 446 3628 quem
473 3569 656 3628 quidem
684 3568 922 3614 hominem
948 3568 1126 3613 unitum
1153 3567 1308 3612 dicunt
1337 3565 1494 3611 Verbo
1525 3565 1628 3620 Dei,
1664 3579 1757 3610 non
1798 3558 2001 3626 quidem
2012 3562 2062 3608 in
2080 3554 2303 3618 namt&
