2332 3854
862 189 1017 231 LIBER
1054 188 1110 229 11.
1151 189 1272 230 cap,
1312 186 1480 229 xcvn.
1859 202 1864 207 ·
2039 186 2145 243 279

196 304 438 341 moventur
462 305 541 354 per
566 306 629 348 se,
655 292 760 353 quia
785 307 879 339 non
896 302 1000 339 sunt
1022 306 1237 353 corpora3
1262 305 1412 351 neque
1437 298 1681 335 moventur
1697 302 1776 349 per
1794 287 2020 344 accidens,
2042 288 2148 349 quia

196 375 291 407 non
316 370 420 406 sunt
443 360 595 405 unitae
621 360 901 420 corporibus.
926 361 1069 420 Igitur
1095 360 1300 421 operatio
1324 357 1522 419 propria,
1553 370 1668 417 quae
1696 366 1765 403 est
1787 355 2058 416 intelligere,
2081 366 2149 402 est

194 427 243 474 in
267 427 331 473 eis
358 427 573 473 continua
596 435 640 472 et
663 439 757 471 non
779 427 1006 472 intercisa.

890 642 1144 699 CAPUT
1185 627 1446 698 XCVIII.

311 788 598 836 QUOMODO
639 787 752 828 UNA
786 786 1127 826 SUBSTANTIA
1167 783 1445 824 SEPARATA
1484 780 1803 823 INTELLIGIT
1842 779 2029 819 ALIAM.

797 895 855 953 (I.
882 902 1006 955 part.
1033 901 1182 954 quaest.
1210 895 1328 941 LVI.
1361 900 1443 940 art.
1475 894 1552 951 2.).

282 1023 333 1068 Si
359 1033 511 1068 autem
538 1022 814 1068 substantiae
837 1031 1071 1082 separatae
1097 1021 1355 1080 intelligunt
1382 1034 1436 1065 ea
1462 1033 1578 1079 quae
1615 1028 1720 1064 sunt
1750 1031 1830 1078 per
1861 1030 1909 1062 se
1940 1014 2149 1075 intelligi-

81 1096 87 1103 “
135 1127 137 1129 .
190 1089 315 1146 bilia,
339 1100 390 1135 ut
414 1091 476 1148 (c.
502 1088 595 1150 96)
624 1100 691 1134 est
712 1099 962 1144 ostensum,
984 1104 1063 1148 per
1083 1103 1133 1134 se
1156 1099 1308 1133 autem
1334 1085 1635 1146 intelligibilia
1657 1094 1762 1130 sunt
1782 1083 2059 1130 substantiae
2086 1096 2151 1128 se·

191 1166 399 1216 paratae;
424 1157 691 1201 immunitas
717 1157 839 1201 enim
867 1171 893 1200 a
920 1156 1110 1201 materia
1134 1155 1243 1200 facit
1268 1154 1436 1215 aliquid
1470 1167 1568 1198 esse
1595 1166 1674 1212 per
1699 1166 1747 1197 se
1772 1149 2072 1210 intelligibile,
2099 1159 2148 1195 ut

190 1237 246 1269 ex
267 1224 572 1285 superioribus
599 1224 719 1283 (Lib.
747 1224 779 1268 Ι.
805 1238 842 1268 c.
869 1236 941 1279 44.
970 1234 1013 1268 et
1040 1223 1132 1281 75)
1158 1232 1295 1283 patet,
1328 1221 1528 1280 sequitur
1559 1220 1682 1279 quod
1715 1218 1993 1264 substantiae
2025 1231 2150 1277 sepa

189 1301 313 1336 ratae
338 1290 608 1350 intelligant,
635 1291 753 1335 sicut
783 1291 965 1350 propria
1007 1291 1200 1348 obJecta,
1236 1289 1508 1333 substantias
1545 1296 1790 1347 separatas.
1833 1285 2149 1344 Unaquaeque

187 1357 326 1417 igitur
351 1367 396 1403 et
425 1358 622 1417 seipsam
655 1368 700 1402 et
736 1357 847 1402 alias
885 1367 1151 1416 cognoscet.
1189 1356 1399 1415 Seipsam
1441 1355 1624 1414 quidem
1665 1366 1964 1412 unaquaeque
1991 1365 2148 1396 earum

190 1424 318 1470 aliter
344 1425 583 1484 cognoscit
609 1439 748 1484 quam
774 1423 1030 1469 intellectus
1056 1423 1284 1483 possibilis
1318 1422 1532 1481 seipsum.
1559 1420 1822 1466 Intellectus
1855 1419 1980 1464 enim
2005 1418 2146 1478 possi-

188 1491 291 1537 bilis
317 1502 385 1537 est
411 1502 458 1536 ut
484 1491 685 1551 potentia
714 1491 930 1535 exsistens
955 1493 1000 1534 in
1028 1504 1126 1535 esse
1152 1488 1448 1548 intelligibili;
1475 1487 1524 1532 fit
1550 1498 1702 1532 autem
1730 1496 1831 1531 actu
1850 1500 1929 1544 per
1944 1486 2148 1545 speciem

188 1557 538 1618 intelligibilem,
564 1558 681 1603 sicut
705 1560 895 1602 materia
921 1558 1068 1616 prima
1094 1556 1143 1601 fit
1169 1565 1272 1600 actu
1297 1556 1345 1599 in
1378 1569 1476 1599 esse
1509 1553 1710 1599 sensibili
1735 1567 1816 1613 per
1847 1552 2047 1598 formam
2073 1566 2150 1595 na-

189 1626 400 1670 turalem.
425 1624 553 1669 Nihil
580 1634 732 1668 autem
759 1626 1053 1683 cognoscitur
1079 1623 1332 1668 secundum
1359 1621 1482 1681 quod
1515 1631 1582 1665 est
1613 1620 1817 1680 potentia
1847 1629 2045 1674 tantum,
2070 1618 2150 1663 sed

189 1691 441 1738 secundum
468 1691 590 1751 quod
617 1700 686 1735 est
708 1701 835 1745 actu;
862 1691 981 1734 unde
1004 1700 1048 1734 et
1073 1689 1222 1734 forma
1245 1698 1312 1733 est
1333 1688 1607 1748 principium
1630 1686 1906 1746 cognitionis
1932 1686 2011 1741 rei,
2033 1699 2150 1744 quae

186 1772 268 1819 per
288 1772 392 1804 eam
418 1758 468 1803 fit
493 1768 621 1813 actu;
654 1757 862 1802 similiter
889 1768 1042 1801 autem
1069 1756 1273 1816 potentia
1301 1755 1617 1814 cognoscitiva
1643 1754 1692 1799 fit
1724 1763 1828 1798 actu
1861 1766 2149 1812 cognoscens

187 1841 269 1886 per
284 1828 486 1886 speciem
504 1825 718 1884 aliquam.
738 1823 998 1869 Intellectus
1010 1824 1148 1882 igitur
1165 1822 1390 1882 possibilis
1408 1832 1564 1866 noster
1581 1835 1675 1866 non
1693 1820 1934 1880 cognoscit
1950 1819 2150 1879 seipsum

188 1892 276 1938 nisi
299 1907 380 1952 per
404 1893 606 1952 speciem
637 1890 985 1951 intelligibilem,
1020 1905 1110 1950 qua
1141 1890 1192 1934 fit
1224 1899 1327 1934 actu
1358 1890 1407 1933 in
1439 1903 1537 1933 esse
1569 1886 1857 1947 intelligibili.
1884 1887 1941 1931 Et
1966 1896 2151 1946 propter

187 1960 279 2005 hoc
307 1960 417 2005 dicit
441 1959 711 2005 Aristoteles
732 1959 780 2003 in
804 1958 938 2003 tertio
954 1959 1026 2002 De
1049 1958 1202 2002 anima
1221 1958 1271 2014 (t.
1291 1971 1329 2001 c.
1358 1955 1446 2014 15.)
1465 1955 1587 2015 quod
1606 1965 1674 2000 est
1691 1953 2018 2014 cognoscibilis
2035 1954 2152 1998 sicut

189 2037 235 2072 et
260 2025 363 2080 alia,
389 2025 564 2071 scilicet
585 2040 664 2084 per
690 2026 866 2085 species
893 2039 919 2069 a
944 2024 1335 2084 phantasmatibus
1362 2033 1573 2082 acceptas
1600 2023 1716 2067 SIcut
1742 2036 1822 2082 per
1846 2021 2019 2066 formas
2051 2035 2152 2080 pro-

187 2094 322 2154 prias.
349 2092 638 2138 Substantiae
671 2103 824 2138 autem
857 2102 1091 2152 separatae
1123 2101 1228 2136 sunt
1259 2091 1511 2136 secundum
1545 2104 1675 2134 suam
1713 2099 1923 2134 naturam
1959 2099 2009 2133 ut
2045 2097 2148 2133 actu

187 2160 452 2206 exsistentes
477 2160 525 2204 in
548 2174 645 2205 esse
672 2159 966 2219 intelligibili3
994 2159 1112 2203 unde
1150 2172 1449 2218 unaquaeque
1483 2172 1639 2202 earum
1678 2157 1875 2216 seipsam
1908 2170 1989 2215 per
2019 2169 2150 2200 suam

187 2227 431 2272 essentiam
469 2227 722 2285 cognoscit,
748 2241 842 2271 non
879 2241 960 2286 per
997 2225 1197 2285 aliquam
1229 2225 1431 2285 speciem
1465 2224 1647 2269 alterius
1683 2224 1762 2268 rei.
1800 2223 1959 2276 Quum
1996 2232 2148 2267 autern

138 2334 150 2345 ‚
187 2293 339 2339 omnis
365 2294 571 2352 cognitio
597 2293 655 2338 sit
680 2293 931 2338 secundum
959 2293 1081 2353 quod
1106 2293 1154 2336 in
1172 2302 1481 2351 cognoscente
1500 2301 1566 2336 est
1583 2290 1831 2336 similitudo
1851 2289 2038 2349 cogniti,
2059 2302 2151 2333 una

187 2370 341 2406 autem
366 2360 719 2405 substantiarum
736 2370 1047 2420 separatarum
1073 2360 1132 2405 sit
1157 2359 1318 2404 similis
1346 2358 1476 2403 alteri
1492 2358 1740 2403 secundum
1761 2371 2055 2402 communem
2074 2371 2150 2400 na-

185 2437 336 2473 turam
362 2427 555 2486 generis,
578 2426 785 2472 differant
812 2437 964 2473 autem
998 2427 1051 2471 ab
1088 2427 1285 2472 invicem
1322 2425 1576 2470 secundum
1612 2425 1828 2483 speciem,
1860 2434 1910 2469 ut
1943 2438 1997 2468 ex
2027 2437 2152 2483 prae-

186 2494 336 2540 missis
361 2495 424 2553 (c.
450 2493 544 2554 93.)
572 2504 774 2554 apparet,
798 2494 976 2538 videtur
1001 2494 1130 2553 sequi
1157 2493 1279 2553 quod
1307 2507 1396 2537 una
1424 2507 1581 2536 earum
1609 2492 1746 2536 aliam
1772 2505 1866 2536 non
1899 2500 2151 2550 cognoscat

187 2571 407 2622 quantum
434 2561 488 2605 ad
515 2562 745 2620 propriam
772 2562 1000 2606 rationem
1026 2560 1209 2620 speciei,
1235 2559 1314 2604 sed
1337 2559 1490 2604 solum
1517 2569 1736 2619 quantum
1764 2559 1820 2603 ad
1847 2570 2147 2603 communem

189 2628 368 2688 generis
393 2629 633 2673 rationem.
683 2652 685 2654 ·
1798 2639 1805 2647 ·

274 2695 447 2740 Dicunt
470 2709 580 2755 ergo
607 2695 793 2754 quidam
819 2695 1031 2754 (Avicen.
1059 2694 1314 2752 Metaphys
1337 2703 1390 2737 tr.
1418 2692 1495 2737 IX.
1530 2707 1567 2737 c.
1593 2693 1658 2750 4.)
1685 2692 1808 2751 quod
1835 2706 1926 2736 una
1947 2691 2150 2736 substan-

184 2762 352 2807 tiarum
377 2772 687 2821 separatarum
714 2771 782 2807 est
808 2776 945 2806 causa
967 2761 1174 2806 effectiva
1201 2761 1396 2805 alterius·
1423 2761 1473 2804 In
1500 2760 1699 2819 qualibet
1732 2770 1883 2804 autem
1917 2773 2055 2804 causa
2087 2758 2149 2804 ef-

186 2828 353 2874 fectiva
378 2838 560 2889 oportet
584 2843 682 2873 esse
714 2828 1057 2873 similitudinem
1085 2828 1157 2872 sui
1183 2827 1384 2882 effectus,
1403 2837 1447 2872 et
1468 2827 1707 2871 similiter
1696 2841 1743 2870 1n
1761 2826 1964 2886 quolibet
1984 2825 2149 2871 effectu

187 2906 368 2956 oportet
392 2910 490 2941 esse
516 2896 860 2941 similitudinem
894 2910 1002 2940 suae
1035 2910 1214 2951 causae,
1247 2910 1302 2939 eo
1336 2894 1458 2954 quod
1491 2894 1849 2953 unumquodque
1883 2908 2023 2952 agens
2056 2894 2151 2952 agit

186 2963 271 3007 sibi
296 2962 457 3008 simile.
486 2963 562 3007 Sic
584 2963 720 3022 igitur
744 2963 791 3007 in
817 2963 1037 3022 superiori
1071 2962 1423 3006 substantiarum
1455 2971 1765 3019 separatarum
1799 2970 1867 3005 est
1898 2959 2148 3005 similitudo

186 3028 412 3074 inferioris
438 3029 555 3074 sicut
579 3029 626 3073 in
653 3044 790 3074 causa
817 3039 885 3074 est
909 3029 1159 3074 similitudo
1187 3027 1389 3082 effectus,
1412 3029 1458 3072 in
1484 3027 1685 3072 inferiori
1713 3038 1865 3072 autem
1898 3027 2148 3072 similitudo

187 3096 432 3156 superioris
450 3106 530 3151 est,
553 3095 670 3141 sicut
693 3096 740 3140 in
766 3095 930 3140 effectu
956 3106 1024 3140 est
1049 3095 1299 3140 similitudo
1326 3109 1434 3139 suae
1453 3108 1632 3140 causae.
1651 3094 1702 3137 In
1720 3093 1867 3138 causis
1886 3102 2038 3137 autem
2054 3108 2149 3138 non

189 3164 412 3219 univocis,
442 3162 692 3208 similitudo
720 3162 907 3208 effectus
935 3173 1002 3208 est
1034 3163 1079 3207 in
1113 3176 1251 3207 causa
1282 3162 1580 3215 eminentius3
1615 3175 1779 3205 causae
1812 3170 1965 3204 autem
1996 3158 2150 3204 simili-

188 3229 299 3275 tudo
325 3230 371 3274 in
399 3228 577 3284 effectu,
603 3229 805 3274 inferiori
831 3230 988 3275 modo.
1016 3228 1157 3275 Tales
1185 3239 1336 3274 autem
1360 3242 1518 3272 causas
1546 3224 1727 3287 oportet
1753 3241 1851 3271 esse
1877 3226 2149 3271 substantias

187 3307 417 3357 separatas
443 3297 697 3356 superiores
722 3306 930 3355 respectu
955 3296 1238 3350 inferiorum,
1272 3309 1413 3355 quum
1443 3309 1538 3339 non
1571 3294 1659 3339 sint
1690 3294 1821 3338 unius
1855 3293 2038 3352 speciei,
2070 3292 2149 3337 sed

189 3363 236 3408 in
261 3364 447 3409 diversis
474 3363 686 3422 gradibus
713 3364 998 3408 constitutae.
1027 3364 1282 3422 Cognoscit
1306 3362 1444 3421 igitur
1469 3361 1718 3406 substantia
1736 3369 1942 3420 separata
1962 3358 2150 3404 inferior

189 3430 486 3489 superiorem,
512 3429 763 3475 secundum
790 3430 981 3475 modurn
1004 3430 1279 3475 substantiae
1303 3428 1637 3487 cognoscentis,
1659 3441 1753 3472 non
1775 3426 2028 3472 secundum
2054 3440 2150 3471 mo-

190 3495 301 3542 dum
333 3496 609 3542 substantiae
642 3495 868 3555 cognitae,
899 3498 979 3542 sed
1010 3496 1212 3541 inferiori
1245 3495 1412 3550 mod03
1445 3494 1650 3553 superior
1682 3503 1835 3539 autem
1871 3491 2149 3548 inferiorern,

174 3562 483 3609 *eminentiori
506 3562 662 3609 modo.
690 3561 746 3608 Et
769 3561 861 3609 hoc
887 3574 955 3609 est
979 3563 1102 3623 quod
1127 3564 1174 3608 in
1200 3562 1315 3608 libro
1341 3561 1414 3608 De
1441 3560 1588 3607 causis
1614 3560 1776 3607 dicitur
1797 3559 1921 3621 quod
1947 3575 1971 3602 t<
1987 3559 2150 3606 intelli-
