2332 3854
301 210 407 263 592
980 207 1136 247 LIBER
1176 208 1249 246 ιν.
1291 207 1412 246 CAP.
1453 207 1608 246 xxm.

297 312 574 356 subtrahitur
606 312 698 365 uni,
725 311 847 355 idern
874 324 1067 354 numero
1096 309 1224 354 alteri
1258 309 1530 367 conferatur,
1563 310 1681 356 sicut
1710 311 1757 354 in
1791 311 1922 355 rebus
1950 310 2264 372 corporalibus

299 379 477 432 accidit,
505 379 582 423 sed
609 379 717 438 quia
751 377 918 436 aliquid
946 376 1094 420 simile
1121 386 1269 436 potest
1295 390 1556 421 accrescere
1587 378 1681 432 uni,
1713 379 1760 422 in
1792 391 1885 437 quo
1920 378 2263 423 alii‘decrescita

295 446 395 490 Nec
421 456 575 489 tamen
600 445 840 504 requiritur
868 444 922 486 ad
949 444 1038 486 hoc
1066 453 1115 486 ut
1142 453 1373 486 accrescat
1398 443 1477 486 uni
1503 444 1624 502 quod
1659 444 1789 488 alteri
1821 444 2124 499 subtrahatur,
2141 445 2264 504 ···quia

296 525 368 556 res
395 512 637 570 spiritualis
665 521 813 570 potest
831 509 980 563 simul,
1000 510 1168 568 absque
1186 510 1460 554 detrimento
1481 510 1733 568 cujuslibet,
1757 525 1780 554 a
1804 511 2006 570 pluribus
2027 511 2263 571 possidet&

299 579 433 623 Unde
465 593 548 622 nec
582 577 928 635 intelligendum
963 586 1030 620 est
1062 577 1183 634 quod
1218 577 1274 620 de
1307 576 1439 620 donis
1471 577 1774 635 spiritualibus
1809 578 2080 636 oportuerit
2084 578 2264 638 aliquid

296 646 498 689 subtrahi
526 645 674 703 Moysi
703 644 757 686 ad
784 644 875 686 hoc
903 643 1025 701 quod
1053 643 1153 686 aliis
1180 642 1477 697 conferretur,
1494 644 1573 687 sed
1593 644 1647 687 ad
1672 654 1840 698 actum,
1847 645 1971 688 sive
1982 646 2035 688 ad
2059 643 2264 689 officium

296 711 580 755 referendum
611 724 691 763 est,
719 711 823 768 quia
845 710 967 768 quod
987 710 1179 769 Spiritus
1203 709 1397 754 Sanctus
1415 711 1537 768 prius
1554 724 1634 768 per
1651 710 1802 754 solum
1821 712 2017 770 Moysen
2038 711 2265 766 effecerat,
2330 732 2332 737 ¹

297 788 455 836 postea
483 792 560 836 per
592 777 743 835 plures
776 776 995 835 implevit
1032 776 1108 820 Sic
1146 776 1285 820 etiam
1311 790 1396 820 nec
1423 776 1629 821 Elisaeus
1655 778 1783 835 petiit
1813 788 1862 822 ut
1886 778 2080 837 Spiritus
2105 778 2266 825 Sancti
2330 777 2332 779 ’

300 847 495 889 essentia
520 858 600 887 seu
629 857 823 902 persona
853 843 1079 902 duplicata
1108 853 1363 902 augeretur,
1390 843 1467 887 sed
1488 854 1536 887 ut
1563 845 1653 888 duo
1681 844 1868 889 effectus
1891 845 2086 904 Spiritus
2108 844 2266 890 Sancti

296 912 381 989 qui
399 911 613 954 fuerant
604 925 648 953 m
675 910 790 964 Elia,
818 910 993 953 scilicet
1018 910 1259 986 prophetia
1286 920 1329 953 et
1356 911 1562 986 operatio
1590 911 1949 966 miraculorum,
1957 922 2110 956 essent
2123 913 2264 956 etiam
2328 912 2332 933 ²

297 980 342 1023 in
370 980 497 1038 ipso;
525 978 733 1037 quamvis
761 978 897 1021 etiam
926 991 1020 1021 non
1047 977 1103 1020 sit
1129 975 1458 1021 inconveniens
1486 978 1608 1036 quod
1631 977 1867 1022 effectibus
1889 978 2083 1046 Spiritus
2109 978 2266 1023 Sancti

295 1060 411 1090 unus
435 1045 524 1088 alio
544 1044 846 1088 abundantius
860 1045 1112 1103 participet,
1126 1044 1378 1088 secundum
1393 1045 1580 1121 duplam
1595 1045 1668 1089 vel
1688 1054 2107 1105 quantamcumque
2126 1045 2264 1089 aliam

294 1113 656 1172 proportionem,
689 1126 830 1170 quum
863 1121 1127 1155 mensurata
1169 1111 1226 1155 sit
1263 1111 1405 1155 virtus
1443 1112 1798 1171 uniuscujusque
1831 1122 1964 1171 atque
1995 1113 2138 1168 finita,
2169 1126 2264 1156 non
2328 1139 2332 1173 j

293 1190 449 1223 tamen
475 1179 565 1222 hoc
593 1179 971 1238 praesumpsisset
1002 1178 1208 1222 Elisaeus
1241 1188 1396 1236 petere
1429 1188 1477 1222 ut
1507 1179 1553 1221 in
1588 1177 1752 1223 effectu
1779 1178 2002 1238 spirituali
2029 1188 2265 1239 superaret

296 1247 584 1305 magistrum.

383 1314 514 1357 Patet
540 1313 692 1368 etiarn,
720 1327 774 1357 ex
801 1311 1131 1357 consuetudine
1154 1326 1310 1357 sacrae
1329 1312 1604 1371 Scripturae,
1627 1313 1765 1371 quod,
1782 1326 1862 1372 per
1880 1313 2133 1372 quamdam
2145 1313 2268 1357 simi-
2331 1342 2332 1345 =

294 1380 549 1433 litudinem,
595 1381 786 1423 humani
834 1380 975 1423 animi
1021 1381 1257 1438 passiones
1303 1379 1632 1423 transferuntur
1664 1380 1710 1423 in
1743 1381 1918 1435 Deum;
1951 1381 2069 1424 sicut
2102 1376 2267 1424 dicitur
2322 1380 2332 1407 “²

297 1448 488 1505 (Psalm.
517 1447 614 1491 CV.
641 1448 765 1504 40.):
794 1448 935 1492 Iratus
967 1453 1020 1491 est
1042 1448 1188 1502 furore
1216 1448 1427 1490 Dominus
1459 1448 1503 1489 in
1530 1447 1737 1506 populum
1767 1461 1916 1500 suum,·
1950 1444 2265 1491 diciturenim

296 1516 423 1559 Deus
450 1517 588 1559 iratus
616 1530 695 1573 per
721 1514 1065 1558 similitudinem
1093 1512 1303 1567 effectus3
1323 1513 1452 1572 punit
1469 1514 1606 1567 enim,
1625 1514 1747 1572 quod
1762 1514 1920 1558 etirati
1935 1513 2130 1568 faciunt3
2147 1514 2267 1558 unde
2330 1506 2332 1509 ¹

299 1591 344 1626 et
368 1582 538 1625 ibidem
565 1582 789 1625 subditur.
818 1583 874 1627 Et
901 1580 1075 1626 tradidit
1099 1596 1166 1624 eos
1197 1583 1242 1624 in
1273 1594 1422 1624 manus
1451 1582 1650 1639 gentium.
1685 1581 1760 1625 Sic
1785 1589 1828 1625 et
1855 1580 2046 1640 Spiritus
2073 1580 2268 1625 Sanetus
2327 1577 2332 1618 ‘3

298 1649 557 1692 contristari
590 1649 752 1692 dicitur
777 1662 858 1706 per
884 1647 1229 1691 similitudinem
1257 1646 1468 1702 effectus;
1493 1647 1675 1691 deserit
1684 1648 1807 1692 enim
1824 1657 2116 1733 peccatores,
2147 1646 2268 1692 sicut
2328 1687 2332 1707 ἶ

298 1716 550 1760 contristati
576 1716 788 1759 deserunt
814 1715 1146 1759 contristantes.

382 1783 460 1826 Est
482 1783 620 1826 etiam
648 1792 892 1826 consuetus
919 1782 1085 1825 modus
1111 1780 1359 1839 loquendi
1350 1794 1395 1823 in
1422 1794 1551 1824 sacra
1571 1780 1804 1839 Scriptura
1826 1791 1876 1825 ut
1890 1779 2002 1826 illud
2019 1779 2131 1825 Deo
2141 1779 2266 1826 attri-
2328 1822 2332 1826 .

292 1849 456 1892 buatur
482 1849 640 1908 quod
630 1863 676 1892 in
709 1849 899 1892 homine
926 1847 1047 1903 facit,
1075 1848 1327 1892 secundum
1350 1846 1460 1890 illud
1480 1847 1619 1902 (Gen.
1638 1847 1782 1891 XXII.
1803 1849 1921 1904 ιιι)
1940 1847 2087 1893 Nunc
2084 1849 2267 1906 cognovi
2330 1839 2332 1845 ’

291 1915 400 1974 quod
428 1917 572 1960 timeas
597 1917 850 1970 Dominum,
877 1915 923 1958 id
950 1924 1018 1959 est
1043 1928 1165 1958 nunc
1194 1927 1476 1972 cognoscere
1502 1913 1612 1968 feci3
1632 1925 1675 1958 et
1693 1915 1783 1958 hoc
1802 1915 1945 1959 modo
1963 1914 2131 1959 dicitur
2142 1914 2270 1974 quod
2330 1942 2332 1960 ;

292 1982 485 2041 Spiritus
513 1983 708 2026 Sanctus
735 1982 949 2046 postulat,
977 1982 1083 2041 quia
1109 1981 1393 2039 postulantes
1420 1980 1548 2036 facit3
1581 1981 1690 2025 facit
1716 1982 1840 2025 enim
1866 1980 2098 2027 amorem
2103 1981 2229 2027 '’Dei
2217 1994 2265 2027 m

292 2049 504 2094 cordibus
523 2050 712 2104 nostris,
741 2063 794 2094 ex
822 2063 912 2108 quo
941 2049 1253 2092 desideramus
1279 2048 1380 2107 ipso
1407 2047 1494 2091 frui
1522 2058 1566 2092 et
1592 2048 1903 2093 desiderantes
1920 2046 2227 2108 postulamus.
2267 2071 2270 2075 ·
2323 2061 2332 2119 ξ

382 2107 541 2168 Quum
570 2127 723 2160 autem
752 2116 944 2175 Spiritus
974 2116 1168 2159 Sanctus
1195 2115 1415 2174 procedat
1441 2129 1522 2174 per
1548 2116 1740 2159 modum
1763 2116 1934 2160 amoris
1944 2129 2043 2175 quo
2065 2115 2264 2175 seipsum
2321 2116 2332 2151 3

290 2183 417 2228 Deus
446 2194 583 2238 amat,
618 2184 782 2227 eodem
817 2194 969 2227 autem
1003 2197 1160 2226 amore
1194 2183 1320 2226 Deus
1358 2196 1405 2225 se
1444 2192 1488 2226 et
1525 2182 1612 2226 alia
1645 2192 1830 2242 propter
1855 2196 1987 2227 suam
2011 2182 2269 2228 bonitatem
2310 2155 2332 2238 ἶ

289 2261 427 2304 amat,
455 2250 745 2295 manifestum
763 2261 831 2295 est
857 2250 980 2309 quod
1005 2249 1060 2293 ad
1085 2250 1304 2308 Spiritum
1330 2249 1552 2293 Sanctum
1570 2250 1766 2308 pertinet
1783 2262 1916 2294 amor
1931 2263 2024 2309 quo
2041 2250 2265 2294 Deusnos
2318 2239 2332 2320 ’Ξ

293 2327 441 2371 amat3
468 2317 679 2361 similiter
705 2318 843 2361 etiam
871 2331 1003 2360 amor
1035 2330 1126 2375 quo
1158 2330 1244 2360 nos
1275 2317 1429 2360 Deum
1463 2330 1688 2370 amamus,
1715 2331 1856 2375 quum
1884 2330 1976 2361 nos
2007 2317 2105 2362 Dei
2116 2313 2308 2363 faciae
2301 2319 2332 2418 Ξ

290 2394 535 2438 amatores,
563 2394 611 2428 ut
633 2398 687 2428 ex
713 2385 844 2428 dictis
871 2394 1015 2443 patet;
1044 2393 1100 2437 et,
1128 2393 1350 2442 quantum
1379 2383 1434 2426 ad
1461 2393 1719 2442 utrumque,
1739 2383 1925 2443 Spiritui
1947 2384 2121 2428 Sancto
2139 2395 2266 2428 com·
2322 2438 2328 2442 .

289 2451 402 2510 petit
427 2451 618 2496 donari:
645 2452 822 2495 ratione
850 2451 1035 2511 quidem
1063 2450 1233 2494 amoris
1260 2464 1350 2510 quo
1378 2451 1503 2494 Deus
1529 2465 1614 2494 nos
1642 2460 1780 2504 amat,
1797 2464 1855 2495 eo
1878 2451 2021 2496 modo
2040 2449 2266 2511 loquendi„
2313 2434 2332 2490 ,3

290 2531 382 2577 quo
409 2519 719 2577 unusquisque
745 2518 908 2562 dicitur
933 2518 1041 2561 dare
1070 2531 1276 2561 amorem
1303 2531 1437 2561 suum
1466 2517 1615 2572 alicui,
1633 2532 1775 2577 quum
1793 2532 1900 2563 eum
1917 2516 2326 2577 amaretneipigf

290 2585 500 2643 quamvis
526 2585 652 2629 Deus
677 2585 913 2629 neminem
937 2592 990 2628 ex
1016 2595 1226 2643 tempore
1255 2597 1408 2628 amare
1431 2585 1632 2643 incipiat,
1659 2585 1697 2628 si
1722 2585 1995 2643 respiciatur
2018 2584 2074 2629 ad
2094 2581 2272 2629 volun-t
2311 2565 2331 2640 ’ἶ

289 2662 431 2696 tatem
459 2652 661 2696 divinam
688 2666 776 2711 qua
803 2666 888 2696 nos
915 2662 1064 2705 amat;
1092 2650 1279 2695 effectus
1296 2661 1451 2694 tamen
1470 2652 1536 2694 sui
1557 2652 1726 2696 amoris
1746 2665 1800 2695 ex
1813 2661 2030 2712 tempore
2047 2659 2267 2697 causatur-
2308 2680 2310 2682 v

288 2721 335 2763 in
363 2720 531 2778 aliquo,
555 2733 696 2778 quum
724 2733 829 2762 eum
857 2719 913 2762 ad
936 2732 983 2762 se
1010 2718 1171 2771 trahit3
1193 2718 1371 2761 ratione
1391 2728 1542 2762 autem
1563 2719 1732 2764 amoris
1749 2732 1841 2778 quo
1866 2726 1952 2764 nos
1969 2718 2122 2764 Deum
2134 2715 2267 2764 ‘amne

290 2800 407 2840 mus,
434 2787 539 2846 quia
565 2787 687 2830 hunc
716 2799 922 2830 amorem
951 2786 1143 2844 Spiritus
1163 2785 1356 2829 Sanctus
1377 2784 1486 2829 facit
1502 2786 1547 2828 in
1566 2786 1851 2839 nobis3unde
1867 2782 2122 2836 seeundum
2136 2783 2273 2832 hunc*

290 2867 498 2897 amorem
525 2854 571 2897 in
597 2853 729 2897 nobis
755 2853 944 2906 habitat,
973 2863 1022 2896 ut
1047 2867 1102 2896 ex
1128 2852 1260 2896 dictis
1286 2861 1421 2911 patet,
1441 2862 1486 2896 et
1506 2852 1570 2895 sic
1595 2867 1700 2897 eum
1718 2852 1942 2898 habemns
1958 2863 2010 2898 ut
2030 2851 2267 2912 cujuwpei
2293 2877 2313 2909 g·

286 2920 493 2967 fruimur.
521 2920 591 2974 Et,
617 2921 723 2979 quia
749 2920 839 2964 hoc
863 2930 931 2964 est
959 2919 1143 2978 Spiritui
1173 2919 1345 2963 Sancto
1374 2933 1398 2962 a
1425 2919 1557 2963 Patre
1585 2929 1630 2963 et
1654 2919 1771 2963 Filio
1798 2919 1920 2979 quod
1946 2932 2026 2979 per
2051 2927 2269 2965 amm
2291 2914 2309 2948 ⁵²

288 3002 425 3046 quem
451 2988 497 3031 in
523 2988 655 3031 nobis
683 2996 852 3040 causat,
880 2987 925 3030 in
952 2987 1084 3030 nobis
1110 2987 1166 3030 sit
1193 2995 1237 3030 et
1261 2984 1482 3029 habeatur
1510 3000 1534 3029 a
1561 2986 1708 3040 nobis,
1741 2986 2070 3032 convenienter
2088 2981 2313 3045 ἀὶιιίὼιθρι

289 3068 315 3097 a
343 3055 475 3098 Patre
504 3064 548 3098 et
573 3053 688 3098 Filio
716 3054 849 3097 nobis
876 3053 986 3097 dari.
1010 3052 1108 3097 Nec
1137 3066 1215 3112 per
1237 3053 1328 3096 hoc
1355 3053 1489 3097 Patre
1517 3063 1561 3096 et
1587 3052 1704 3097 Filio
1727 3054 1893 3098 minor
1897 3052 2281 3126 οπειιῶιιιιξῑδάξ

289 3122 343 3165 ab
372 3122 479 3179 ipsis
505 3122 673 3165 habere
708 3121 949 3179 originem.
976 3120 1157 3164 Dicitur
1183 3120 1322 3164 etiam
1355 3129 1399 3164 et
1432 3134 1457 3163 a
1490 3120 1640 3179 seipso
1668 3121 1766 3164 dari
1788 3120 1938 3174 nobis,
1964 3120 2010 3178 iu
2036 3128 2286 3180 quantum

291 3201 513 3242 amorem,
541 3188 793 3232 secundum
819 3201 956 3247 quern
989 3201 1075 3231 nos
1108 3187 1344 3240 inhabitat,
1373 3186 1510 3230 simul
1537 3200 1642 3231 cum
1668 3187 1802 3232 Patre
1829 3196 1886 3273 et
1897 3182 2033 3232 Filio
2043 3187 2094 3231 in
2116 3181 2285 3273 uobisi

291 3265 462 3300 causat.
2015 3277 2017 3279 ·
2137 3271 2139 3274 ·
2301 3256 2316 3316 j

380 3321 607 3374 Quamvis
635 3330 787 3365 autem
816 3321 1007 3380 Spiritus
1034 3320 1228 3365 Sanctus
1255 3334 1387 3365 verus
1414 3320 1470 3365 sit
1495 3321 1621 3365 Deus
1649 3330 1693 3366 et
1716 3334 1874 3369 veram
1906 3330 2138 3366 naturam
2131 3310 2287 3399 dxvi-5⁷
2316 3365 2317 3368 ,

290 3403 398 3432 nam
425 3389 590 3433 habeat
617 3403 642 3432 a
670 3389 802 3432 Patre
826 3398 870 3432 et
895 3387 1026 3441 Filio,
1052 3402 1146 3432 non
1173 3398 1328 3432 tamen
1355 3397 1537 3446 oportet
1563 3388 1684 3447 quod
1712 3387 1831 3434 filius
1846 3387 1926 3434 «εἶτ
1958 3386 2108 3432 Filius
2122 3381 2285 3450 essimss'
2308 3399 2332 3425 s*

290 3455 454 3499 dicitur
481 3454 641 3514 aliquis
669 3469 721 3499 ex
749 3469 806 3499 eo
839 3454 961 3513 quod
989 3435 1167 3513 genitus
1195 3464 1282 3509 est;
1309 3455 1443 3509 unde,
1476 3455 1513 3499 si
1545 3467 1615 3499 res
1635 3454 1800 3514 aliqua
1831 3463 2042 3502 naturum
2066 3451 2307 3501 alteriue}

294 3523 347 3565 ab
374 3536 430 3566 eo
458 3523 699 3580 acciperet,
725 3535 818 3565 non
847 3535 925 3580 per
951 3521 1222 3599 genituram,
1249 3521 1328 3566 sed
1351 3534 1430 3581 per
1448 3519 1588 3566 alium
1606 3528 1951 3582 quemcumque
1959 3507 2303 3579 modumstaii

287 3589 414 3636 tione
441 3587 670 3633 filiationis
697 3597 894 3643 careret;
921 3598 970 3632 ut
995 3597 1102 3647 puta
1130 3589 1166 3634 si
1190 3587 1351 3647 aliquis
1377 3589 1539 3643 homo,
1570 3588 1735 3634 virtute
1755 3587 1840 3633 sibi
1852 3582 2071 3640 flivifflms
2080 3570 2279 3638 with&

2301 3764 2325 3783 ΥΕ,
