2294 3854
877 207 1033 247 unna
1070 208 1141 247 tv.
1185 208 1304 248 car.
1347 207 1432 247 ιν.
2018 194 2120 265 655

169 310 309 359 flente
327 309 514 355 Christo
540 309 679 355 etiam
706 320 902 355 mortem
930 320 974 355 et
999 309 1088 355 alia
1112 324 1230 369 quae
1259 309 1555 359 humanitatis
1586 320 1706 363 sunt,
1729 309 1940 361 divinitas
1964 309 2128 369 impas-

170 375 522 430 sibilismansit,
548 375 771 434 quamvis,
803 387 986 435 propter
1013 377 1232 421 unita-tem
1259 390 1499 435 personae,
1526 376 1733 421 dicamus
1764 377 1919 424 Deum
1943 390 2129 434 passum

170 452 219 488 et
241 453 495 495 mortuum;
529 443 657 499 cujus
689 442 951 500 exemplum
989 442 1243 501 aliqualiter
1272 443 1320 487 in
1351 443 1484 504 nobis
1516 453 1716 502 apparet,
1755 443 1876 502 quia,
1903 443 2127 489 moriente

169 521 324 563 carne,
349 508 502 553 anima
528 519 735 553 remanet
764 508 1053 553 immortalis.

248 574 508 625 Sciendum
535 585 603 620 est
628 574 766 618 etiarn
800 574 937 632 quod,
970 574 1076 619 licet
1100 574 1311 620 voluntas
1337 576 1424 621 Dei
1456 590 1550 622 non
1576 576 1634 620 sit
1666 575 1722 621 ad
1749 585 1947 620 mortem
1980 576 2132 620 homi-

169 655 296 696 num,
328 651 377 686 ut
399 642 557 700 quinta
578 641 756 685 decima
788 641 903 684 ratio
932 642 1229 699 proponebat,
1256 652 1324 686 est
1354 653 1507 687 tamen
1543 643 1597 687 ad
1625 642 1852 696 virtutem,
1887 656 1967 700 per
1993 657 2131 701 quam

170 704 318 761 homo
343 718 539 753 mortem
563 706 739 753 fortiter
769 707 961 751 sustinet
985 718 1030 751 et
1063 722 1115 751 ex
1149 708 1334 752 caritate
1367 708 1579 767 periculis
1605 708 1764 754 mortis
1796 722 1845 753 se
1878 708 2056 767 objicit;
2086 718 2132 753 et

171 774 240 821 sie
266 773 476 819 voluntas
501 773 590 818 Dei
615 771 700 818 fuit
719 773 776 818 de
797 783 944 817 morte
973 774 1157 828 Christi,
1184 775 1229 818 in
1252 784 1474 833 quantum
1501 775 1710 821 Christus
1735 789 1838 820 eam
1866 788 1919 820 ex
1945 775 2131 821 caritate

171 832 371 899 suscepit
394 851 438 884 et
463 839 637 886 fortiter
662 839 885 884 sustinuit.

218 906 396 953 Unde
428 915 548 965 patet
581 905 703 967 quod
725 919 819 953 non
851 905 966 949 fuit
956 907 1148 982 impium
1171 917 1214 950 et
1238 907 1419 952 crudele
1441 907 1564 966 quod
1586 908 1712 956 Deus
1737 908 1872 953 Pater
1894 878 2130 956 Christum

173 974 292 1019 mori
322 973 480 1026 voluit,
513 983 562 1016 ut
591 982 717 1016 sexta
750 971 928 1016 decima
961 973 1075 1016 ratio
1110 973 1436 1027 concludebat;
1464 989 1557 1018 non
1585 975 1707 1018 enim
1742 975 1893 1034 coegit
1922 976 2130 1030 invitum,

166 1041 257 1090 sed
283 1038 563 1097 complacuit
594 1039 637 1083 ei
676 1037 887 1083 voluntas
929 1053 1018 1097 qua
1051 1054 1104 1083 ex
1132 1040 1317 1084 caritate
1352 1041 1560 1085 Christus
1597 1051 1795 1086 mortem
1827 1044 2051 1100 suscepit;
2084 1052 2130 1087 et

167 1106 293 1155 hanc
316 1107 455 1156 etiam
486 1105 723 1149 caritatem
754 1105 802 1148 in
835 1106 930 1162 ejus
958 1105 1111 1148 anima
1144 1117 1356 1164 operatus
1390 1117 1472 1153 est.

256 1171 480 1222 Similiter
515 1172 652 1216 etiam
684 1185 779 1215 non
811 1171 1187 1216 inconvenienter
1220 1173 1384 1216 dicitur
1419 1174 1555 1232 quod,
1598 1183 1784 1232 propter
1823 1174 2131 1221 humilitatem

168 1238 575 1289 demonstrandam
609 1237 817 1282 Christus
845 1247 1039 1283 mortem
1069 1239 1215 1283 crucis
1241 1239 1385 1284 voluit
1418 1239 1524 1298 pati.
1559 1239 1614 1284 Et
1645 1254 1803 1284 revera
1833 1240 2020 1299 quidem
2050 1241 2132 1285 hu-

167 1305 370 1359 militas
359 1319 403 1354 111
430 1304 583 1350 Deum
607 1317 701 1349 non
734 1304 867 1357 cadit,
891 1314 939 1347 ut
965 1304 1144 1348 decima
1166 1306 1359 1363 septima
1382 1306 1497 1351 ratio
1522 1306 1831 1364 proponebat3
1857 1308 1964 1365 quia
1990 1307 2131 1353 virtus

168 1371 438 1422 mutis
468 1371 515 1415 in
547 1371 638 1415 hoc
671 1371 878 1415 consistit
911 1379 960 1413 ut
991 1369 1155 1429 aliquis
1185 1370 1302 1414 infra
1333 1385 1440 1416 suos
1471 1371 1692 1416 terminos
1725 1386 1772 1417 se
1805 1373 2050 1428 contineat,
2075 1373 2131 1420 ad

171 1452 225 1484 ea
260 1451 377 1498 quae
409 1451 543 1496 supra
575 1450 622 1481 se
655 1446 758 1480 sunt
788 1450 882 1479 non
915 1451 963 1480 se
997 1437 1258 1490 extendens,
1297 1438 1377 1482 sed
1409 1439 1629 1496 superiori
1662 1453 1710 1482 se
1745 1439 1974 1497 subjiciat:
2012 1439 2131 1487 unde

170 1513 295 1564 patet
318 1504 442 1563 quod
474 1504 578 1548 Deo
610 1502 844 1551 humilitas
867 1503 1111 1547 convenire
1143 1518 1237 1547 non
1264 1514 1428 1561 potest,
1460 1506 1535 1563 qui
1562 1505 1844 1563 superiorem
1865 1519 1959 1550 non
1980 1506 2131 1560 habet,

169 1571 251 1620 sed
281 1572 378 1630 ipse
409 1584 544 1628 super
574 1570 731 1615 omnia
763 1570 946 1616 exsistit.
983 1569 1031 1613 Si
1059 1580 1212 1614 autem
1245 1570 1407 1628 aliquis
1439 1569 1513 1614 vel
1543 1570 1725 1629 aequali
1756 1572 1831 1616 vel
1850 1571 2052 1618 inferiori
2082 1587 2130 1619 se

170 1651 226 1686 en
254 1636 510 1686 humilitate
545 1635 790 1694 aliquando
821 1636 1043 1694 subjiciat,
1078 1636 1170 1685 hoc
1198 1646 1264 1680 est
1296 1637 1402 1695 quia
1427 1637 1681 1681 secundum
1715 1635 1898 1696 aliquid
1917 1652 2022 1686 eum
2054 1640 2132 1698 qui

169 1703 436 1763 simpliciter
467 1701 668 1761 aequalis
688 1702 764 1746 vel
785 1701 972 1746 inferior
996 1713 1061 1747 est
1087 1705 1369 1761 superiorem
1393 1718 1441 1748 se
1469 1704 1720 1751 arbitr-atur.
1746 1705 1972 1757 Quamvis
1994 1707 2132 1765 igitur

170 1770 374 1824 Christe,
405 1769 658 1816 secundum
679 1769 881 1813 divinam
913 1779 1138 1822 naturam,
1162 1769 1431 1814 humilitatis
1452 1770 1592 1815 virtus
1618 1785 1715 1816 non
1741 1782 1988 1830 competat,
2008 1786 2132 1817 com-

167 1837 279 1896 petit
313 1845 471 1883 tamen
509 1835 607 1888 sibi,
645 1835 899 1880 secundum
924 1835 1177 1881 humanam
1214 1846 1440 1881 naturam.
1468 1836 1524 1880 Et
1556 1838 1653 1895 ejus
1683 1837 1917 1882 humilitas
1948 1853 2002 1883 ex
2034 1840 2131 1897 ejus

170 1902 404 1949 divinitate
438 1900 711 1946 laudabilior
750 1902 973 1956 redditum
1006 1901 1202 1960 dignitas
1235 1903 1358 1947 enim
1390 1917 1613 1962 personae
1655 1904 1810 1962 adjicit
1849 1905 1905 1950 ad
1946 1904 2131 1952 laudem

168 1968 452 2022 humilitatis,
480 1977 587 2027 puta
619 1968 801 2044 quando
827 1982 910 2027 pro
950 1968 1100 2027 aliqua
1141 1969 1411 2014 necessitate
1454 1970 1632 2028 expedit
1674 1970 1874 2029 aliquem
1909 1986 2129 2031 magnum

171 2035 323 2095 aliqua
357 2034 515 2079 infima
547 2035 665 2096 pati3
700 2034 828 2079 nulla
869 2045 1021 2080 autem
1061 2044 1187 2082 tanta
1219 2036 1414 2094 dignitas
1445 2051 1544 2080 esse
1575 2047 1725 2096 potest
1758 2038 1960 2083 hominis
1991 2053 2130 2098 quam

170 2101 293 2161 quod
325 2101 382 2146 sit
419 2101 572 2154 Deus;
604 2100 724 2145 unde
755 2101 958 2145 hominis
993 2101 1082 2145 Dei
1113 2101 1348 2148 humilitas
1381 2103 1579 2147 maxime
1617 2103 1855 2150 laudabilis
1891 2105 2131 2159 invenitur,

169 2167 279 2218 dum
304 2168 483 2226 abjecta
502 2167 712 2212 sustinuit
733 2181 848 2226 quae
875 2181 958 2226 pro
976 2167 1121 2214 salute
1144 2168 1420 2212 hominum
1408 2182 1558 2227 ipsum
1580 2171 1672 2227 pati
1699 2170 1975 2228 expediebat.
1992 2171 2133 2216 Erant

171 2234 297 2278 enim
333 2233 560 2287 homines,
600 2243 784 2292 propter
809 2233 1082 2292 superbiam,
1125 2235 1381 2278 mundanae
1415 2234 1588 2293 gloriae
1621 2245 1862 2282 amatores,
1902 2237 1966 2282 Ut
1994 2238 2132 2295 igitur

169 2299 415 2361 hominum
447 2299 627 2344 animos
653 2299 706 2344 ab
731 2313 888 2345 amore
920 2300 1183 2345 mundanae
1211 2300 1386 2358 gloriae
1418 2301 1464 2347 in
1498 2315 1703 2346 amorem
1737 2303 1918 2347 divinae
1958 2302 2131 2362 gloriae

167 2376 503 2421 transmutaret,
520 2365 669 2412 voluit·
681 2376 879 2411 mortem
892 2366 1128 2421 sustinere,
1144 2380 1238 2411 non
1253 2366 1649 2426 qualemcumque,
1667 2369 1746 2413 sed
1764 2370 2130 2427 abjectissimam.

167 2432 288 2482 Sunt
312 2432 435 2482 enim
465 2432 652 2492 quidam
685 2433 776 2491 qui,
810 2432 894 2478 etsi
919 2442 1116 2476 mortem
1139 2447 1233 2477 non
1259 2434 1464 2487 timeant,
1488 2434 1733 2479 abhorrent
1757 2445 1910 2480 tamen
1932 2446 2131 2481 mortem

170 2499 412 2558 abjectam,
439 2499 495 2544 ad
526 2513 665 2558 quam
696 2499 836 2547 etiam
863 2500 1251 2547 contemnendam
1281 2501 1511 2545 Dominus
1537 2502 1750 2546 homines
1777 2503 1998 2548 animavit
2021 2518 2130 2549 suae

172 2565 336 2616 mortis
359 2564 586 2624 exemplo.

260 2632 319 2682 Et
347 2631 457 2681 licet
485 2631 698 2677 homines
722 2631 780 2677 ad
801 2631 1108 2680 humilitatem
1140 2631 1379 2677 informari
1400 2634 1630 2692 potuerint
1656 2619 1818 2679 divinis
1843 2636 2130 2681 sermonibus

167 2697 390 2752 instructi,
422 2707 471 2743 ut
511 2697 690 2744 decima
726 2708 892 2742 octava
933 2700 1049 2743 ratio
1092 2700 1400 2758 proponebat;
1432 2710 1587 2743 tamen
1620 2701 1675 2744 ad
1708 2701 1936 2767 agendum
1982 2703 2131 2762 magis

169 2774 423 2825 provocant
454 2763 573 2808 facta
606 2778 744 2823 quam
766 2765 929 2819 verba,
963 2775 1007 2809 et
1038 2775 1165 2809 tanto
1193 2764 1421 2810 efficacius
1453 2765 1572 2810 facta
1605 2777 1805 2820 movent,
1838 2778 2010 2827 quanto
2040 2783 2133 2814 cer-

168 2830 259 2877 tior
290 2830 449 2890 opinio
469 2829 683 2875 bonitatis
709 2830 897 2875 habetur
920 2831 976 2876 de
1000 2845 1056 2876 eo
1081 2833 1155 2890 qui
1178 2831 1441 2889 hujusmodi
1468 2842 1696 2890 operatur.
1720 2832 1869 2887 Unde,
1891 2833 1999 2882 licet
2023 2834 2130 2880 alio·

169 2896 551 2949 zum-hominum
583 2895 728 2940 multa
757 2896 1026 2942 humilitatis
1059 2897 1621 2956 exempla'invenirentur,
1653 2908 1807 2943 tamen
1841 2901 2132 2959 expedientis-

169 2962 340 3017 3111111111
370 2961 456 3007 fuit
497 2971 546 3007 ut
577 2962 726 3007 adhue
766 2962 970 3009 hominis
1001 2964 1090 3009 Dei
1127 2967 1486 3021 provocarentur
1524 2965 1751 3023 exemplo,
1783 2980 1920 3024 quem
1953 2978 2132 3013 constat

169 3042 318 3074 errare
351 3042 446 3074 non
477 3029 694 3087 potuisse,
719 3039 766 3073 et
795 3030 923 3088 cujus
948 3029 1182 3076 humilitas
1204 3040 1332 3076 tanto
1354 3040 1422 3075 est
1446 3030 1698 3075 mirabilior
1728 3042 1899 3091 quanto
1915 3035 2130 3093 majestas

170 3094 425 3143 sublimior.

257 3159 551 3210 Manifestum
573 3170 642 3207 est
664 3161 801 3207 etiam
825 3175 878 3206 ex
904 3162 1143 3220 praedictis
1163 3162 1288 3221 quod
1314 3164 1514 3222 oportuit
1537 3163 1774 3208 Christum
1800 3175 1999 3210 mortem
2020 3168 2128 3226 pati,

167 3240 266 3275 ,non
299 3226 451 3274 solum
487 3237 537 3277 ut
562 3227 825 3285 exemplum
857 3228 1093 3287 praeberet
1129 3239 1326 3273 mortem
1368 3231 1692 3274 contemnendi
1722 3241 1906 3290 propter
1930 3233 2130 3279 veritatis

169 3306 396 3347 amorem,
429 3293 509 3338 sed
531 3303 580 3337 ut
603 3294 742 3341 etiam
774 3294 967 3339 aliorum
1001 3292 1188 3352 ¹peccata
1221 3306 1458 3354 purgaret3
1490 3296 1611 3353 quod
1644 3297 1830 3355 quidem
1859 3297 2032 3343 factum
2063 3311 2132 3346 est

171 3359 281 3406 dum
311 3359 424 3417 ipse,
442 3359 522 3417 qui
547 3359 714 3418 absque
747 3370 935 3417 peccato
969 3370 1079 3414 erat,
1106 3371 1304 3405 mortem
1330 3372 1521 3420 peccato
1548 3362 1745 3406 debitam
1773 3365 1875 3421 pati
1889 3364 2048 3419 voluit,
2081 3376 2131 3411 ut

171 3426 219 3470 in
250 3438 298 3468 se
335 3437 535 3482 poenam
570 3423 670 3468 aliis
700 3425 899 3470 debitam
935 3440 1018 3483 pro
1051 3426 1149 3470 aliis
1188 3427 1507 3471 satisfaciendo
1539 3428 1801 3487 susciperet.
1834 3429 1890 3473 Et
1921 3433 2127 3506 quamvis

172 3491 272 3540 sola
302 3490 391 3535 Dei
422 3490 567 3548 gratia
589 3489 785 3537 sufficiat
804 3491 860 3537 ad
887 3492 1207 3537 remittendum
1231 3502 1432 3569 peccata,
1459 3504 1508 3538 ut
1533 3493 1712 3539 decima
1744 3509 1869 3540 nona
1893 3497 2009 3542 ratio
2031 3513 2132 3557 pro·-

172 3557 384 3621 ponebat,
415 3566 570 3609 tamen
600 3556 647 3602 in
679 3556 949 3608 remissione
979 3558 1156 3618 peccati
1188 3559 1379 3619 exigitur
1410 3560 1549 3606 etiam
1583 3559 1753 3620 aliquid
1785 3575 1860 3612 ex
1871 3572 1998 3622 parte
2030 3565 2129 3624 ejus
