2332 3854
266 250 370 304 332
904 251 1061 290 LIBER
1100 250 1176 290 111.
1218 250 1339 298 CAP.
1381 250 1588 294 xxxva.

950 513 1205 569 CAPUT
1246 513 1561 602 XXXVII„

558 662 762 707 Quon
822 661 1100 700 ULTIMA
1157 664 1473 704 HoM1N1s
1532 665 1923 704 remorsas

691 743 983 783 coustsm*
1023 745 1081 785 m
1123 726 1634 787 CONTEMPLATIONE
1672 746 1784 786 Dm.

958 879 1138 940 (Opusc.
1164 880 1248 925 ΙΙΙ.
1274 889 1367 941 cap.
1394 882 1523 941 107.)-

346 1017 393 1062 Si
426 1017 563 1076 igitur
594 1018 755 1063 ultima
785 1018 979 1064 felicitas
1010 1021 1213 1066 hominis
1231 1035 1339 1066 ,non
1372 1022 1579 1073 consistit
1609 1023 1655 1067 in
1688 1022 1987 1069 exterioribus
2011 1035 2129 1082 quae
2154 1022 2216 1067 di-

257 1095 416 1129 cuntur
447 1086 568 1129 bona
600 1085 822 1140 fortunae,
854 1101 1002 1146 neque
1028 1088 1074 1131 in
1097 1088 1228 1131 bonis
1252 1089 1471 1147 corporis,
1489 1103 1637 1148 neque
1660 1089 1707 1132 in
1726 1090 1857 1133 bonis
1879 1090 2061 1134 animae
2082 1103 2220 1148 quan·

255 1162 353 1195 tum
381 1152 436 1195 ad
463 1153 726 1197 sensitivam
753 1163 943 1212 partem,
969 1168 1117 1213 neque
1144 1165 1364 1213 quantum
1389 1155 1443 1198 ad
1470 1155 1796 1200 intellectivam
1823 1156 2075 1200 secundum
2092 1166 2219 1200 actus

256 1218 501 1262 moralium
532 1220 764 1274 virtutum,
796 1235 945 1279 neque
977 1221 1231 1265 secundum
1263 1220 1743 1280 intellectuales·quae
1776 1222 1831 1266 ad
1869 1222 2101 1274 actionem
2122 1236 2222 1282 per·

254 1286 411 1339 tinent,
446 1285 621 1330 scilicet
653 1297 796 1331 artem
830 1298 874 1331 et
905 1287 1207 1346 prudentiam,
1240 1287 1508 1347 relinquitur
1539 1289 1662 1348 quod
1695 1287 1856 1333 ultima
1895 1288 2102 1333 hominis,
2127 1287 2222 1337 feli-

256 1353 366 1396 citas
399 1352 526 1396 sitin
561 1353 952 1412 contemplatione
984 1354 1199 1399 veritatis.

344 1419 471 1464 Haec
505 1420 629 1464 enim
662 1421 762 1465 sola
794 1422 999 1479 operatio
1021 1422 1223 1467 hominis
1251 1432 1318 1467 est
1342 1422 1430 1466 sibi
1452 1422 1649 1481 propria,
1672 1432 1717 1467 et
1740 1422 1788 1466 'm
1810 1436 1898 1482 qua
1922 1421 2052 1468 nullo
2073 1423 2215 1469 modo

258 1485 442 1544 aliquod
475 1486 597 1531 aliud
631 1489 956 1532 communicat.

345 1553 447 1597 Hoc
480 1554 618 1598 etiam
652 1555 707 1598 ad
739 1555 855 1598 nihil
886 1554 1007 1599 aliud
1042 1555 1276 1600 ordinatur
1307 1554 1425 1600 sicut
1457 1555 1513 1600 ad
1544 1554 1700 1620 finem,
1727 1569 1870 1615 quum
1890 1534 2219 1616 contemplatio

254 1620 454 1665 veritatis
487 1631 670 1680 propter
701 1623 899 1680 seipsam
927 1633 1182 1699 quaeratur.
2059 1654 2061 1656 -
2159 1656 2161 1661 -

342 1687 429 1730 Per
460 1687 580 1732 hanc
614 1688 752 1732 etiarn
785 1689 1102 1765 operationem
1134 1689 1279 1733 homo
1313 1689 1572 1734 substantiis
1598 1679 1906 1748 superioribus
1930 1690 2220 1768 conjungitur

252 1767 332 1812 per
364 1754 724 1808 similitudinem,
757 1756 862 1814 quia
894 1756 985 1800 hoc
1018 1766 1196 1800 tanturn
1219 1756 1274 1800 de
1302 1756 1643 1815 operationibus
1663 1757 1878 1802 humanis
1910 1757 1957 1803 in
1978 1757 2082 1803 Deo
2104 1767 2151 1804 et
2170 1757 2227 1802 in*

253 1821 513 1866 substantiis
539 1823 757 1881 separatis
785 1833 865 1867 est.

344 1888 442 1931 Hac
477 1889 615 1933 etiam
648 1892 914 1948 operatione
947 1890 1002 1934 ad
1034 1889 1113 1934 illa
1145 1890 1379 1949 superiora
1423 1891 1727 1949 conjungitur,
1761 1890 2091 1950 cognoscendo
2117 1891 2217 1952 ipsa

255 1968 546 2014 quocumque
579 1956 736 2000 modo.

343 2023 416 2065 Ad
449 2023 567 2066 hanc
602 2022 740 2067 etiarn
775 2023 1091 2081 operationem
1122 2023 1268 2068 homo
1302 2023 1387 2068 sibi
1419 2024 1566 2083 magis
1599 2034 1668 2069 est
1698 2023 1942 2080 sufficiens,
1971 2034 2133 2084 utpote
2158 2024 2214 2073 ad

255 2102 357 2132 eam
384 2103 545 2147 parum
580 2089 747 2134 auxilio
781 2090 1057 2134 exteriorum
1092 2105 1243 2134 rerum
1277 2104 1431 2149 egens.

341 2155 414 2198 Ad
446 2156 564 2200 hanc
593 2157 730 2200 etiam
760 2155 921 2201 omnes
946 2157 1059 2201 aliae
1083 2157 1371 2217 operationes
1392 2158 1622 2202 humanae
1645 2158 1842 2203 ordinari
1869 2158 2086 2209 videntur
2098 2158 2218 2208 sicut

254 2223 308 2266 ad
342 2221 495 2266 finem.
529 2223 603 2267 Ad
619 2223 948 2282 perfectionem
972 2225 1096 2268 enim
1119 2224 1520 2284 contemplationis
1542 2225 1783 2284 requiritur
1803 2225 2099 2275 incolumitas
2115 2240 2216 2270 'cor-

251 2290 390 2347 poris,
414 2290 469 2334 ad
497 2305 633 2349 quam
661 2291 928 2335 ordinantur
955 2291 1208 2336 artificialia
1237 2292 1393 2336 omnia
1421 2306 1536 2351 quae
1563 2302 1667 2336 sunt
1693 2293 1951 2338 necessaria
1976 2293 2033 2339 ad
2057 2293 2215 2342 vitam.

250 2355 512 2414 Requiritur
544 2358 682 2401 etiam
715 2358 842 2416 quies
876 2372 902 2402 a
933 2359 1347 2417 perturbationibus
1380 2361 1662 2418 passionum,
1695 2359 1752 2404 ad
1784 2374 1924 2419 quam
1955 2360 2218 2418 pavenitur

250 2438 331 2482 per
365 2424 548 2468 virtutes
582 2425 797 2478 morales,
831 2435 875 2468 et
914 2440 993 2483 per
1031 2426 1334 2484 prudentiam,
1367 2436 1412 2470 et
1443 2426 1571 2484 quies
1611 2426 1665 2470 ab
1706 2427 2003 2473 exterioribus
2023 2427 2217 2486 (passio-

250 2490 397 2544 nibus,
431 2492 486 2535 ad
521 2506 657 2550 quam
692 2491 925 2536 ordinatur
956 2502 1104 2536 totum
1137 2495 1342 2551 regimen
1374 2492 1493 2536 vitae
1528 2492 1686 2546 civilis,
1719 2503 1768 2537 ut
1793 2493 1874 2547 sic,
1900 2493 2086 2538 sirecte
2111 2507 2218 2538 con·

250 2556 517 2611 siderentur,
532 2559 687 2612 omnia
704 2559 907 2602 humana
926 2558 1076 2603 officia
1094 2560 1262 2604 servire
1277 2559 1514 2603 videantur
1533 2559 1946 2619 contemplantibus
1960 2561 2213 2606 veritatem.

341 2625 448 2669 Non
477 2636 544 2669 est
570 2636 723 2669 autem
755 2626 969 2685 possibile
996 2627 1117 2685 quod
1145 2626 1306 2670 ultima
1337 2627 1540 2670 hominis
1567 2626 1759 2671 felicitas
1793 2628 2012 2672 consistat
2035 2628 2083 2672 in
2108 2642 2215 2673 con·

249 2692 548 2750 templatione
581 2707 696 2751 quae
731 2703 799 2737 est
831 2695 1083 2738 secundum
1115 2694 1399 2738 intellectum
1431 2694 1775 2753 principiorum,
1803 2710 1919 2754 quae
1953 2705 2022 2740 est
2051 2695 2214 2755 irnper-

249 2759 512 2812 fectissima,
544 2760 661 2803 sicut
692 2760 892 2804 maxime
926 2760 1207 2814 universalis,
1241 2775 1393 2804 rerum
1427 2761 1742 2820 cognitionem
1773 2762 1819 2805 in
1845 2763 2048 2821 potentia
2074 2763 2214 2807 conti·

249 2841 376 2880 nens,
404 2835 447 2870 et
475 2836 542 2870 est
566 2827 856 2888 principium,
880 2842 975 2872 non
1002 2827 1103 2872 finis
1135 2828 1327 2871 humani
1353 2829 1503 2882 studii,
1527 2843 1552 2872 a
1586 2837 1745 2872 natura
1767 2829 1900 2873 nobis
1924 2829 2212 2888 proveniens,

248 2907 342 2937 non
386 2894 637 2937 secundum
680 2885 879 2938 studium
922 2895 1145 2949 veritatis3
1187 2910 1336 2953 neque
1371 2896 1508 2939 etiam
1545 2895 1796 2940 secundum
1837 2890 2062 2950 scientias,
2095 2910 2212 2955 quae

249 2971 353 3005 sunt
385 2961 439 3004 de
473 2961 604 3005 rebus
638 2961 819 3015 infimis,
852 2977 993 3020 quum
1026 2972 1236 3021 oporteat
1266 2961 1532 3006 felicitatem
1567 2976 1664 3006 esse
1701 2963 1748 3006 in
1780 2962 2214 3022 operatione-‚intel-

249 3027 393 3072 lec-tus
426 3042 506 3086 per
545 3029 939 3087 comparationem
981 3030 1036 3072 ad
1078 3029 1361 3073 nobilissima
1403 3028 1719 3087 intelligibilia.
1761 3026 2046 3089 Relinquitur
2074 3029 2213 3088 igitur

249 3096 370 3153 quod
404 3096 450 3138 in
483 3096 873 3154 contemplatione
911 3096 1159 3154 sapientiae
1203 3095 1362 3140 ultima
1404 3096 1607 3140 hominis
1648 3095 1840 3141 felicitas
1883 3097 2116 3151 consistat,
2147 3109 2212 3145 se·

249 3163 449 3206 cundum
482 3163 742 3207 divinorum
776 3163 1208 3207 considerationem.

336 3229 400 3273 Ex
434 3244 524 3288 quo
559 3231 697 3274 etiam
731 3240 867 3289 patet,
900 3230 1177 3274 inductionis
1210 3230 1296 3283 via,
1331 3229 1452 3288 quod
1487 3244 1624 3289 supra
1665 3230 1916 3276 rationibus
1947 3241 2016 3278 est
2053 3229 2212 3291 proba-

249 3306 364 3341 tum:
399 3298 521 3356 quod
539 3297 700 3341 ultima
732 3296 922 3342 felicitas
940 3297 1141 3341 hominis
1164 3310 1258 3341 non
1277 3297 1483 3342 consistit
1508 3298 1595 3341 nisi
1620 3297 1668 3342 in
1694 3297 2084 3367 contemplatione
2103 3296 2208 3349 Dei·
