2332 3854
829 221 985 262 unna
1022 222 1094 261 ιν.
1136 222 1258 260 cAP.
1299 221 1449 260 xvtu.
2013 204 2115 275 583

172 359 177 362 .
247 321 412 366 Posset
436 330 589 366 autem
616 320 778 379 aliquis
805 333 964 366 contra
990 323 1220 381 praedicta
1252 321 1523 366 calumniari
1548 322 1720 374 dicens,
1748 320 1869 366 aliud
1898 335 1997 365 esse
2026 320 2122 379 Spi-

158 387 296 432 ritum
327 387 416 431 Dei
447 398 491 431 et
523 386 663 430 alium
697 388 916 446 Spiritum
952 382 1198 442 Sanctum;
1230 403 1339 433 nam
1370 389 1417 432 in
1460 388 1730 448 quibusdam
1769 390 2118 446 praemissarum

159 455 477 499 auctoritatum
503 454 765 497 nominatur
788 455 983 512 Spiritus
1007 456 1109 513 Dei,
1131 457 1177 499 in
1204 456 1473 515 quibusdam
1499 469 1609 500 vero
1633 454 1826 514 Spiritus
1850 454 2057 498 Sanctus.

199 570 203 573 ¹
249 521 341 565 Sed
366 521 488 579 quod
510 521 633 565 idem
658 521 715 566 sit
741 521 934 580 Spiritus
960 523 1046 566 Dei
1075 534 1119 567 et
1145 523 1338 582 Spiritus
1365 522 1574 575 Sanctus,
1600 521 1838 566 manifeste
1866 519 2118 565 ostenditur

157 600 212 633 ex
237 587 385 631 verbis
409 586 622 645 Apostoli
654 587 843 631 dicentis
873 590 917 631 in
943 589 977 632 Ι.
1007 588 1215 632 Corinth.
1244 589 1316 643 ΙΙ.,
1344 588 1434 643 ubi,
1461 603 1601 648 quum
1630 587 1958 647 praemisisset:
1987 586 2119 631 Nobis

155 654 359 699 rovelavit
383 654 497 698 Deus
513 662 595 713 per
618 653 824 713 Spiritum
843 654 1057 708 Sanctum,
1077 656 1132 698 ad
1152 656 1283 713 hujus
1302 654 1701 700 confirmationem
1717 654 1913 699 inducit:
1934 653 2116 713 Spiritus

154 721 266 765 enim
286 722 430 764 omnia
449 727 676 774 scrutatur,
703 722 826 765 etiam
842 721 1057 779 profunda
1079 723 1186 774 Dei;
1212 732 1256 766 et
1280 732 1439 781 postea
1462 721 1718 766 concludit:
1745 722 1811 766 Ita
1833 726 1869 766 et
1895 734 1998 780 quae
2023 725 2118 764 sunt

155 787 240 831 Dei
269 801 387 831 nemo
413 789 533 831 novit
562 788 643 831 nisi
668 787 851 846 Spiritus
882 789 977 832 Dei.
1006 788 1072 831 Ex
1098 803 1188 847 quo
1223 788 1462 834 manifeste
1496 798 1682 848 apparet
1703 788 1826 848 quod
1857 787 1979 832 idem
2012 796 2116 831 sunt

159 852 350 912 Spiritus
372 853 566 898 Sanctus
593 864 638 912 et
663 854 856 911 Spiritus
882 854 984 899 Dei.

246 919 387 964 Item:
415 930 601 978 apparet
628 934 682 964 ex
705 920 794 963 hoc
821 921 944 978 quod
971 921 1153 977 (Matth.
1182 921 1235 967 V.
1271 923 1363 979 20.)
1391 921 1620 966 Dominus
1648 921 1780 967 dicit:
1806 921 1904 967 Non
1930 921 2019 966 estis
2042 934 2116 965 vos

5 978 13 995 ²
73 978 78 986 ’
153 988 225 1045 qui
255 986 491 1045 loquimini,
513 986 579 1031 sed
608 988 787 1046 Spiritus
817 988 957 1032 Patris
987 990 1115 1032 vestri
1145 990 1217 1046 qui
1239 989 1425 1047 loquitur
1455 990 1499 1032 in
1525 990 1655 1032 vobis.
1677 988 1803 1032 Loco
1832 997 1985 1032 autem
2009 987 2118 1031 isto·

150 1066 255 1097 rum
280 1053 540 1106 verborum,
570 1054 753 1098 Marcus
785 1054 893 1098 dicit
925 1054 1068 1108 (XIII.
1102 1057 1213 1111 11.):
1241 1056 1340 1101 Non
1371 1057 1460 1099 estis
1491 1069 1565 1099 vos
1586 1055 1802 1113 loquentes,
1835 1054 1901 1099 sed
1930 1054 2115 1112 Spiritus

78 1116 91 1132 ⁸
150 1119 337 1170 Sanctus.
362 1119 655 1164 Manifestum
690 1130 757 1164 est
781 1120 918 1178 igitur
939 1121 1060 1165 idem
1084 1135 1181 1166 esse
1210 1121 1429 1179 Spiritum
1456 1121 1677 1165 Sanctum
1700 1130 1745 1165 et
1771 1119 1991 1179 Spiritum
2010 1119 2113 1165 Dei.

240 1186 291 1231 Si
309 1201 435 1245 ergo,
452 1201 592 1246 quum
609 1201 663 1230 ex
680 1188 940 1246 praemissis
959 1188 1301 1232 auctoritatibus
1321 1186 1628 1246 multipliciter
1651 1196 1866 1246 appareat
1893 1186 2112 1246 Spiritum

151 1253 373 1299 Sanctum
397 1267 492 1298 non
519 1268 617 1298 esse
651 1265 920 1308 creaturam,
947 1255 1026 1298 sed
1052 1270 1213 1299 verum
1244 1255 1412 1309 Deum,
1446 1253 1737 1299 manifestum
1770 1263 1838 1298 est
1863 1253 1985 1313 quod
2017 1267 2112 1297 non

151 1322 361 1381 cogimur
377 1321 528 1365 dicere
547 1321 712 1365 eodem
730 1322 871 1366 modo
890 1336 988 1366 esse
1006 1322 1353 1380 intelligendum
1371 1322 1494 1381 quod
1514 1322 1704 1380 Spiritus
1724 1321 1916 1366 Sanctus
1936 1330 2112 1365 mentes

142 1396 414 1432 sanctorum
438 1387 627 1446 impleat
651 1398 696 1432 et
721 1402 801 1432 eos
835 1388 1056 1432 inhabitet
1080 1389 1197 1433 sicut
1223 1389 1430 1433 diabolus
1463 1388 1642 1447 aliquos
1667 1387 1859 1447 implere
1886 1386 1959 1432 vel
1983 1387 2110 1432 inha-

126 1473 129 1475 “
148 1453 291 1499 bitare
308 1454 496 1508 dicitur;
513 1454 701 1498 habetur
719 1456 840 1498 enim
862 1455 1044 1512 (Joann.
1062 1455 1207 1512 XIII.)
1225 1456 1281 1499 de
1292 1455 1408 1512 Juda
1425 1455 1547 1514 quod
1560 1461 1652 1514 post
1674 1454 1898 1499 buccellam
1915 1455 2112 1499 introivit

146 1521 192 1564 in
213 1535 306 1565 eum
331 1521 510 1566 Satanas
520 1535 537 1572 ;
565 1531 611 1565 et
636 1522 760 1578 (Act.
788 1522 844 1566 V.
875 1521 934 1579 3.)
960 1522 1069 1566 dicit
1093 1522 1267 1575 Petrus,
1290 1532 1338 1565 ut
1355 1522 1539 1581 quidam
1562 1521 1665 1565 libri
1697 1521 1888 1566 habent:
1916 1522 2110 1575 Anania,

146 1601 223 1632 cur
246 1587 439 1646 implevit
469 1587 648 1632 Satanas
673 1602 746 1632 cor
767 1590 916 1633 tuum?
944 1587 1103 1640 Quum
1130 1589 1253 1632 enim
1279 1588 1488 1633 diabolus
1511 1598 1717 1632 creatura
1739 1590 1810 1642 sit,
1833 1598 1882 1632 ut
1904 1603 1958 1633 ex
1983 1603 2111 1648 supe-

143 1653 337 1699 rioribus
363 1653 483 1711 (Lib.
517 1654 594 1697 111.
622 1668 660 1698 c.
694 1654 780 1710 10.)
809 1664 876 1698 est
898 1654 1204 1708 manifestum,
1226 1669 1319 1698 non
1346 1654 1506 1714 implet
1532 1655 1731 1714 aliquem
1757 1655 2103 1714 participatione

146 1720 230 1774 sui,
255 1733 404 1778 neque
430 1730 580 1778 potest
605 1731 808 1764 mentem
834 1721 1087 1765 inhabitare
1104 1735 1184 1765 sua
1206 1722 1551 1780 participatione
1570 1721 1642 1765 vel
1664 1736 1743 1779 per
1760 1736 1889 1766 suam
1910 1723 2111 1766 substan-

142 1786 270 1840 tiam,
290 1787 371 1832 sed
395 1786 558 1831 dicitur
578 1786 756 1845 aliquos
780 1786 972 1846 implere
998 1802 1079 1846 per
1100 1786 1316 1832 effectum
1340 1802 1447 1832 suae
1481 1788 1706 1842 malitiae;
1735 1789 1853 1832 unde
1874 1799 1918 1833 et
1938 1788 2107 1833 Paulus

143 1853 252 1898 dicit
283 1853 340 1897 ad
368 1853 620 1911 quemdam
646 1853 929 1910 (Act..X111.
959 1855 1059 1911 1o):
1094 1855 1134 1899 Ο
1153 1855 1274 1914 plene
1305 1857 1422 1898 omni
1452 1855 1544 1899 dolo
1577 1862 1614 1900 et
1646 1857 1760 1899 omni
1789 1855 1979 1911 fallacia.
2009 1855 2106 1914 Spi-

142 1921 253 1965 ritus
269 1930 422 1964 autem
440 1919 650 1973 Sanctus,
677 1934 819 1978 quum
849 1920 976 1964 Deus
992 1921 1064 1974 sit,
1082 1935 1160 1979 per
1181 1935 1312 1965 suam
1329 1922 1626 1966 substantiam
1653 1931 1855 1966 mentem
1882 1922 2105 1967 inhabitat

147 1996 193 2032 et
217 1987 287 2031 sui
312 1986 655 2045 participatione
697 1987 844 2031 bonos
870 1986 1003 2042 facit3
1028 1987 1125 2046 ipse
1144 1998 1212 2032 est
1228 1988 1351 2032 enim
1377 2002 1458 2032 sua
1482 1988 1677 2042 bonitas,
1704 2003 1845 2047 quum
1871 1988 1926 2033 sit
1953 1989 2105 2044 Deus;

141 2053 264 2113 quod
296 2053 352 2097 de
383 2052 510 2097 nulla
551 2062 757 2097 creatura
789 2068 950 2098 verum
982 2067 1080 2098 esse
1114 2064 1277 2112 potest.
1303 2055 1400 2099 Nec
1427 2064 1583 2098 tamen
1619 2069 1699 2114 per
1723 2054 1811 2100 hoc
1844 2066 2107 2100 removetur

143 2119 252 2179 quin
273 2132 354 2178 per
380 2118 593 2164 effectum
619 2133 728 2164 suae
751 2119 925 2165 virtutis
947 2131 1212 2165 sanctorum
1238 2120 1428 2181 impleat
1453 2131 1645 2166 mentes.

139 2459 427 2507 QUOMODO
452 2461 865 2501 INTELLIGENDA
882 2462 1024 2503 SUNT
1051 2463 1201 2509 QUAE
1219 2464 1292 2502 DE
1312 2464 1525 2503 SPIRITU
1548 2464 1767 2504 SANCTO
1789 2464 2095 2505 DICUNTUR.

225 2583 497 2627 Sanctarum
521 2584 1017 2644 igitur-Scripturarum
1043 2587 1316 2631 testimoniis
1343 2587 1507 2642 edocti,
1530 2587 1620 2631 hoc
1644 2587 1832 2632 firmiter
1854 2588 1910 2633 de
1932 2587 2099 2647 Spiritu

136 2648 308 2694 Sancto
334 2659 544 2694 tenemus
575 2650 699 2708 quod
725 2665 857 2696 verus
889 2652 946 2696 sit
977 2654 1102 2697 Deus
1135 2654 1380 2698 subsistens
1415 2665 1460 2698 et
1492 2654 1789 2713 personaliter
1815 2654 2051 2698 distinctus
2075 2668 2100 2698 a

134 2715 268 2760 Patre
294 2726 339 2760 et
362 2716 492 2761 Filio.
514 2716 711 2776 Oportet
737 2729 888 2762 autem
908 2721 1194 2765 considerare
1213 2721 1404 2779 qualiter
1422 2722 1686 2778 hujusmodi
1704 2722 1867 2766 veritas
1890 2722 2099 2781 utrinque

134 2783 282 2842 accipi
311 2783 487 2837 debeat,
519 2793 568 2827 ut
593 2784 646 2827 ab
673 2784 1097 2842 impugnationibus
1123 2786 1375 2832 infidelium
1403 2787 1681 2833 defendatur.

253 2849 327 2893 Ad
360 2852 488 2908 cujus
529 2850 818 2904 evidentiam,
845 2853 1074 2910 praemitti
1115 2864 1296 2912 oportet
1336 2854 1457 2912 quod
1483 2855 1530 2897 in
1563 2854 1761 2913 qualibet
1791 2853 2098 2899 intellectuale

131 2925 293 2960 natura
319 2927 499 2974 oportet
523 2916 716 2960 inveniri
741 2917 1038 2962 voluntatem.
1066 2918 1327 2963 Intellectus
1355 2922 1477 2964 enim
1504 2920 1553 2964 fit
1577 2922 1623 2964 in
1658 2932 1759 2965 actu
1787 2935 1867 2980 per
1897 2920 2098 2965 formam

131 2982 480 3041 intelligibilem,
506 2983 553 3026 in
585 2994 804 3042 quantum
838 2994 906 3028 est
930 2985 1203 3044 intelligens,
1231 2987 1348 3031 sicut
1379 3002 1449 3031 res
1476 2987 1692 3032 naturalis
1719 2987 1768 3032 fit
1800 2998 1903 3032 actu
1929 2987 1975 3032 in
1999 3002 2097 3032 esse

130 3049 326 3094 naturali
350 3064 430 3109 per
454 3050 684 3109 propriam
712 3049 924 3095 formam.
952 3052 1042 3096 Res
1070 3063 1221 3096 autem
1254 3053 1469 3098 naturalis
1502 3069 1580 3113 per
1612 3053 1810 3099 formam
1843 3069 1930 3113 qua
1963 3053 2095 3114 perfi-

130 3115 245 3160 citur
273 3116 322 3159 in
346 3130 428 3160 sua
450 3117 601 3175 specie
628 3118 765 3161 habet
796 3118 1140 3163 inclinationem
1172 3120 1219 3163 in
1251 3120 1772 3179 propriasoperationes
1796 3131 1838 3166 et
1860 3121 2095 3179 proprium

129 3181 284 3237 finem,
305 3196 443 3241 quem
460 3197 538 3241 per
560 3185 850 3241 operationes
868 3186 1184 3243 consequitur;
1212 3186 1346 3245 quale
1364 3187 1488 3230 enim
1506 3199 1573 3231 est
1590 3188 1963 3246 unumquodque,
1986 3187 2095 3231 talia

130 3258 342 3306 operatur
374 3259 419 3293 et
442 3250 489 3292 in
521 3249 607 3293 sibi
641 3251 957 3295 convenientia
979 3252 1135 3296 tendit.
1164 3252 1292 3296 Unde
1320 3253 1457 3297 etiam
1491 3264 1672 3312 oportet
1704 3252 1826 3312 quod
1860 3269 1912 3297 ex
1945 3251 2094 3297 forma

51 3355 54 3359 ,
129 3313 405 3372 intelligibili
436 3326 741 3374 consequatur
771 3316 818 3360 in
848 3317 1130 3376 intelligente
1152 3318 1387 3363 inclinatio
1421 3320 1477 3363 ad
1501 3320 1704 3379 proprias
1727 3320 2016 3378 operationes
2049 3331 2094 3364 et

129 3381 364 3440 proprium
389 3380 542 3426 finem.
570 3382 696 3426 Haec
719 3393 870 3428 autem
903 3384 1138 3428 inclinatio
1175 3385 1223 3428 in
1253 3385 1550 3430 intellectuali
1574 3397 1735 3430 natura
1768 3386 1981 3435 voluntas
2008 3397 2091 3441 est,

131 3460 247 3506 quae
266 3458 334 3492 est
358 3449 631 3507 principium
657 3452 975 3508 operationum
999 3466 1115 3510 quae
1141 3453 1188 3496 in
1214 3453 1346 3498 nobis
1372 3465 1489 3508 sunt,
1517 3455 1677 3514 quibus
1703 3455 1961 3500 intellectus
1989 3470 2092 3515 pro-

127 3523 228 3572 pter
249 3513 391 3559 finem
416 3526 653 3574 operatur3
680 3517 782 3561 finis
808 3518 931 3563 enim
957 3529 1002 3563 et
1032 3519 1206 3563 bonum
1239 3531 1306 3565 est
1330 3520 1577 3567 voluntatis
1609 3523 1856 3582 obJectum.
1892 3522 2091 3584 Oportet

129 3580 266 3639 igitur
290 3581 337 3625 in
361 3581 567 3640 quolibet
584 3582 867 3643 intelligente
891 3585 1084 3630 inveniri
1109 3587 1248 3631 etiam
1274 3598 1320 3633 et
1350 3588 1648 3635 voluntatem.
