2294 3854
266 217 371 285 684
939 226 1091 264 Lmen
1131 225 1203 262 1v.
1246 225 1367 263 CAP.
1407 223 1611 263 Lxxvu.

264 332 414 383 utitur,
441 328 518 372 sed
546 329 629 372 arti
655 328 806 387 ipsius.
835 327 1030 371 Ministri
1056 336 1209 370 autem
1235 325 1466 370 Ecclesiae
1492 326 1540 370 in
1565 326 1861 370 sacramentis
1887 339 1983 370 non
2009 324 2151 386 agunt
2167 325 2215 372 in

261 398 423 440 virtute
446 395 641 454 propria,
669 395 745 438 sed
777 395 823 436 in
849 394 1013 437 virtute
1041 392 1228 449 Christi,
1255 393 1311 436 de
1338 406 1428 451 quo
1451 392 1614 436 dicitur
1635 392 1818 450 (Joann.
1851 392 1886 435 Ι.
1913 393 2003 451 33.)
2023 406 2034 436 ε
2056 391 2144 438 Hic
2161 399 2217 438 est

262 465 334 521 qui
360 464 571 521 baptizat:
599 461 718 504 unde
752 470 795 503 et
821 460 937 503 sicut
968 461 1320 503 instrumentum
1353 458 1556 502 ministri·
1579 472 1713 517 agere
1745 458 1978 513 dicuntur;
2007 458 2217 504 minister

262 528 384 572 enim
411 538 478 571 est
503 528 619 571 sicut
639 527 992 570 instrumentum
1018 525 1285 569 animatum.
1312 524 1420 568 Non
1446 524 1583 583 igitur
1608 524 1783 568 malitia
1803 523 2114 569 ministrorum
2135 525 2217 568 im·

260 594 383 652 pedit
409 594 515 652 quin
540 592 696 636 fideles
722 591 914 636 salutem
943 605 1022 650 per
1044 600 1331 635 sacramenta
1358 600 1695 649 consequantur
1721 604 1746 634 a
1773 590 1975 635 Christo.

349 660 612 703 Praeterea:
642 659 695 702 de
727 659 943 711 bonitate,
970 656 1044 701 vel
1075 657 1249 701 malitia
1275 657 1459 701 alterius
1489 657 1691 701 hominis
1715 657 1862 701 homo
1890 655 2216 716 iudicare'enoit

260 735 427 783 potest:
455 726 546 768 hoc
573 725 696 768 enim
723 724 863 768 solius
889 724 978 767 Dei
995 733 1076 778 est,
1103 723 1181 782 qui
1206 723 1390 768 occulta
1413 722 1563 768 cordis
1588 723 1789 767 rimatur.
1814 723 1865 768 Si
1880 722 2019 782 igitur
2038 720 2216 768 malitia

260 792 453 835 ministri
478 790 699 849 impedire
726 801 882 849 posset
907 790 1183 834 sacramenti
1209 788 1440 844 effectum,
1462 802 1556 834 non
1581 799 1739 849 posset
1757 789 1905 834 homo
1924 789 2095 835 habere
2107 789 2218 835 fidu-

259 859 379 902 ciam
407 867 578 901 certam
599 857 654 900 de
676 871 757 901 sua
783 856 953 911 salute;
979 870 1064 900 nec
1093 857 1372 901 conscientia
1397 858 1494 915 ejus
1516 866 1776 900 remaneret
1799 855 1940 901 libera
1962 870 1988 901 a
2008 852 2215 916 peccato.

257 924 590 967 Inconveniens
617 924 752 981 igitur
777 923 955 967 videtur
981 923 1104 982 quod
1130 937 1261 981 spem
1288 937 1396 967 suae
1417 922 1573 967 salutis
1600 923 1645 966 in
1666 922 1870 967 bonitate
1895 920 2215 982 purihominis

259 991 358 1048 quis
391 1000 555 1048 ponat:
589 990 751 1033 dicitur
783 989 906 1032 enim
939 990 1123 1047 (Jerem.
1157 989 1302 1034 XVII.
1334 991 1414 1047 5.):
1449 989 1696 1034 Maledictus
1726 989 1848 1033 homo
1874 990 1949 1048 qui
1977 987 2148 1047 confidit
2170 990 2215 1034 in

258 1057 435 1100 homine.
464 1056 513 1099 Si
538 1066 690 1099 autem
717 1055 861 1099 homo
888 1055 1082 1099 salutem
1107 1056 1326 1114 consequi
1351 1069 1431 1114 per
1457 1065 1744 1100 sacramenta
1764 1069 1859 1100 non
1886 1065 2101 1115 speraret,
2127 1056 2216 1101 nisi

260 1137 285 1165 a
310 1123 433 1165 bono
461 1123 667 1165 ministro
696 1122 966 1180 dispensata,
992 1121 1168 1166 videtur
1193 1134 1322 1181 spem
1349 1135 1458 1166 suae
1485 1121 1642 1166 salutis
1669 1121 1922 1181 aliqualiter
1952 1118 1999 1166 in
2024 1122 2215 1167 homine

258 1203 441 1247 ponere.
465 1189 528 1232 Ut
550 1202 655 1247 erge
686 1202 815 1247 spem
841 1198 1024 1232 nostrae
1052 1187 1245 1233 salutis'
1234 1203 1280 1232 1n
1315 1188 1502 1233 Christo
1528 1202 1768 1246 ponamus,
1801 1188 1880 1247 qui
1910 1197 1979 1233 est
2007 1188 2150 1243 Deus,
2171 1197 2215 1233 et

259 1256 418 1310 homo,
447 1254 758 1299 confitendum
791 1265 859 1299 est
890 1256 1013 1314 quod
1046 1265 1334 1300 sacramenta
1365 1265 1471 1299 sunt
1502 1255 1716 1299 salutaria
1748 1269 1802 1300 ex
1834 1255 1998 1300 virtute
2031 1255 2217 1331 Christi,

258 1322 351 1365 sive
377 1336 457 1380 per
481 1322 643 1375 bonos,
671 1321 764 1365 sive
790 1335 871 1379 per
897 1321 1045 1365 malos
1072 1321 1305 1366 ministros
1332 1322 1659 1399 dispensentur.

350 1388 451 1431 Hoc
480 1388 617 1432 etiam
646 1398 832 1445 apparet
857 1402 938 1447 per
962 1388 1053 1432 hoc
1073 1388 1195 1447 quod
1220 1388 1450 1433 Dominus
1477 1389 1615 1432 etiam
1637 1387 1771 1432 malis
1796 1385 2014 1448 praelatis
2032 1387 2216 1433 obedire

260 1455 408 1508 docet,
422 1468 617 1512 quorum
634 1464 788 1498 tamen
814 1468 908 1499 non
926 1464 1032 1498 sunt
1053 1468 1192 1513 opera
1208 1455 1453 1500 imitanda:
1471 1455 1580 1499 dicit
1596 1455 1721 1498 enim
1743 1454 1927 1512 (Matth.
1944 1451 2213 1516 xxn1.-2.):

260 1522 392 1579 Super
425 1520 660 1564 cathedram
685 1522 823 1579 Moysi
846 1520 1033 1566 sederunt
1060 1521 1246 1574 Scribae‚
1270 1527 1306 1566 et
1336 1522 1580 1566 Pharisaei:
1598 1535 1882 1581 quaecumque
1906 1534 2002 1580 ergo
2034 1519 2218 1567 dixerint

262 1589 395 1641 vobis,
421 1594 596 1640 servate,
630 1593 666 1631 et
681 1588 813 1646 facite
823 1603 840 1640 ;
872 1587 1094 1632 secundum
1125 1595 1262 1633 autem
1293 1596 1422 1648 opera
1452 1603 1597 1634 eorum
1629 1589 1754 1633 nolite
1775 1589 1934 1647 facere.
1961 1586 2109 1633 Multo
2143 1601 2217 1632 au-

262 1664 354 1697 tem
382 1654 528 1712 magis
555 1653 860 1698 obediendum
887 1664 954 1699 est
980 1653 1203 1714 aliquibus
1236 1665 1420 1715 propter
1450 1654 1542 1699 hoc
1576 1655 1699 1714 quod
1736 1654 1990 1714 suscipiunt
2019 1654 2218 1706 ministe-

259 1720 377 1763 rium
405 1734 429 1763 a
458 1720 660 1773 Christ0,
688 1735 825 1779 quam
851 1731 1036 1780 propter
1069 1721 1335 1766 cathedram
1367 1721 1531 1780 Moysi.
1558 1721 1639 1766 Est
1666 1735 1779 1781 ergo
1802 1721 1952 1777 etiam:
1976 1719 2218 1775 malislmi·

259 1786 411 1830 nistris
454 1786 787 1831 obediendum:
821 1789 943 1846 quod
975 1802 1069 1832 non
1102 1798 1233 1842 esset,
1266 1788 1354 1832 nisi
1386 1789 1432 1832 in
1465 1787 1529 1832 eis
1563 1787 1734 1832 ordinis
1765 1787 1966 1847 potesta's
1997 1797 2216 1840 maneret,

257 1864 441 1911 propter
467 1867 606 1911 quam
632 1853 696 1897 eis
723 1854 944 1898 obeditur.
972 1854 1153 1899 Habent
1178 1869 1288 1913 ergo
1315 1863 1588 1914 potestatem
1614 1853 1907 1938 dispensandi
1930 1854 2215 1939 sacramenta

257 1920 395 1962 etiam
422 1919 545 1963 mali.
1984 1943 1986 1945 >
2143 1942 2145 1944 ·

345 1986 433 2029 Per
457 1986 547 2029 hoc
575 1996 729 2030 autem
754 1986 1008 2030 excluditur
1030 1988 1334 2046 quorumdam
1354 2002 1479 2032 error
1504 1987 1767 2042 dicentium,
1785 1986 1908 2047 quod
1920 1997 2087 2032 omnes
2105 1986 2217 2032 boni

257 2062 447 2110 possunt
472 2052 758 2098 sacramenta
785 2054 1057 2108 ministrare,
1091 2064 1135 2098 et
1159 2054 1274 2098 nulli
1300 2054 1424 2098 mali.

941 2209 1196 2264 CAPUT
1233 2209 1545 2273 LXXVIII.

798 2346 871 2382 DE
913 2345 1280 2384 SACRAMENTO
1323 2343 1678 2387 MATRIMONII.

347 2452 570 2503 Quamvis
604 2464 755 2498 autem
782 2454 995 2498 homines
1020 2468 1099 2513 per
1131 2463 1415 2499 sacramenta
1447 2463 1753 2498 restaurentur
1796 2452 1852 2497 ad
1877 2454 2088 2512 gratiam,
2118 2465 2212 2496 non
2279 2450 2294 2503 ᾗ

255 2529 408 2562 tamen
442 2534 549 2563 mox
575 2531 882 2564 restaurantur
908 2522 964 2564 ad
1001 2521 1417 2566 immortalitatem:
1461 2522 1588 2578 cujus
1624 2520 1824 2564 rationes
1856 2533 1994 2579 supra
2024 2520 2087 2577 (c.
2121 2517 2213 2582 52.)

255 2586 549 2631 ostendimus.
580 2587 914 2646 Quaecumque
947 2598 1102 2631 autem
1135 2587 1443 2646 corruptibilia
1475 2598 1593 2641 sunt,
1620 2586 1878 2645 perpetuari
1904 2599 2000 2631 non
2024 2589 2215 2644 possunt
2275 2601 2281 2639 ξι

253 2652 340 2695 nisi
366 2667 445 2710 per
466 2654 823 2711 generationem.
855 2653 979 2705 Quia
1014 2655 1155 2712 igitur
1176 2653 1399 2713 populum
1437 2653 1642 2697 fidelium
1683 2652 1942 2712 perpetuari
1976 2651 2216 2711 oportebat
2272 2666 2294 2715 ᾳ,

254 2732 396 2776 usque
434 2719 488 2762 ad
526 2721 685 2763 mundi
716 2720 871 2774 finem,
898 2721 1207 2765 necessarium
1247 2720 1330 2765 fuit
1369 2721 1460 2764 hoc
1506 2731 1587 2778 per
1613 2719 1958 2778 generationem
1987 2717 2100 2774 fieri,
2126 2718 2216 2778 'per
2279 2727 2288 2775 j

254 2799 389 2842 quam
418 2787 555 2830 etiam
588 2788 791 2831 humana
817 2788 992 2846 species
1019 2798 1321 2846 perpetuatur.

345 2852 741 2897 Considerandum
769 2865 835 2898 est
863 2864 1016 2898 autem
1043 2854 1181 2913 quod,
1224 2854 1407 2912 quando
1435 2852 1603 2912 aliquid
1646 2853 1702 2897 ad
1727 2851 1947 2897 diversos
1959 2851 2073 2896 fines
2099 2850 2216 2896 ordi·
2274 2852 2284 2906 {jss

252 2929 397 2971 natur,
424 2920 595 2977 indiget
612 2921 779 2964 habere
807 2921 881 2964 div
869 2934 981 2965 ersa
1001 2922 1273 2978 dirigentia'
1262 2936 1307 2964 in
1335 2921 1489 2974 finem,
1511 2921 1616 2979 quia
1638 2920 1737 2964 finis
1761 2930 1828 2964 est
1845 2919 2214 2979 proportionatus

255 2986 418 3042 agenti.
448 2986 696 3030 Generatio
731 2997 884 3030 autem
910 2988 1113 3030 humana
1156 2988 1211 3030 ad
1255 2987 1397 3031 multa
1425 2987 1674 3041 ordinatur,
1701 2986 1876 3031 scilicet
1900 2986 1962 3031 ad
1994 2985 2214 3046 perpetui-
2267 3030 2271 3035 Ι

251 3060 391 3094 tatem
424 3054 604 3109 speciei,
632 3064 676 3097 et
702 3054 757 3096 ad
785 3055 1131 3112 perpetuitatem
1159 3054 1350 3113 alicujus
1376 3055 1483 3098 boni
1519 3054 1706 3113 politici,
1739 3063 1848 3113 puta
1877 3052 2036 3113 populi
2054 3053 2112 3097 ‘in
2138 3050 2218 3097 ali-²
2266 3079 2282 3095 0.

251 3131 339 3175 qua
366 3118 573 3173 civitate3
615 3120 848 3163 ordinatur
875 3121 1014 3164 etiam
1047 3120 1102 3164 ad
1146 3121 1494 3179 perpetuitatem
1519 3120 1769 3175 Ecclesiae,
1795 3127 1911 3196 quae
1936 3120 1984 3163 in
2002 3117 2213 3164 >fidelium

253 3183 523 3229 collectione
552 3186 770 3230 consistit.
800 3186 933 3230 Unde
961 3197 1144 3262 oportet
1170 3187 1291 3245 quod
1324 3187 1590 3244 hujusmodi
1616 3186 1851 3270 generatio
1876 3199 1904 3230 a
1929 3185 2117 3231 diversis
2147 3183 2214 3235 d}-

2257 3297 2273 3311 5.

2082 3305 2294 3339 ..3310

251 3396 347 3426 esse
374 3393 560 3427 naturae
588 3383 805 3430 officium.
829 3386 882 3429 In
910 3381 1129 3444 quantum
1156 3399 1267 3430 vero
1295 3386 1529 3430 ordinatur
1555 3386 1610 3430 ad
1638 3386 1828 3430 bonum
1837 3384 2091 3444 politicum,
2111 3378 2273 3434 aab*

250 3449 367 3505 jacet
394 3451 668 3494 ordinationi
695 3451 838 3495 civilis
866 3451 993 3510 legis.
1018 3453 1068 3495 In
1092 3462 1311 3511 quantum
1339 3462 1492 3496 autem
1519 3452 1753 3496 ordinatur
1779 3450 1835 3496 ad
1859 3449 2033 3503 bonum
2059 3443 2267 3497 Εοσῑσῖ·

251 3514 356 3568 siae,
385 3527 563 3591 oportet
589 3518 710 3575 quod
744 3517 978 3575 subjaceat
1003 3519 1214 3577 regimini
1252 3518 1578 3563 ecclesiastica
1605 3518 1671 3562 Ea
1704 3527 1855 3563 autem
1888 3519 2007 3578 quade
2034 3514 2254 3577 populo

252 3595 329 3637 per
370 3582 601 3627 ministros
642 3583 874 3628 Ecclesiae
917 3585 1245 3644 dispensantur,
1278 3589 1564 3630 sacramenta
1601 3585 1824 3629 dicuntur.
1862 3579 2289 3646 Matrimoniumssyss.
