2332 3854
822 236 976 276 LIBER
1015 235 1071 275 11.
1114 234 1235 275 CAP.
1276 233 1462 273 Lxxlu.
2016 234 2117 272 221

159 354 254 402 -que
280 354 380 386 esse
406 353 547 384 unum
575 348 621 384 et
643 338 791 393 idem;
818 338 941 398 quod
974 346 1098 397 patet
1127 351 1227 383 esse
1260 334 1570 397 impossibile;
1607 348 1716 379 nam
1753 335 2039 380 diversorum
2063 335 2128 380 in-

163 407 455 453 dividuorum
481 404 764 464 impossibile
790 414 859 450 est
884 419 981 449 esse
1015 404 1330 464 operationem
1372 416 1525 447 unam.
1568 400 1855 461 Impossibile
1888 411 1955 447 est
1990 403 2127 460 igitur

82 527 86 534 „
162 472 447 521 intellectum
472 471 738 532 possibilem
771 486 871 516 esse
897 486 1041 516 unum
1066 471 1199 530 hujus
1226 481 1271 517 et
1294 469 1430 515 illius.

255 540 306 587 Si
337 551 489 585 autem
522 539 698 584 dicatur
727 538 851 598 quod
881 539 1031 598 ipsum
1057 538 1311 597 intelligere
1337 535 1664 596 multiplicatur
1695 535 1949 581 secundum
1982 535 2124 581 diver-

160 607 346 654 sitatem
371 608 759 667 phantasmatum,
785 606 875 651 hoc
902 616 1020 650 stare
1046 619 1141 649 non
1168 615 1332 663 potest.

254 674 383 720 Sicut
414 674 539 719 enim
570 673 743 718 dictum
776 682 857 727 est,
884 672 1016 716 unius
1049 673 1224 730 agentis
1256 685 1346 715 una
1378 680 1447 716 est
1482 670 1616 724 actio,
1652 683 1770 729 quae
1804 669 2129 728 multiplicatur

164 741 317 788 solum
341 740 593 786 secundum
620 740 798 784 diversa
823 739 1025 797 subjecta
1051 740 1098 782 in
1121 752 1236 797 quae
1258 738 1418 783 transit
1437 737 1516 782 illa
1539 737 1673 782 actio.
1695 735 1954 795 Intelligere
1977 745 2130 781 autem

166 818 211 854 et
234 806 352 852 velle
375 818 420 852 et
445 807 710 866 hujusmodi
731 820 826 850 non
848 816 952 850 sunt
979 806 1181 850 actiones
1203 814 1487 849 transeuntes
1514 804 1560 847 in
1583 804 1853 848 exteriorem
1875 803 2131 858 materiam,

164 875 245 921 sed
275 884 464 919 manent
488 874 535 918 in
561 874 660 933 ipso
689 883 852 932 agente
889 873 1018 931 quasi
1055 871 1356 932 perfectiones
1392 871 1531 929 ipsius
1571 870 1760 929 agentis,
1801 879 1850 914 ut
1889 879 2012 929 patet
2052 884 2131 929 per

164 941 460 987 Aristotelem
482 940 528 984 in
551 940 731 984 decimo
765 940 914 999 primo
936 940 1191 998 Metaphys.
1219 940 1270 997 (t.
1306 951 1343 982 c.
1376 939 1484 997 49).
1511 938 1618 982 Non
1650 946 1800 996 potest
1829 937 1966 996 igitur
1987 951 2130 982 unum

163 1008 415 1069 intelligere
447 1007 703 1053 intellectus
735 1007 961 1067 possibilis
994 1006 1285 1066 multiplicari
1303 1020 1382 1065 per
1405 1006 1712 1050 diversitatem
1743 1005 2128 1064 phantasmatum.

251 1076 514 1121 Praeterea:
548 1075 867 1134 phantasmata
893 1088 941 1119 se
973 1074 1144 1118 habent
1175 1073 1231 1117 ad
1257 1072 1541 1117 intellectum
1569 1071 1834 1130 possibilem
1856 1082 1906 1116 ut
1931 1072 2131 1117 activum

163 1142 509 1204 quodammodo
543 1141 600 1186 ad
631 1142 877 1201 passivum,
910 1141 1162 1186 secundum
1195 1139 1318 1199 quod
1351 1138 1622 1184 Aristoteles
1646 1138 1763 1202 §icit
1805 1138 1852 1182 in
1888 1139 2022 1184 tertio
2057 1139 2130 1184 De

165 1212 318 1255 anima
349 1210 401 1269 (t.
436 1223 474 1253 c.
509 1210 586 1267 2.),
606 1209 727 1268 quod
762 1208 1015 1267 intelligere
1048 1208 1281 1266 quoddam
1312 1206 1407 1265 pati
1438 1216 1519 1250 est.
1551 1199 1655 1250 Pati
1689 1215 1841 1250 autem
1876 1206 2028 1265 ipsum
2058 1219 2133 1264 pa-

163 1276 316 1323 tientis
345 1275 673 1321 diversificatur
704 1275 958 1320 secundum
991 1275 1190 1319 diversas
1215 1273 1388 1318 formas
1415 1273 1686 1327 activorum,
1708 1274 1802 1317 sive
1825 1272 2015 1331 species,
2036 1286 2132 1317 non

162 1343 416 1390 secundum
447 1342 756 1388 diversitatem
799 1356 960 1386 eorum
1000 1341 1047 1385 in
1087 1355 1306 1394 numero;
1338 1340 1385 1384 in
1417 1354 1510 1384 uno
1552 1340 1676 1384 enim
1717 1339 1899 1398 passivo
1932 1339 2133 1399 sequitur

163 1409 303 1457 simul
333 1424 361 1454 a
392 1409 569 1455 duobus
591 1409 763 1463 activis,
798 1409 973 1453 scilicet
1004 1407 1301 1453 calefaciente
1333 1417 1379 1452 et
1408 1407 1681 1460 desiccante,
1705 1406 1903 1451 calefieri
1928 1414 1972 1452 et
1996 1406 2134 1451 desic-

166 1477 282 1532 cari3
312 1490 408 1521 non
440 1486 592 1521 autem
627 1491 652 1521 a
688 1475 865 1521 duobus
898 1474 1267 1520 calefacientibus
1301 1474 1502 1533 sequitur
1531 1474 1579 1518 in
1610 1487 1703 1517 uno
1737 1472 2026 1519 calefactibili
2058 1473 2134 1518 du-

165 1545 271 1606 plex
312 1544 526 1598 calefieri,
557 1544 636 1589 sed
666 1558 810 1588 unum
842 1553 1034 1596 tantum,
1077 1542 1165 1587 nisi
1202 1541 1320 1586 forte
1360 1541 1450 1585 sint
1485 1541 1689 1585 diversae
1731 1540 1906 1599 species
1942 1540 2132 1596 caloris;

164 1627 307 1674 quum
328 1614 451 1657 enim
468 1611 594 1657 calor
619 1610 782 1671 duplex
808 1611 941 1655 unius
967 1609 1135 1669 speciei
1157 1623 1251 1653 non
1273 1610 1415 1668 possit
1433 1622 1531 1652 esse
1552 1608 1599 1651 in
1626 1621 1719 1652 uno
1742 1608 1962 1667 subjecto,
1978 1618 2133 1653 motus

166 1690 320 1725 autem
351 1689 614 1724 numeretur
653 1678 908 1723 secundum
940 1677 1189 1722 terminum
1223 1675 1278 1720 ad
1311 1689 1463 1734 quem,
1495 1675 1535 1719 si
1567 1675 1624 1720 sit
1664 1675 1797 1719 unius
1836 1675 2056 1734 temporis
2087 1685 2133 1720 et

166 1747 373 1806 ejusdem
403 1746 608 1805 subjecti,
639 1759 734 1790 non
766 1745 931 1804 poterit
963 1758 1062 1789 esse
1096 1742 1259 1803 duplex
1293 1741 1491 1787 calefieri
1515 1743 1562 1786 in
1588 1755 1680 1786 uno
1708 1742 1938 1800 subject03
1972 1752 2016 1787 et
2040 1742 2132 1787 hoc

166 1813 287 1868 dico,
317 1813 406 1858 nisi
437 1813 494 1857 sit
525 1812 614 1857 alia
638 1812 814 1872 species
841 1811 1020 1865 caloris,
1053 1811 1172 1856 sicut
1201 1810 1385 1869 ponitur
1415 1809 1463 1853 in
1496 1809 1670 1854 semine
1704 1807 1830 1852 calor
1860 1809 1992 1867 ignis,
2014 1809 2134 1854 coeli

166 1891 211 1926 et
242 1881 436 1925 animae.
468 1880 537 1924 Ex
563 1879 820 1924 diversitate
851 1879 987 1937 igitur
1019 1878 1391 1938 phantasmatum
1422 1875 1676 1935 intelligere
1708 1875 1964 1921 intellectus
1995 1877 2135 1935 possi·

166 1948 268 1993 bilis
299 1961 396 1992 non
426 1946 767 2006 multiplicatur,
792 1947 879 1990 nisi
903 1946 1157 1990 secundum
1183 1945 1463 1988 diversarum
1487 1943 1743 2001 specierum
1769 1943 2132 2003 intelligentiam,

167 2025 218 2059 ut
248 2014 454 2059 dicamus
486 2013 609 2072 quod
632 2012 753 2057 aliud
776 2022 844 2057 est
865 2013 961 2070 ejus
983 2011 1253 2070 intelligere,
1275 2019 1411 2070 prout
1435 2009 1649 2068 intelligit
1673 2009 1914 2054 hominem
1936 2019 1980 2054 et
1999 2018 2133 2067 prout

164 2081 377 2141 intelligit
406 2094 589 2140 equum.
624 2079 714 2124 Sed
740 2079 908 2124 horum
934 2093 1077 2123 unum
1108 2077 1361 2137 intelligere
1394 2076 1530 2122 simul
1563 2076 1778 2121 convenit
1809 2076 2022 2120 omnibus
2053 2075 2135 2120 ho·

165 2148 377 2193 minibus.
409 2147 530 2206 Ergo
564 2147 619 2191 ad
651 2147 742 2191 hoc
769 2155 982 2205 sequetur
1008 2145 1131 2204 quod
1157 2145 1279 2189 idem
1306 2143 1561 2202 intelligere
1588 2157 1782 2188 numero
1809 2143 1866 2187 sit
1891 2143 2024 2202 hujus
2049 2143 2134 2187 ho-

165 2215 300 2260 minis
333 2225 378 2259 et
407 2213 543 2259 illius.

254 2282 443 2327 Adhuc:
477 2280 733 2326 intellectus
759 2279 987 2340 possibilis
1014 2279 1227 2338 intelligit
1251 2278 1506 2332 hominem,
1528 2291 1623 2322 non
1645 2278 1897 2322 secundum
1920 2278 2043 2336 quod
2066 2287 2134 2323 est

164 2349 240 2396 hic
271 2350 435 2403 hom0,
466 2349 546 2393 sed
577 2349 624 2392 in
656 2357 876 2407 quantum
908 2356 975 2392 est
1005 2347 1150 2391 homo
1181 2345 1447 2405 simpliciter
1480 2345 1732 2390 secundum
1771 2345 1998 2390 rationem
2039 2359 2135 2403 spe-

165 2417 266 2462 ciei.
300 2417 426 2462 Haec
453 2426 606 2460 autem
633 2415 748 2459 ratio
775 2429 867 2459 una
893 2424 974 2468 est,
1000 2423 1422 2473 quantumcumque
1449 2412 1767 2471 phantasmata
1794 2411 1995 2456 hominis
2023 2410 2135 2455 mul-

164 2484 425 2544 tiplicentur
455 2482 530 2527 vel
560 2483 608 2526 in
640 2496 732 2527 uno
766 2482 970 2536 homine,
1004 2480 1077 2525 vel
1109 2484 1155 2525 in
1187 2480 1374 2524 diversis
1407 2479 1660 2524 secundum
1693 2479 1871 2524 diversa
1902 2478 2135 2523 individua

163 2550 384 2602 hominis,
415 2564 611 2610 quorum
644 2549 824 2609 proprie
857 2558 962 2594 sunt
986 2548 1319 2606 phantasmata.
1342 2546 1664 2605 Multiplicatio
1686 2546 1823 2604 igitur
1844 2546 2135 2605 phantasma-

164 2628 262 2664 tum
293 2632 390 2662 non
420 2627 570 2677 potest
602 2631 701 2662 esse
735 2631 872 2661 causa
905 2615 1027 2675 quod
1060 2614 1386 2674 multiplicetur
1417 2614 1568 2673 ipsum
1594 2613 1848 2672 intelligere
1878 2612 2134 2658 intellectus

164 2684 389 2746 possibilis
421 2694 629 2744 respectu
660 2684 793 2728 unius
825 2684 1018 2743 speciei3
1051 2692 1096 2727 et
1127 2682 1191 2727 sic
1219 2681 1366 2727 adhuc
1394 2681 1650 2726 remanebit
1675 2696 1764 2725 una
1792 2681 1912 2726 actio
1938 2695 2133 2726 numero

166 2752 450 2798 diversorum
482 2751 737 2797 hominum.

254 2820 393 2865 Item:
416 2819 651 2878 proprium
678 2818 931 2876 subjectum
958 2817 1137 2862 habitus
1155 2817 1371 2862 scientiae
1398 2825 1465 2860 est
1481 2815 1739 2860 intellectus
1763 2815 2003 2874 possibilis,
2028 2815 2135 2875 quia

166 2887 262 2946 ejus
293 2897 420 2931 actus
447 2895 516 2931 est
543 2886 829 2930 considerare
861 2885 1115 2929 secundum
1147 2884 1398 2928 scientiam.
1432 2883 1658 2928 Accidens
1677 2893 1845 2936 autem,
1863 2886 1900 2927 si
1918 2883 1976 2927 sit
1990 2897 2134 2927 unum

166 2953 417 2999 secundum
449 2953 665 3012 speciem,
706 2966 800 2996 non
834 2951 1159 3010 multiplicatur
1191 2951 1278 2995 nisi
1311 2951 1562 2995 secundum
1603 2950 1872 3009 subJectum.
1908 2950 1958 2994 Si
1996 2949 2135 3008 igitur

166 3019 421 3075 intellectus
454 3019 683 3078 possibilis
715 3019 771 3063 sit
804 3032 920 3062 unus
953 3019 1162 3062 omnium
1193 3018 1452 3071 hominum,
1485 3031 1671 3062 necesse
1709 3017 1790 3060 erit
1827 3016 1949 3075 quod
1993 3016 2135 3061 scien-

166 3087 255 3132 tiae
285 3087 480 3141 habitus,
513 3087 551 3131 si
583 3086 640 3131 sit
671 3086 794 3130 idem
827 3086 1075 3130 secundum
1112 3085 1328 3144 speciem,
1361 3095 1469 3144 puta
1501 3085 1680 3128 habitus
1713 3084 2056 3143 grammaticae,
2078 3083 2136 3128 sit

166 3153 291 3199 idem
320 3167 514 3198 numero
545 3153 592 3197 in
626 3153 837 3198 omnibus
869 3153 1158 3207 hominibu33
1192 3152 1315 3212 quod
1348 3162 1415 3196 est
1446 3151 1738 3210 inopinabile.
1771 3151 1878 3195 Non
1905 3160 1974 3195 est
1998 3150 2134 3209 igitur

107 3233 111 3235 ’
166 3220 422 3266 intellectus
452 3219 677 3280 possibilis
709 3234 826 3264 unus
857 3220 904 3263 in
937 3220 1163 3264 omnibus.

257 3289 349 3333 Sed
381 3288 438 3332 ad
468 3287 559 3333 hoc
592 3287 747 3332 dicunt
772 3288 894 3346 quod
917 3287 1171 3345 subiectum
1198 3286 1378 3330 habitus
1405 3285 1621 3330 scientiae
1647 3298 1740 3328 non
1774 3294 1841 3329 est
1872 3283 2131 3329 intellectus

168 3355 411 3415 possibilis,
443 3354 522 3399 sed
554 3354 809 3399 intellectus
841 3355 1046 3413 passivus
1079 3363 1124 3398 et
1155 3354 1294 3397 virtus
1338 3353 1608 3410 cogitativa;
1652 3352 1774 3410 quod
1817 3351 2001 3410 quidem
2034 3364 2133 3395 esse

169 3437 263 3467 non
294 3430 455 3481 potest.

256 3489 394 3542 Nam,
411 3488 527 3533 sicut
541 3487 702 3547 probat
723 3487 991 3533 Aristoteles
1013 3488 1061 3532 in
1077 3486 1282 3532 secundo
1301 3486 1446 3530 Ethic.
1470 3487 1531 3544 (c.
1556 3486 1630 3544 1.)‚
1648 3500 1702 3530 ex
1719 3484 1942 3530 similibus
1959 3485 2134 3530 actibus

170 3554 289 3600 fiunt
313 3554 485 3599 similes
516 3553 711 3607 habitus,
744 3564 788 3599 et
817 3553 990 3599 similes
1017 3554 1155 3598 etiam
1183 3563 1310 3597 actus
1342 3552 1547 3597 reddunt.
1581 3553 1648 3597 Ex
1681 3552 1853 3598 actibus
1886 3562 2040 3597 autem
2070 3552 2135 3596 in-

170 3620 379 3668 tellectus
399 3620 627 3681 possibilis
648 3620 700 3666 fit
718 3620 898 3667 habitus
919 3621 1134 3666 scientiae
1157 3621 1203 3664 in
1230 3619 1377 3674 nobis,
1404 3629 1449 3664 et
1475 3619 1530 3664 ad
1557 3619 1744 3665 eosdem
1771 3628 1899 3664 actus
1924 3627 2134 3679 potentes
