2332 3854
0 1266 19 1535 *μ’*Ὗῑ-ὟΠΞΤὝῪὝ
0 1015 25 1235 *vag-...fflae'vw—
0 622 22 991 WW*'-⁷'''ff2wfrssfw‘„
9 576 12 582 .„
9 472 22 502 q„
11 429 25 437 Ἰ,
6 401 20 414 ⁴,
13 362 23 374 n
20 342 23 346 ἡ
0 240 15 304 ’.κὴρ
2 207 5 209 -
0 114 19 183 ,μυξη
10 86 17 99 ,4

24 1113 25 1116 „
25 590 37 599 ο
22 428 25 433 .
22 99 25 102 .
23 68 33 77 Ἴ,

818 258 974 297 unm<
1012 257 1089 296 111.
1132 256 1253 296 CAP.
1292 254 1421 294 xxv.
1999 253 2103 308 319

148 361 413 423 hujusmodi
444 359 733 421 operationes
765 373 819 404 ex
856 358 1045 418 objectis
1076 358 1279 418 speciem
1322 355 1556 416 recipiant,
1589 368 1670 414 per
1711 367 1827 414 quae
1862 353 2002 398 etiam
2033 368 2108 400 co-

149 438 445 490 gnoscuntur,
478 436 659 488 oportet
690 426 812 486 quod
844 435 973 470 tanto
1005 426 1062 470 sit
1093 424 1334 484 perfectior
1366 422 1516 482 aliqua
1552 422 1739 466 istarum
1784 422 2106 480 operationum

149 505 323 556 quanto
357 496 453 554 ejus
486 494 716 552 objectum
749 503 816 538 est
857 491 1126 552 perfectius;
1161 503 1205 537 et
1236 491 1316 545 sic,
1347 489 1601 547 intelligere
1633 487 2015 547 perfectissimum
2046 488 2111 532 in-

146 561 398 622 telligibile,
425 560 547 621 quod
571 558 705 605 'Deus
739 569 820 613 est,
853 570 922 604 est
952 558 1332 617 perfectissimum
1364 558 1411 602 in
1444 570 1609 616 genere
1641 556 1775 614 hujus
1814 555 2106 614 operationis,

148 643 264 689 quae
298 638 365 673 est
389 626 659 685 intelligere.
693 626 991 685 Cognoscere
1023 625 1160 683 igitur
1190 625 1343 669 Deum
1375 622 1674 682 intelligendo
1702 631 1771 667 est
1796 621 1984 666 ultimus
2005 621 2107 666 finis

146 694 387 755 cujuslibet
417 693 735 739 intellectualis
768 693 1058 737 substantiae.

234 762 392 806 Potest
423 771 576 805 autem
609 760 769 819 aliquis
802 759 975 804 dicere:
1008 758 1333 804 Intellectualis
1366 758 1550 818 quidem
1583 756 1861 802 substantiae
1893 755 2107 800 ultimum

146 826 284 873 finem
308 827 555 872 consistere
577 827 624 871 in
645 825 941 885 intelligendo
965 826 1190 884 optimum
1208 825 1520 884 intelligibile3
1554 838 1647 868 non
1669 834 1823 868 tamen
1849 822 1960 867 illud
1984 823 2106 882 quod

146 904 214 940 est
246 894 471 954 optimum
504 893 788 952 intelligibile
813 892 948 950 hujus
974 891 1048 936 vel
1084 891 1204 936 illius
1241 891 1559 936 intellectualis
1594 891 1870 935 substantiae
1903 900 1971 935 est
1996 891 2108 950 opti-

146 974 274 1006 mum
313 960 596 1019 intelligibile
638 959 926 1019 simpliciter3
970 960 1047 1004 sed
1089 970 1259 1018 quanto
1302 959 1452 1017 aliqua
1492 958 1811 1003 intellectualis
1857 958 2107 1003 substantia

146 1037 215 1073 est
246 1027 393 1081 altior,
424 1036 551 1071 tanto
585 1041 717 1070 suum
751 1025 1035 1084 intelligibile
1063 1027 1288 1085 optimum
1316 1038 1381 1069 est
1408 1025 1555 1069 altius.
1588 1025 1644 1069 Et
1669 1025 1773 1069 ideo
1807 1038 2018 1084 suprema
2044 1025 2108 1068 in-

142 1094 414 1140 tellectualis
447 1094 694 1139 substantia
717 1104 867 1138 creata
899 1094 1035 1138 habet
1066 1107 1148 1152 pro
1177 1092 1447 1150 intelligibili
1471 1092 1645 1151 optimo
1677 1092 1722 1136 id
1755 1092 1876 1150 quod
1903 1102 1971 1136 est
1996 1092 2108 1151 opti-

143 1173 271 1206 mum
305 1160 597 1220 simpliciter3
633 1161 749 1204 unde
782 1162 878 1219 eius
909 1160 1098 1205 felicitas
1132 1161 1215 1204 erit
1248 1160 1294 1203 in
1317 1158 1612 1218 intelligendo
1650 1159 1816 1203 Deum.
1851 1158 2107 1217 Cujuslibet

142 1242 253 1273 vero
286 1227 515 1272 inferioris
548 1227 824 1272 substantiae
855 1226 1175 1272 intellectualis
1212 1226 1404 1271 felicitas
1437 1226 1519 1270 erit
1550 1225 1802 1285 intelligere
1835 1226 2020 1285 aliquod
2045 1226 2109 1270 in-

141 1294 278 1340 ferius
318 1294 618 1353 intelligibile,
651 1295 772 1354 quod
817 1304 883 1339 est
912 1304 1067 1338 tamen
1101 1293 1370 1337 altissimum
1404 1307 1564 1337 eorum
1598 1307 1714 1352 quae
1756 1293 1809 1337 ab
1841 1293 1941 1352 ipsa
1980 1292 2108 1337 intel-

141 1361 355 1422 liguntur.
388 1361 445 1405 Et
475 1361 717 1420 praecipue
750 1361 1006 1405 intellectus
1047 1360 1237 1404 humani
1269 1360 1449 1404 videtur
1481 1359 1603 1418 quod
1635 1373 1729 1404 non
1762 1359 1819 1404 sit
1849 1358 2103 1418 intelligere

143 1428 370 1489 optimum
401 1427 683 1487 intelligibile
716 1428 996 1487 simpliciter,
1028 1437 1212 1487 propter
1244 1427 1339 1485 ejus
1372 1426 1677 1481 debilitatem;
1709 1426 1847 1471 habet
1887 1426 2009 1471 enim
2041 1440 2105 1481 se,

143 1494 200 1540 ad
233 1496 608 1554 cognoscendum
638 1494 750 1539 illud
777 1495 899 1554 quod
927 1505 993 1539 est
1018 1494 1218 1538 maxime
1246 1492 1570 1552 cognoscibile,
1594 1493 1710 1537 sicut
1727 1493 1886 1538 oculus
1908 1503 2106 1538 noctuae

143 1562 199 1607 ad
230 1562 392 1607 solem.
436 1562 527 1607 Sed
560 1561 797 1606 manifeste
832 1572 1017 1620 apparet
1048 1562 1171 1620 quod
1202 1560 1304 1604 finis
1337 1559 1575 1619 cujuslibet
1622 1560 1898 1605 substantiae
1934 1559 2106 1606 intelle-

142 1629 318 1683 ctualis,
351 1628 487 1674 etiam
517 1628 716 1682 infimae,
750 1638 816 1672 est
848 1627 1102 1686 intelligere
1134 1628 1301 1672 Deum.

232 1696 484 1742 Ostensum
511 1705 579 1740 est
595 1694 716 1739 enim
735 1709 869 1753 supra
903 1696 962 1753 (c.
987 1694 1076 1751 18.)
1108 1694 1230 1753 quod
1264 1693 1474 1738 omnium
1506 1693 1679 1738 entium
1705 1693 1891 1739 ultimus
1917 1693 2033 1749 finis,
2056 1697 2102 1739 in

144 1775 280 1822 quem
312 1762 516 1820 tendunt,
543 1771 610 1806 est
640 1762 780 1805 Deus.
814 1761 1076 1806 Intellectus
1115 1772 1266 1805 autem
1288 1760 1532 1815 humanus,
1560 1761 1645 1805 etsi
1676 1761 1733 1805 sit
1757 1761 1940 1806 infimus
1965 1762 2013 1805 in
2036 1776 2105 1806 or-

140 1828 245 1873 dine
276 1827 652 1873 intellectualium
684 1828 1052 1882 substantiarum,
1089 1838 1157 1872 est
1194 1838 1350 1872 tamen
1386 1827 1592 1886 superior
1624 1828 1837 1872 omnibus
1868 1828 2103 1874 intellectu

140 1895 408 1940 carentibus.
445 1895 603 1947 Quum
638 1909 748 1953 ergo
781 1894 1020 1939 nobilioris
1053 1894 1330 1939 substantiae
1362 1908 1457 1938 non
1490 1895 1546 1938 sit
1586 1894 1833 1953 ignobilior
1869 1895 1985 1949 finis,
2019 1896 2103 1940 erit

138 1962 275 2006 etiam
307 1961 565 2006 intellectus
596 1961 788 2006 humani
819 1961 920 2006 finis
951 1962 1049 2021 ipse
1075 1962 1218 2007 Deus.
1252 1961 1625 2020 Unumquodque
1659 1971 1813 2006 autem
1839 1961 2099 2021 intelligens

140 2029 433 2088 consequitur
464 2043 598 2072 suum
629 2027 768 2072 finem
800 2027 1014 2072 ultimum
1046 2043 1126 2087 per
1158 2028 1247 2072 hoc
1282 2027 1404 2087 quod
1436 2029 1587 2087 ipsum
1619 2028 1845 2088 intelligit,
1872 2039 1921 2074 ut
1953 2040 2101 2074 osten-

138 2109 241 2140 sum
267 2105 348 2142 est.
366 2094 667 2154 Intelligendo
701 2095 838 2155 igitur
863 2095 1077 2155 pertingit
1097 2094 1355 2139 intellectus
1381 2095 1608 2140 humanus
1638 2095 1695 2140 ad
1719 2096 1873 2140 Deum
1899 2097 2016 2142 sicut
2042 2097 2098 2141 ad

139 2161 293 2208 finem.

227 2228 419 2275 Adhuc:
452 2231 570 2273 sicut
602 2243 671 2273 res
715 2228 948 2273 intellectu
993 2237 1195 2273 carentes
1235 2228 1427 2273 tendunt
1457 2229 1503 2273 in
1544 2229 1698 2273 Deum
1734 2230 1850 2275 sicut
1882 2231 1928 2275 in
1960 2230 2100 2276 finem

135 2306 217 2355 per
246 2296 368 2341 viam
403 2295 756 2349 assimilationis,
788 2297 850 2341 ita
882 2297 1156 2341 substantiae
1188 2296 1520 2342 intellectuales
1547 2312 1628 2356 per
1659 2298 1782 2341 viam
1809 2299 2100 2358 cognitionis,

135 2372 185 2408 ut
214 2377 269 2417 ex
299 2363 540 2423 praedictis
567 2373 703 2422 patet.
736 2363 827 2408 Res
856 2374 1008 2408 autem
1040 2363 1276 2409 intellectu
1310 2375 1531 2420 carentes,
1565 2365 1648 2409 etsi
1679 2366 1867 2411 tendant
1898 2367 1946 2411 in
1982 2367 2102 2412 simi·

136 2429 377 2476 Iitudinem
408 2431 723 2491 proximorum
757 2431 1005 2490 agentium,
1036 2445 1130 2475 non
1163 2442 1318 2475 tamen
1350 2431 1413 2475 ibi
1445 2432 1637 2490 quiescit
1667 2442 1856 2477 naturae
1892 2433 2101 2489 intentiO,

134 2497 213 2542 sed
245 2497 382 2542 habet
413 2512 496 2556 pro
529 2497 617 2542 fine
645 2497 1024 2542 assimilationem
1056 2499 1112 2542 ad
1138 2512 1371 2542 summum
1409 2498 1596 2552 bonum,
1629 2508 1678 2543 ut
1711 2513 1765 2543 ex
1798 2499 1928 2544 dictis
1960 2511 2099 2560 patet,

137 2563 222 2608 etsi
253 2563 644 2626 imperfectissime
678 2565 733 2608 ad
777 2565 896 2608 hanc
929 2565 1277 2610 similitudinem
1318 2567 1493 2624 possint
1534 2566 1804 2625 pertingere.
1836 2567 2101 2613 Intellectus

136 2629 271 2690 igitur
296 2641 717 2691 quantumcumque
749 2631 985 2675 modicum
1004 2632 1146 2691 possit
1172 2632 1228 2676 de
1251 2632 1403 2676 divina
1426 2633 1689 2691 cognitione
1716 2635 1961 2693 percipere,
1989 2635 2100 2679 illud

137 2697 222 2742 erit
251 2697 334 2742 sibi
366 2713 448 2757 pro
481 2698 645 2743 ultimo
678 2697 767 2742 fine
805 2698 951 2757 magis
989 2713 1127 2758 quam
1160 2698 1360 2758 perfecta
1393 2700 1597 2758 cognitio
1639 2699 1907 2745 inferiorum
1938 2702 2101 2747 intelli·

138 2762 360 2822 gibilium.

225 2830 458 2888 Amplius:
492 2832 849 2890 unumquodque
883 2833 1083 2876 maxime
1117 2831 1343 2876 desiderat
1375 2846 1509 2876 suum
1537 2832 1751 2877 ultimum
1784 2833 1936 2878 finem.
1966 2835 2100 2880 Intel-

137 2893 281 2940 lectus
308 2906 461 2941 autem
492 2897 720 2941 humanus
755 2898 902 2956 magis
936 2898 1161 2942 desiderat
1191 2908 1236 2943 et
1268 2908 1392 2943 amat
1417 2909 1461 2943 et
1484 2899 1735 2944 delectatur
1762 2901 1807 2944 in
1834 2902 2097 2960 cognitione

137 2961 411 3017 divinorum,
445 2966 652 3023 quamvis
684 2964 920 3008 modicum
953 2964 1138 3023 quidem
1182 2965 1236 3009 de
1276 2964 1364 3009 illis
1407 2966 1639 3024 percipere
1683 2969 1839 3025 possit,
1871 2982 2009 3027 quam
2051 2971 2097 3014 in

135 3028 334 3088 perfecta
367 3030 630 3089 cognitione
665 3045 803 3090 quam
834 3032 972 3076 habet
1003 3031 1058 3076 de
1092 3032 1224 3077 rebus
1258 3032 1436 3077 infimis.
1471 3033 1550 3077 Est
1590 3034 1726 3091 igitur
1769 3033 1954 3079 ultimus
1995 3035 2097 3081 finis

135 3096 335 3141 hominis
368 3096 620 3156 intelligere
653 3112 838 3157 quoquo
871 3099 1014 3143 modo
1047 3099 1215 3143 Deum.
1936 3094 1942 3099 ’

226 3163 416 3207 Adhuc:
452 3165 808 3224 unumquodque
835 3166 977 3209 tendit
1002 3166 1047 3209 in
1067 3166 1267 3209 divinam
1291 3166 1635 3212 similitudinem
1654 3168 1769 3212 sicut
1794 3169 1839 3212 in
1862 3170 2096 3229 proprium

136 3227 289 3274 finem.
316 3229 432 3274 Illud
459 3230 595 3288 igitur
619 3246 699 3289 per
730 3232 851 3290 quod
875 3233 1233 3292 unumquodque
1262 3236 1460 3278 maxime
1486 3235 1588 3278 Deo
1618 3235 1906 3290 assimilatur,
1940 3247 2009 3282 est
2036 3237 2098 3281 ul-

17 3315 33 3351 χ
84 3350 92 3356 ·
135 3296 272 3341 timus
300 3296 399 3340 finis
433 3298 542 3354 ejus.
578 3298 679 3342 Deo
707 3309 859 3342 autem
893 3300 1167 3344 assimilatur
1201 3301 1400 3345 maxime
1430 3311 1635 3345 creatura
1667 3302 1989 3348 intellectualis
2016 3319 2097 3364 per

135 3362 225 3407 hoc
259 3364 380 3422 quod
414 3363 732 3409 intellectualis
765 3376 855 3420 est;
887 3366 1004 3411 hanc
1040 3367 1161 3411 enim
1199 3368 1542 3412 similitudinem
1577 3369 1714 3414 habet
1756 3385 1862 3429 prae
1904 3373 2095 3416 caeteris

137 3432 367 3484 creaturis,
401 3441 446 3475 et
475 3431 566 3475 hoc
593 3431 783 3476 includit
814 3446 976 3478 omnes
1011 3434 1148 3488 alias;
1175 3435 1220 3478 in
1255 3449 1422 3493 genere
1446 3446 1598 3480 autem
1626 3437 1759 3495 hujus
1785 3437 2093 3483 similitudinis

136 3496 281 3554 magis
321 3497 597 3542 assimilatur
637 3498 756 3552 Deo,
789 3501 1042 3544 secundum
1090 3502 1211 3560 quod
1252 3501 1466 3559 intelligit
1509 3513 1627 3557 actu,
1661 3518 1798 3562 quam
1841 3507 2093 3550 secundum

136 3563 258 3622 quod
282 3562 493 3623 intelligit
519 3564 565 3608 in
591 3564 747 3609 habitu
779 3565 853 3610 vel
872 3568 1088 3627 potentia,
1122 3568 1225 3626 quia
1248 3569 1372 3612 Deus
1400 3583 1578 3627 semper
1601 3580 1703 3614 actu
1727 3571 1986 3631 intelligens
2010 3584 2091 3627 est,

136 3635 185 3672 ut
206 3626 256 3674 in
285 3630 433 3688 primo
465 3630 705 3690 probatum
738 3642 805 3677 est
830 3633 892 3692 (c.
924 3632 1042 3692 56.);
1069 3644 1113 3679 et
1138 3635 1183 3678 in
1216 3635 1306 3680 hoc
1327 3636 1462 3695 ‘quod
1495 3636 1705 3696 intelligit
1739 3644 1856 3693 actu,
1889 3639 2088 3684 maxime
