2332 3854
207 216 318 269 216
895 220 1059 268 LIBER
1090 229 1149 267 11.
1190 228 1310 267 CAP.
1351 228 1479 266 Lxx.

209 333 319 377 duas
336 342 501 392 partes,
528 346 722 392 quarum
740 345 830 376 una
856 341 924 376 est
941 345 1133 375 movens
1160 340 1205 375 et
1228 330 1317 375 alia
1340 340 1408 375 est
1433 339 1572 375 mota.
1593 329 1788 390 Oportet
1814 330 1951 389 igitur
1967 330 2169 390 primum

208 400 408 459 seipsum
428 413 619 444 movens
639 399 858 458 componi
876 413 928 442 ex
947 398 1119 442 duabus
1135 398 1348 456 partibus,
1367 413 1560 457 quarum
1577 413 1665 442 una
1693 407 1760 442 est
1785 412 1991 443 movens.
2012 398 2171 445 Omne

209 476 362 511 autem
388 466 657 525 hujusmodi
690 476 758 510 est
784 466 1038 509 animatum
1060 466 1336 523 (secundum
1362 466 1630 524 opinionem
1652 464 1958 522 Aristotelis):
1983 464 2104 509 unde
2125 474 2171 509 et

208 534 256 577 in
289 534 490 579 secundo
510 534 578 577 De
607 533 740 576 coelo
769 542 813 576 et
839 532 1012 575 mundo
1040 533 1092 590 (t.
1126 547 1164 576 c.
1200 532 1286 591 13.)
1313 532 1475 577 dicitur
1501 545 1708 591 expresse
1735 532 1857 590 quod
1889 531 2073 577 coelum
2103 540 2173 576 est

211 601 478 654 animatum,
513 610 556 644 et
586 610 770 658 propter
796 599 887 643 hoc
915 610 1097 658 oportet
1121 600 1168 643 in
1200 614 1256 645 eo
1283 613 1453 659 ponere
1486 599 1760 644 differentias
1792 598 2045 657 positionis,
2075 598 2171 645 no‘n

214 667 367 712 solum
391 667 540 726 quoad
564 681 664 719 nos,
697 666 775 710 sed
803 667 940 710 etiam
964 666 1216 711 secundum
1247 681 1309 711 se.

300 735 586 793 Inquiramus
604 733 754 792 igitur,
772 733 1026 778 secundum
1053 734 1321 823 opinionem
1339 733 1614 806 Aristotelis,
1631 747 1720 793 qua
1738 733 1891 778 anima
1911 732 1969 777 sit
1989 731 2175 779 coelum

211 802 479 846 animatum.

300 869 469 912 Probat
496 868 633 912 etiam
659 867 705 911 in
729 867 910 912 decimo
933 867 1135 913 secundo
1162 869 1362 928 Metaph.
1390 870 1441 928 (t.
1470 884 1510 914 c.
1536 882 1603 926 35.
1630 878 1675 913 et
1695 866 1784 927 36.)
1811 868 1986 928 quod,
1975 883 2021 912 m
2043 877 2175 912 motu
2206 850 2216 855 ³

214 936 346 990 coeli,
382 945 449 979 est
466 935 756 979 considerare
784 935 952 993 aliquid
971 936 1094 994 quod
1121 946 1278 980 movet
1304 937 1494 980 omnino
1517 936 1779 989 immotum,
1798 946 1843 981 et
1859 935 2028 994 aliquid
2050 933 2174 994 quod

214 1014 372 1048 movet
398 1013 590 1047 motum.
619 1002 668 1046 Id
688 1011 840 1047 autem
868 1004 990 1061 quod
1018 1014 1175 1048 movet
1202 1005 1391 1047 omnino
1418 1003 1666 1048 immotum
1683 1012 1840 1047 movet
1863 1003 1982 1048 sicut
2006 1001 2176 1047 deside-

215 1071 379 1126 rabile;
411 1085 496 1115 nec
532 1070 718 1114 dubium
753 1070 860 1128 quin
895 1071 948 1114 ab
983 1085 1040 1116 eo
1068 1071 1191 1129 quod
1227 1081 1451 1115 movetur.
1492 1069 1706 1115 Ostendit
1742 1080 1896 1114 autem
1926 1068 2050 1128 quod
2079 1081 2175 1112 non

214 1140 330 1183 sicut
356 1137 653 1182 desiderabile
681 1137 905 1181 desiderio
933 1138 1348 1196 concupiscentiae,
1375 1137 1497 1197 quod
1516 1147 1583 1182 est
1609 1136 1882 1181 desiderium
1898 1149 2072 1189 sensus,
2096 1134 2176 1180 sed

214 1206 330 1249 sicut
356 1203 653 1248 desiderabile
686 1203 983 1249 intellectuali
1014 1205 1265 1259 desiderio;
1302 1206 1422 1249 unde
1460 1204 1567 1248 dicit
1600 1203 1722 1262 quod
1754 1203 1953 1262 primum
1983 1215 2176 1247 move-ns

212 1286 308 1316 non
340 1282 522 1316 motum
555 1282 623 1316 est
649 1270 946 1316 desiderabile
973 1281 1017 1316 et
1041 1271 1363 1316 intellectuale.
1395 1272 1538 1330 Igitur
1559 1271 1604 1314 id
1631 1270 1755 1329 quod
1782 1271 1836 1314 ab
1864 1283 1922 1315 eo
1952 1277 2179 1324 movetur,

216 1338 391 1384 scilicet
423 1338 624 1393 coelum,
662 1349 731 1383 est
766 1338 1027 1383 desiderans
1065 1350 1109 1383 et
1132 1338 1392 1398 intelligens
1421 1338 1638 1382 nobiliori
1663 1336 1806 1382 modo
1832 1351 1972 1396 quam
1996 1350 2098 1390 nos,
2129 1345 2180 1381 ut

216 1406 544 1465 subsequenter
570 1406 744 1465 probat.
778 1406 858 1450 Est
882 1406 1019 1465 igitur
1057 1405 1241 1451 coelum
1275 1407 1600 1464 compositum,
1626 1404 1880 1449 secundum
1910 1403 2179 1464 opinionem

215 1473 492 1528 Aristotelis,
521 1488 575 1517 ex
603 1473 756 1517 anima
781 1472 1080 1518 intellectuali
1117 1484 1161 1518 et
1197 1487 1412 1533 corpore;
1446 1483 1491 1517 et
1515 1473 1606 1518 hoc
1643 1471 1871 1531 significat
1902 1471 1950 1517 in
1975 1469 2180 1517 secundo

216 1541 288 1585 De
316 1541 469 1584 anima
493 1541 544 1597 (t.
563 1555 600 1584 c.
635 1541 743 1600 29.)‚
770 1540 847 1583 ubi
873 1540 983 1584 dicit
1008 1540 1131 1599 quod
1154 1557 1177 1582 «
1202 1537 1472 1600 quibusdam
1490 1541 1608 1584 inest
1631 1538 1964 1584 intellectivam
1987 1547 2032 1583 et
2054 1535 2182 1582 intel-

217 1607 377 1661 lectus,
404 1617 454 1651 ut
478 1607 760 1662 hominibus,
788 1617 832 1651 et
857 1607 895 1652 si
927 1607 1096 1666 aliquid
1122 1607 1315 1653 alterum
1341 1607 1607 1666 hujusmodi
1627 1616 1700 1651 est
1721 1605 1921 1651 activum
1946 1614 2025 1650 aut
2036 1604 2185 1651 hono-

217 1674 401 1719 rabilius
424 1692 465 1728 »,
499 1674 674 1719 scilicet
700 1674 897 1718 coelum.
927 1675 1122 1719 Constat
1154 1685 1308 1719 autem
1335 1675 1457 1734 quod
1485 1673 1669 1719 coelum
1694 1686 1789 1717 non
1814 1673 1954 1717 habet
1977 1672 2181 1717 animam

217 1743 496 1795 sensitivam,
540 1741 792 1786 secundum
826 1742 1093 1801 opinionem
1125 1742 1385 1787 Aristotelis
1428 1741 1651 1799 (secundo
1677 1741 1750 1784 De
1783 1738 1960 1796 caelo);
1993 1738 2184 1783 haberet
2221 1798 2225 1800 v

217 1810 341 1853 enirn
375 1809 552 1853 diversa
585 1823 772 1866 organa,
799 1823 914 1867 quae
940 1823 1034 1853 non
1063 1819 1330 1868 competunt
1355 1808 1636 1868 simplicitati
1668 1806 1809 1862 coeli3
1837 1816 1882 1852 et
1913 1806 1969 1850 ad
1999 1806 2091 1850 hoc
2124 1805 2182 1850 si-

218 1876 467 1934 gnandum,
504 1876 736 1935 subjungit
777 1875 1049 1920 Aristoteles
1083 1877 1307 1935 (secundo
1341 1877 1413 1921 De
1442 1876 1609 1929 anima,
1635 1885 1666 1919 t.
1701 1889 1739 1918 c.
1772 1874 1877 1932 32),
1903 1873 1960 1918 de
1985 1885 2182 1918 numero

220 1943 583 2002 corruptibilium
608 1943 728 1987 inest
751 1943 1024 1997 intellectus,
1050 1943 1204 1988 insunt
1231 1957 1393 1988 omnes
1421 1943 1536 1987 aliae
1568 1942 1812 2001 potentiae,
1839 1950 1889 1984 ut
1908 1939 2035 1985 daret
2053 1937 2186 1987 ,intel-

217 2010 358 2068 ligere
386 2010 509 2069 quod
543 2010 694 2069 aliqua
719 2010 1080 2069 incorruptibilia
1105 2011 1276 2054 habent
1301 2009 1600 2063 intellectum,
1627 2023 1744 2068 quae
1769 2021 1864 2052 non
1879 2007 2050 2052 habent
2072 2005 2185 2052 alias

217 2079 444 2135 potentias
478 2077 674 2131 animae,
707 2076 883 2122 scilicet
917 2092 1112 2137 corpora
1146 2077 1377 2122 coelestia.
1416 2077 1526 2122 Non
1557 2076 1722 2135 poterit
1753 2075 1891 2134 igitur
1936 2073 2028 2118 dici
2056 2073 2179 2133 quod

215 2144 472 2189 intellectus
500 2145 789 2190 continuetur
816 2145 1082 2204 corporibus
1110 2144 1383 2190 coelestibus
1401 2159 1480 2203 per
1497 2144 1841 2204 phantasmata;
1858 2141 1939 2187 sed
1954 2140 2184 2200 oportebit

218 2212 368 2256 dicere
396 2212 518 2271 quod
544 2211 801 2258 intellectus
827 2212 1082 2257 secundum
1115 2227 1245 2257 suam
1265 2212 1564 2257 substantiam
1586 2211 1767 2255 uniatur
1793 2209 1976 2267 corpori
1994 2207 2186 2253 coelesti

218 2289 267 2323 ut
291 2277 455 2325 forma.
485 2279 560 2323 Sic
587 2279 723 2338 igitur
750 2289 795 2324 et
827 2280 1010 2339 corpori
1041 2280 1262 2334 humano,
1287 2279 1411 2339 quod
1438 2289 1505 2323 est
1534 2279 1652 2322 inter
1677 2276 1835 2322 omnia
1857 2289 2054 2336 corpora
2076 2274 2185 2319 infe·

219 2347 339 2390 riora
365 2346 703 2391 nobilissimum
736 2357 780 2392 et
807 2346 1078 2406 aequalitate
1106 2361 1216 2391 suae
1249 2345 1584 2405 complexionis
1607 2343 1740 2390 coelo
1775 2344 1829 2388 ab
1858 2343 1985 2388 omni
2008 2351 2186 2388 contra-

219 2415 378 2458 rietate
412 2413 620 2458 absoluto
654 2413 957 2467 simillimum,
1002 2414 1254 2458 secundum
1286 2414 1587 2458 intentionem
1624 2409 1898 2465 Aristotelis,
1934 2409 2184 2456 substantia

219 2480 541 2527 intellectualis
566 2481 731 2535 unitur,
757 2496 851 2525 non
883 2495 963 2540 per
990 2481 1141 2540 aliqua
1173 2481 1506 2540 phantasmata,
1534 2480 1613 2524 sed
1636 2490 1683 2523 ut
1714 2477 1865 2523 forma
1897 2477 2052 2536 ipsius.

309 2549 412 2592 Hoc
442 2559 609 2602 autem,
644 2548 766 2607 quod
794 2548 966 2592 dictum
994 2558 1062 2592 est
1089 2548 1144 2592 de
1171 2547 1450 2592 animatione
1478 2546 1610 2600 coeli,
1633 2560 1727 2590 non
1753 2544 1948 2589 diximus
1975 2543 2103 2604 quasi
2121 2557 2186 2589 as·

220 2616 413 2661 serendo
448 2617 699 2660 secundum
726 2615 831 2660 fidei
855 2615 1126 2669 doctrinam,
1146 2615 1201 2659 ad
1224 2629 1362 2674 quam
1387 2613 1503 2658 nihil
1518 2615 1713 2674 pertinet
1729 2613 1824 2657 sive
1856 2612 1921 2656 sic
1938 2612 2034 2656 sive
2056 2610 2186 2656 aliter

222 2683 419 2738 dicatur3
438 2683 558 2727 unde
576 2682 860 2742 Augustinus
889 2682 998 2726 dicit
1013 2683 1059 2726 in
1076 2682 1192 2726 libro
1214 2681 1442 2726 Enchirid.
1462 2683 1522 2740 (c.
1551 2680 1665 2739 58.):
1698 2696 1720 2721 «
1742 2679 1840 2725 Nec
1862 2677 1974 2723 illud
1999 2677 2185 2739 quidem

223 2762 398 2795 certum
431 2751 597 2804 habeo,
630 2760 783 2794 utrum
811 2750 866 2793 ad
893 2749 1105 2794 eamdem
1131 2750 1413 2803 societatem,
1432 2748 1607 2792 scilicet
1630 2746 1914 2806 angelorum,
1930 2745 2187 2805 pertineant

226 2818 296 2862 sol
329 2828 373 2863 et
404 2817 513 2862 luna
554 2827 599 2862 et
631 2827 795 2861 cuncta
836 2817 1006 2872 sidera3
1041 2818 1248 2876 quamvis
1281 2815 1513 2861 nonnullis
1554 2814 1704 2860 lucida
1737 2827 1835 2859 esse
1867 2825 2060 2873 corpora
2091 2825 2187 2856 non

222 2896 378 2930 tamen
411 2899 546 2931 sensu
579 2884 653 2930 vel
683 2884 986 2944 intelligentia
1017 2885 1279 2929 videatur».

956 3031 1212 3089 CAPUT
1254 3032 1456 3088 LXXI.

570 3171 729 3218 QUOD
772 3170 947 3210 ANIMA
986 3170 1298 3209 IMMEDIATE
1338 3169 1548 3208 UNITUR
1589 3167 1847 3207 CORPORI-

313 3282 379 3326 Ex
412 3281 673 3340 praemissis
713 3290 866 3326 autem
902 3280 1115 3325 concludi
1148 3290 1311 3340 potest,
1347 3279 1470 3339 quod
1504 3279 1657 3324 anima
1697 3277 1963 3324 immediate
1999 3277 2183 3337 corpori

227 3349 404 3403 unitur;
430 3363 514 3393 nec
542 3358 725 3408 oportet
749 3363 920 3407 ponere
954 3348 1137 3407 aliquod
1165 3348 1368 3392 medium
1395 3347 1524 3406 quasi
1557 3346 1760 3391 animam
1794 3344 1975 3405 corpori
2001 3343 2184 3398 uniens;

224 3415 300 3461 vel
311 3417 645 3475 phantasmata,
663 3417 779 3461 sicut
796 3416 905 3461 dicit
922 3416 1172 3470 Averro'e's;
1190 3414 1264 3460 vel
1282 3414 1507 3473 potentias
1519 3414 1673 3473 ipsius,
1686 3412 1997 3473 sicut-quidam
2009 3411 2189 3465 dicunt;

225 3482 300 3527 vel
327 3483 464 3527 etiam
491 3483 698 3542 spiritum
726 3482 1030 3542 corporalem,
1057 3482 1174 3528 sicut
1197 3481 1273 3526 alii
1300 3481 1519 3526 dixerunt.

319 3551 572 3595 Ostensum
611 3561 679 3595 est
711 3551 833 3595 enim
871 3551 994 3610 quod
1031 3551 1183 3594 anima
1214 3549 1366 3593 unitur
1399 3548 1582 3607 corpori
1613 3558 1662 3593 ut
1691 3546 1843 3593 forma
1878 3546 2001 3607 eit-1³3
2032 3543 2188 3590 forma

228 3626 380 3663 autem
407 3619 559 3663 unitur
595 3618 814 3663 materiae
846 3617 1016 3677 absque
1053 3615 1182 3662 omni
1213 3614 1392 3671 medi03
1419 3629 1499 3675 per
1524 3628 1571 3661 se
1604 3615 1730 3660 enim
1761 3611 1983 3674 competit
2010 3609 2188 3656 formae

2297 3601 2316 3639 ’ἐξ
2286 3404 2326 3594 Ψὴῇζᾏρἦῶω
2294 3068 2332 3390 Γ’“’“ῗξῗξᾎᾴζῆεὶῆ-ῗςὶὴῑᾋή4ηω
2309 3144 2311 3146 ’
2312 2909 2332 3079 “vm
2311 3001 2320 3007 '·
2310 2978 2317 2986 ²
2309 2770 2332 2921 [murali-¹&
2327 2745 2332 2758 ,Μ
2315 2668 2332 2732 „22:122
