2332 3854
194 188 261 238 16
898 202 1054 241 LIBER
1093 203 1128 241 1.
1173 202 1294 242 cAP.
1335 203 1450 242 xm.

187 311 329 346 vetur.
357 302 457 346 Hoc
486 313 639 348 autem
665 303 803 348 habet
828 304 1100 350 Aristoteles
1138 320 1220 364 pro
1246 305 1532 365 impossibili,
1558 309 1681 368 quod
1706 309 1879 355 scilicet
1902 310 2147 370 aliquando

186 368 337 413 nullus
354 380 506 414 motus
534 371 611 425 sit;
638 385 749 430 ergo
776 371 975 430 primum
1001 386 1095 415 non
1112 371 1196 416 fuit
1213 373 1497 433 contingens,
1524 376 1630 435 quia
1647 391 1701 421 ex
1726 377 1842 421 falso
1867 378 2146 437 contingenti

185 450 280 479 non
307 437 507 495 sequitur
532 436 698 481 falsum
724 438 1019 496 impossibile.
1038 438 1095 482 Et
1111 438 1174 483 sic
1201 439 1315 484 haec
1334 443 1611 500 propositio:
1649 459 1672 484 «
1695 458 1834 488 omne
1866 458 2058 489 movens
2091 446 2147 490 ab

187 502 277 547 alio
305 514 517 548 movetur
538 522 580 558 >›,
613 520 707 549 non
732 505 815 549 fuit
841 519 920 564 per
946 506 1157 550 accidens
1182 521 1302 551 vera.

275 571 415 616 Item:
444 572 482 615 si
508 572 659 631 aliqua
693 572 783 616 duo
818 582 921 616 sunt
954 573 1197 630 conjuncta
1223 588 1304 632 per
1330 574 1541 620 accidens
1568 577 1615 620 in
1652 577 1820 636 aliquo,
1858 589 1902 623 et
1933 593 2075 622 unum
2099 578 2149 623 il-

184 636 336 680 lorum
367 638 595 682 invenitur
621 640 718 683 sine
746 639 904 692 altero,
931 638 1165 697 probabile
1193 651 1262 684 est
1287 641 1409 699 quod
1432 642 1624 687 alterum
1652 645 1819 703 absque
1850 644 1931 688 illo
1952 645 2149 689 inveniri

184 705 341 761 possit,
368 706 484 749 sicut
509 708 544 749 si
573 706 727 749 album
760 716 804 749 et
830 706 1059 749 musicum
1091 707 1382 752 inveniuntur
1406 708 1453 752 in
1482 709 1686 764 Socrate,
1720 721 1764 755 et
1788 711 1834 754 in
1860 711 2053 756 Platone
2084 712 2150 757 in·-

182 771 361 815 venitur
385 772 614 815 musicum
633 772 800 830 absque
816 772 934 827 albo,
953 773 1185 831 probabile
1205 785 1272 819 est
1288 775 1410 834 quod
1426 776 1472 819 in
1500 777 1653 835 aliquo
1673 777 1763 822 alio
1788 778 1932 836 possit
1954 778 2147 823 inveniri

182 837 336 881 album
364 839 531 897 absque
550 839 740 882 musico.
761 839 810 882 Si
834 839 970 897 igitur
988 854 1180 885 movens
1206 850 1251 885 et
1266 852 1446 886 motum
1474 846 1813 903 conjunguntur
1829 847 1875 889 in
1893 845 2046 904 aliquo
2065 859 2146 904 per

183 905 410 960 accidens,
437 916 617 949 motum
645 916 798 950 autem
825 906 1052 951 invenitur
1073 908 1120 951 in
1144 907 1308 967 aliquo
1337 909 1504 968 absque
1533 924 1588 954 eo
1616 911 1738 969 quod
1765 921 1965 965 moveat,
1987 912 2148 971 proba-

180 971 270 1015 bile
299 982 366 1016 est
392 973 514 1031 quod
542 987 733 1016 movens
766 974 1024 1018 inveniatur
1065 975 1234 1034 absque
1258 989 1313 1020 eo
1341 977 1464 1034 quod
1483 988 1744 1022 moveatur:
1776 991 1860 1022 nec
1879 988 2038 1023 contra
2053 979 2145 1024 hoc

179 1049 330 1097 potest
355 1039 451 1083 fieri
477 1040 689 1084 instantia
716 1040 771 1085 de
795 1041 972 1085 duobus
999 1055 1196 1100 quorum
1223 1057 1366 1086 unum
1394 1044 1448 1087 ab
1477 1043 1620 1088 altero
1649 1045 1887 1103 dependet,
1905 1045 2012 1104 quia
2027 1045 2144 1090 haec

180 1120 275 1149 non
303 1108 641 1165 conjunguntur
667 1122 747 1165 per
779 1121 840 1162 se,
868 1108 946 1151 sed
974 1123 1052 1166 per
1085 1109 1310 1153 accidens.

271 1173 321 1217 Si
346 1184 500 1218 autem
527 1174 755 1232 praedicta
777 1175 1031 1234 propositio
1059 1186 1127 1220 est
1151 1190 1259 1220 vera
1285 1191 1365 1235 per
1391 1191 1453 1231 se,
1481 1178 1688 1223 similiter
1713 1178 1914 1238 sequitur
1934 1179 2146 1239 impossi-

180 1240 269 1284 bile
296 1240 370 1284 vel
395 1241 738 1295 inconveniens,
766 1242 871 1300 quia
897 1241 970 1285 vel
998 1252 1177 1301 oportet
1193 1244 1316 1302 quod
1334 1258 1526 1288 movens
1546 1255 1785 1289 moveatur
1806 1246 1967 1292 eadem
1988 1246 2141 1306 specie

180 1318 332 1352 motus
360 1323 449 1367 qua
475 1318 647 1363 movet,
664 1308 739 1352 vel
761 1308 862 1352 alia.
892 1309 942 1352 Si
965 1310 1141 1363 eadem,
1165 1323 1275 1369 ergo
1299 1311 1527 1369 oportebit
1552 1312 1675 1370 quod
1699 1311 1893 1356 alterans
1911 1312 2138 1367 alteretur,

181 1386 226 1420 et
252 1375 437 1419 ulterius
465 1376 587 1434 quod
614 1390 779 1420 sanans
806 1386 1003 1430 sanetur,
1031 1387 1075 1421 et
1102 1377 1223 1435 quod
1252 1377 1422 1422 docens
1457 1377 1690 1432 doceatur,
1717 1379 1856 1423 etiam
1888 1379 2142 1435 secundum

178 1444 389 1487 eamdem
417 1443 669 1487 scientiam.
698 1444 801 1488 Hoc
830 1453 981 1488 autem
1006 1454 1074 1488 est
1103 1445 1406 1503 impossibile:
1442 1460 1551 1490 nam
1578 1447 1823 1491 docentem
1853 1461 2041 1492 necesse
2073 1457 2142 1492 est

176 1511 344 1554 habere
372 1510 625 1564 scientiam,
654 1511 966 1555 addiscentem
996 1525 1106 1555 vero
1139 1526 1329 1556 necesse
1372 1523 1440 1557 est
1474 1527 1568 1557 non
1609 1514 1793 1568 habere,
1832 1523 1877 1559 et
1917 1514 1982 1559 sic
2017 1513 2143 1560 idem

175 1577 415 1621 habebitur
437 1577 490 1621 ab
519 1578 686 1622 eodem
713 1587 756 1622 et
781 1592 875 1621 non
906 1578 1159 1632 habebitur,
1187 1578 1309 1637 quod
1333 1589 1400 1623 est
1425 1579 1722 1638 impossibile.
1911 1575 1914 1578 ’

269 1644 318 1688 Si
353 1655 505 1688 autem
539 1644 791 1688 secundum
829 1644 966 1688 aliam
993 1645 1195 1703 speciem
1233 1655 1386 1690 motus
1428 1657 1682 1701 moveatur,
1713 1647 1776 1691 ita
1809 1647 1984 1693 scilicet
2014 1648 2138 1708 quod

178 1711 372 1756 alterans
399 1721 639 1756 moveatur
661 1705 913 1756 secundum
938 1711 1111 1766 locum,
1136 1722 1179 1756 et
1205 1727 1397 1757 movens
1425 1713 1678 1758 secundum
1710 1713 1867 1758 locum
1901 1725 2136 1774 augeatur,

178 1788 222 1823 et
253 1779 317 1823 sic
344 1779 399 1823 de
433 1778 531 1822 aliis
558 1789 638 1832 est,
679 1793 784 1823 cum
817 1780 907 1823 sint
936 1778 1062 1823 finita
1089 1793 1257 1837 genera
1291 1790 1336 1824 et
1367 1781 1542 1839 species
1574 1790 1741 1835 motus,
1774 1791 1986 1841 sequetur
2017 1782 2140 1841 quod

175 1859 271 1889 non
296 1845 353 1890 sit
385 1846 506 1890 abire
537 1846 585 1889 in
614 1845 856 1889 infinitum.
890 1846 947 1890 Et
978 1846 1041 1890 sic
1084 1846 1167 1890 erit
1187 1846 1383 1906 aliquod
1417 1847 1615 1905 primurn
1648 1862 1840 1892 movens
1881 1848 2004 1908 quod
2038 1863 2140 1894 vnon

179 1922 390 1957 movetur
413 1913 466 1956 ab
496 1912 606 1967 alio;
633 1913 721 1957 nisi
746 1912 864 1957 forte
891 1913 1054 1972 aliquis
1082 1913 1215 1969 dicat,
1239 1915 1360 1973 quod
1393 1914 1472 1959 fiat
1503 1914 1687 1959 reflexio
1720 1916 1811 1959 hoc
1838 1915 1980 1960 modo
2013 1917 2136 1976 quod

179 1980 421 2040 completis
448 1981 660 2024 omnibus
687 1980 926 2039 generibus
955 1990 999 2025 et
1031 1981 1267 2040 speciebus
1295 1991 1446 2026 motus
1474 1982 1639 2026 iterum
1667 1992 1876 2041 oporteat
1900 1983 2047 2028 redire
2079 1983 2135 2028 ad

176 2048 405 2106 primum:
440 2057 489 2091 ut
520 2049 558 2092 si
584 2061 776 2092 movens
798 2047 1052 2091 secundum
1078 2047 1236 2092 locum
1259 2047 1485 2097 alteretur,
1513 2058 1557 2092 et
1583 2048 1778 2093 alterans
1805 2059 2038 2108 augeatur,
2063 2049 2141 2095 ite-

175 2129 278 2158 rum
306 2129 477 2172 augens
510 2124 751 2159 moveatur
789 2115 1042 2159 secundum
1068 2114 1239 2160 locum.
1280 2115 1370 2159 Sed
1398 2129 1451 2159 ex
1488 2114 1578 2159 hoc
1622 2116 1823 2174 sequitur
1863 2116 1985 2161 idern
2011 2117 2138 2176 quod

175 2182 312 2241 prius,
334 2181 510 2226 scilicet
535 2181 721 2240 quodid
743 2182 867 2241 quod
890 2191 1047 2226 movet
1067 2182 1321 2225 secundum
1344 2181 1544 2240 aliquam
1567 2182 1768 2239 speciem
1791 2193 1958 2238 motus,
1980 2197 2138 2228 secun-

173 2248 283 2292 dum
310 2248 521 2301 eamdem
547 2258 803 2303 moveatur,
825 2249 933 2293 licet
957 2263 1053 2293 non
1075 2249 1355 2303 immediate,
1382 2248 1460 2292 sed
1488 2249 1709 2303 mediate3
1734 2263 1844 2307 ergo
1867 2249 2136 2309 relinquitur

175 2315 297 2375 quod
323 2325 503 2374 oportet
528 2330 700 2374 ponere
733 2315 920 2374 aliquod
951 2316 1152 2374 primum
1185 2315 1308 2374 quod
1340 2329 1435 2359 non
1467 2325 1707 2359 moveatur
1740 2317 1794 2359 ab
1829 2315 1982 2376 aliquo
2015 2327 2141 2362 exte-

173 2384 296 2427 riori.
334 2382 456 2435 Quia
488 2397 599 2427 vero
631 2383 722 2427 hoc
755 2383 928 2437 habito,
962 2383 1085 2442 quod
1118 2382 1294 2428 scilicet
1325 2384 1382 2427 sit
1421 2382 1621 2441 primurn
1658 2397 1850 2428 movens
1882 2384 2006 2444 quod
2036 2398 2132 2430 non

175 2460 385 2495 movetur
411 2450 464 2494 ab
493 2449 583 2494 alio
618 2451 844 2506 exteriori,
875 2465 970 2494 non
997 2450 1198 2509 sequitur
1224 2450 1347 2509 quod
1374 2450 1431 2494 sit
1455 2450 1633 2509 penitus
1659 2450 1913 2505 immobile,
1938 2451 2044 2496 ideo
2071 2451 2137 2496 ul-

172 2517 311 2562 terius
328 2518 534 2575 procedit
550 2517 821 2562 Aristoteles
839 2517 1032 2562 dicendo
1054 2517 1176 2576 quod
1198 2517 1288 2561 hoc
1307 2526 1457 2576 potest
1475 2530 1573 2561 esse
1591 2517 1853 2576 dupliciter:
1877 2532 1970 2563 uno
1993 2519 2135 2564 modo

172 2585 249 2638 ita,
268 2584 390 2643 quod
410 2584 523 2628 illud
541 2585 745 2643 primurn
763 2585 818 2629 sit
843 2585 1020 2643 penitus
1047 2583 1309 2638 immobile;
1342 2597 1433 2643 quo
1457 2583 1607 2643 posito
1625 2584 1818 2629 habetur
1834 2585 2135 2644 propositum,

172 2651 347 2696 scilicet
372 2652 495 2711 quod
520 2652 577 2696 sit
603 2651 787 2710 aliquod
813 2651 1012 2711 primum
1045 2665 1236 2695 movens
1262 2651 1522 2695 immobile:
1558 2651 1647 2695 alio
1680 2651 1837 2705 modo,
1865 2651 1988 2711 quod
2019 2651 2135 2698 illud

173 2721 371 2779 primum
398 2728 638 2763 moveatur
661 2733 687 2762 a
713 2718 885 2778 seipso;
909 2728 953 2763 et
984 2719 1074 2762 hoc
1107 2718 1284 2763 videtur
1310 2718 1558 2777 probabile,
1592 2718 1697 2778 quia
1723 2719 1846 2777 quod
1873 2729 1940 2764 est
1965 2733 2046 2777 per
2071 2733 2134 2775 se,

172 2801 353 2846 semper
380 2796 449 2830 est
473 2786 596 2845 prius
623 2799 678 2830 eo
702 2785 825 2845 quod
849 2795 916 2830 est
932 2800 1012 2845 per
1034 2786 1169 2831 aliud.
1188 2785 1322 2830 Unde
1345 2787 1485 2830 etiam
1507 2786 1553 2830 in
1576 2786 1714 2830 motis
1736 2786 1935 2843 primum
1954 2795 2134 2832 motum

172 2853 441 2898 rationabile
468 2864 535 2898 est
560 2867 640 2912 per
665 2855 865 2911 seipsum
892 2853 1083 2907 moveri,
1106 2867 1200 2897 non
1228 2853 1280 2896 ab
1307 2852 1412 2896 alio.
1437 2853 1528 2897 Sed
1554 2853 1646 2897 hoc
1674 2853 1796 2907 dato,
1822 2852 1988 2897 iterum
2004 2853 2130 2899 idem

171 2931 406 2980 sequetur3
447 2935 543 2965 non
575 2921 698 2965 enirn
730 2930 881 2980 potest
912 2920 1004 2964 dici
1037 2921 1159 2980 quod
1186 2934 1377 2964 movens
1405 2920 1620 2979 seipsum,
1647 2929 1800 2964 totum
1832 2930 2074 2966 moveatur
2107 2935 2133 2966 a

171 2999 285 3042 toto,
302 2988 407 3047 quia
429 2989 493 3032 sic
517 2998 813 3047 sequerentur
829 2988 1061 3047 praedicta
1077 2987 1462 3042 inconvenientia,
1481 2986 1657 3031 scilicet
1673 2987 1794 3045 quod
1815 2985 1978 3046 aliquis
1994 2987 2133 3032 simul

171 3057 358 3100 doceret
389 3065 433 3100 et
460 3055 715 3109 doceretur,
743 3065 787 3099 et
819 3054 1027 3100 similiter
1057 3055 1104 3098 in
1138 3054 1236 3099 aliis
1273 3054 1488 3108 motibus,
1521 3063 1566 3098 et
1596 3054 1761 3097 iterum
1793 3053 1917 3112 quod
1960 3053 2131 3114 aliquid

171 3123 308 3167 simul
335 3118 453 3168 esset
478 3124 525 3167 in
557 3123 761 3181 potentia
794 3133 838 3167 et
870 3132 998 3177 actu;
1030 3136 1139 3167 nam
1171 3135 1377 3179 movens,
1411 3121 1459 3165 in
1492 3130 1712 3180 quantum
1744 3121 2026 3179 hujusmodi,
2063 3131 2134 3167 est

173 3201 298 3244 actu;
332 3199 511 3234 motum
543 3204 653 3235 vero
686 3191 733 3234 in
765 3190 981 3249 potentia.
1015 3188 1302 3248 Relinquitur
1338 3188 1488 3247 igitur,
1522 3188 1644 3247 quod
1677 3201 1767 3231 una
1804 3202 1908 3247 pars
1940 3190 2037 3247 ejus
2064 3198 2134 3234 est

172 3271 363 3301 movens
390 3267 582 3311 tantum,
611 3268 656 3302 et
689 3256 831 3301 altera
858 3267 1008 3311 mota3
1043 3266 1088 3301 et
1118 3256 1182 3300 sic
1214 3255 1406 3299 habetur
1438 3255 1560 3299 idem
1593 3254 1716 3313 quod
1742 3255 1879 3313 prius,
1906 3255 2028 3314 quod
2056 3255 2135 3300 ali·

172 3325 278 3382 quid
304 3325 360 3368 sit
386 3339 576 3369 movens
604 3324 863 3369 immobile:
898 3325 1049 3382 ipsum
1075 3323 1199 3368 enim
1220 3323 1386 3367 habere
1404 3332 1579 3382 partem
1597 3322 1909 3366 necessarium
1925 3332 2007 3377 est,
2025 3336 2130 3367 cum

172 3405 309 3435 omne
337 3405 528 3435 movens
560 3392 618 3436 sit
651 3390 887 3435 divisibile.
914 3391 1022 3436 Non
1056 3400 1207 3435 autem
1234 3398 1383 3449 potest
1410 3389 1498 3434 dici
1525 3388 1647 3448 quod
1674 3398 1863 3448 utraque
1890 3402 1994 3448 pars
2025 3403 2127 3434 mo-

172 3468 343 3511 veatur,
370 3459 430 3502 ita
459 3459 578 3517 quod
603 3473 692 3502 una
720 3459 772 3502 ab
798 3459 953 3513 altera,
976 3472 1123 3518 neque
1148 3457 1270 3517 quod
1292 3471 1381 3502 una
1404 3470 1506 3516 pars
1530 3465 1717 3500 moveat
1742 3456 1940 3516 seipsam
1966 3466 2013 3501 et
2033 3471 2130 3502 mo-

171 3535 275 3568 veat
302 3524 505 3578 alteram,
538 3539 686 3584 neque
721 3525 844 3585 quod
870 3535 1019 3571 totum
1046 3535 1234 3570 moveat
1259 3535 1449 3583 partem,
1481 3538 1629 3583 neque
1666 3523 1789 3583 quod
1816 3537 1918 3582 pars
1945 3534 2131 3569 moveat

172 3602 334 3646 totum,
357 3592 461 3651 quia
484 3603 780 3651 sequerentur
797 3594 1045 3653 praemissa
1067 3593 1451 3647 inconvenientia,
1469 3590 1644 3637 scilicet
1662 3590 1783 3651 quod
1803 3589 1972 3652 aliquid
1993 3590 2130 3639 simul
