2332 3854
839 250 991 289 Lmen
1032 249 1087 288 11.
1130 249 1248 288 CAP.
1291 233 1418 287 Lv11.
2003 251 2101 305 195

239 352 330 398 Sed
360 351 452 397 hoc
485 365 583 396 esse
614 364 708 395 non
740 360 903 411 potest,
936 351 1056 411 quia,
1088 361 1137 396 ut
1168 352 1329 411 probat
1363 350 1672 410 Philosophus
1709 350 1756 395 in
1798 352 2000 396 secundo
2033 352 2105 397 De

149 418 302 464 anima
327 420 379 478 (t.
407 433 445 463 c.
477 418 581 476 51.),
607 418 773 462 sentire
801 418 965 462 accidit
996 419 1042 462 in
1074 419 1173 478 ipso
1207 418 1384 463 moveri
1410 432 1436 462 a
1468 416 1752 463 sensibilibus
1785 418 2107 472 exterioribu53

57 531 58 534 ,
147 486 266 531 unde
296 499 390 530 non
421 494 571 544 potest
601 484 747 528 homo
779 484 944 528 sentire
978 485 1146 544 absque
1179 486 1391 530 exteriori
1423 484 1638 539 sensibili,
1677 485 1793 529 sicut
1828 498 1923 529 non
1954 494 2107 543 potest

74 564 77 567 ·
147 551 317 612 aliquid
342 551 520 596 moveri
546 551 714 610 absque
741 561 969 594 movente.
1001 551 1243 610 Organum
1270 553 1405 612 igitur
1430 565 1589 597 sensus
1614 561 1840 606 movetur,
1866 562 1910 596 et
1941 552 2106 611 patitur

145 617 193 664 in
219 617 471 674 sentiendo,
489 617 567 662 sed
594 617 648 662 ab
676 617 887 662 exteriori
913 617 1126 663 sensibili.
1154 617 1270 663 Illud
1296 629 1450 663 autem
1477 618 1599 678 quod
1626 617 1805 678 patitur,
1833 627 1900 663 est
1923 632 2106 672 sensus;

146 684 268 746 q'uod
295 699 348 730 ex
373 684 463 729 hoc
490 694 628 745 patet,
655 684 760 744 quia
788 685 987 728 carentia
1009 698 1143 728 sensu
1160 699 1253 729 non
1271 686 1500 744 patiuntur
1522 699 1547 728 a
1565 684 1850 730 sensibilibus
1865 684 1947 729 tali
1964 686 2105 729 modo

64 767 72 793 τ
139 751 384 812 passionis.
412 751 582 796 Sensus
608 750 744 810 igitur
770 761 837 795 est
861 752 1001 795 virtus
1029 751 1206 810 passiva
1232 752 1373 811 ipsius
1400 752 1574 811 organi.
1602 752 1773 796 Anima
1803 752 1939 811 igitur
1970 752 2108 803 sensi-

69 852 73 854 <
146 818 238 864 tiva
263 832 358 862 non
384 832 432 862 se
458 818 595 862 habet
620 819 665 861 in
691 817 929 862 sentiendo
963 818 1079 862 sicut
1110 833 1316 873 movens,
1351 829 1395 863 et
1427 834 1581 878 agens,
1613 819 1692 864 sed
1724 821 1839 864 sicut
1868 819 1979 864 illud
2013 834 2105 879 quo

50 923 56 926 ,.
144 885 321 946 patiens
346 885 532 945 patitur:
565 885 688 944 quod
720 884 1000 944 impossibile
1034 895 1100 929 est
1132 900 1229 930 esse
1263 886 1506 940 diversum,
1539 886 1791 930 secundum
1823 899 1938 941 esse,
1971 901 1996 930 a
2026 901 2101 945 pa-

150 953 303 998 tiente.
313 952 421 997 Non
435 961 502 997 est
520 952 657 1011 igitur
667 953 819 995 anima
832 950 1054 996 sensibilis
1067 952 1318 996 secundum
1339 966 1436 996 esse
1447 952 1623 996 diversa
1640 967 1665 996 a
1684 966 1874 1012 corpore
1887 953 2106 997 animato.

234 1019 496 1064 Praeterea:
524 1018 631 1062 licet
658 1027 809 1062 motus
835 1018 892 1062 sit
918 1018 1178 1063 communis
1204 1028 1331 1063 actus
1359 1020 1588 1071 moventis
1617 1030 1662 1063 et
1684 1019 1822 1074 moti3
1840 1029 1995 1064 tamen
2019 1019 2107 1064 alia

147 1086 353 1147 operatio
380 1096 445 1131 est
475 1085 625 1130 facere
652 1095 845 1135 motum,
873 1095 917 1128 et
940 1086 1143 1143 recipere
1172 1096 1375 1131 motum:
1401 1085 1520 1129 unde
1547 1096 1592 1130 et
1618 1086 1707 1130 duo
1739 1087 2107 1144 praedicamenta

145 1164 388 1215 ponuntur,
414 1153 565 1198 facere
592 1162 636 1197 et
662 1153 768 1212 pati.
797 1153 847 1197 Si
871 1153 1008 1211 igitur
1034 1153 1080 1197 in
1106 1153 1343 1197 sentiendo
1378 1153 1530 1196 anima
1562 1153 1778 1197 sensitiva
1810 1168 1858 1198 se
1890 1153 2028 1198 habet
2059 1164 2109 1198 ut

71 1255 73 1257 -
139 1234 301 1280 agens,
328 1231 373 1265 et
398 1234 562 1279 corpus
589 1230 638 1264 ut
663 1220 852 1279 patiens,
882 1219 969 1263 alia
988 1220 1071 1264 erit
1089 1219 1294 1279 operatio
1313 1220 1508 1273 animae,
1527 1229 1571 1264 et
1593 1219 1681 1264 alia
1699 1221 1917 1279 corporis.
1936 1221 2108 1265 Anima

58 1344 66 1351 ς
145 1286 284 1346 igitur
309 1287 523 1332 sensitiva
549 1286 733 1331 habebit
760 1286 959 1346 aliquam
977 1288 1290 1346 operationem
1310 1287 1541 1346 propriam
1557 1303 1568 1341 ;
1586 1287 1769 1332 habebit
1790 1288 1927 1346 igitur
1944 1298 1989 1332 et
2009 1287 2109 1332 sub-

56 1351 65 1362 ”
145 1354 399 1400 sistentiam
424 1354 678 1414 propriam:
706 1367 800 1397 non
817 1354 952 1412 igitur
971 1355 1199 1398 destructo
1217 1367 1408 1413 corpore
1427 1367 1525 1398 esse
1541 1354 1729 1398 desinet.
1752 1354 1949 1399 Animae
1971 1354 2108 1413 igitur

145 1421 403 1475 sensitivae,
431 1421 569 1466 etiam
595 1420 974 1465 irrationabilium
1002 1420 1270 1465 animalium
1299 1430 1430 1464 erunt
1450 1420 1759 1466 immortales:
1783 1421 1904 1479 quod
1924 1421 2107 1479 quidem

143 1486 445 1547 improbabile
470 1487 660 1542 videtur,
687 1498 842 1532 tamen
870 1501 895 1530 a
920 1487 1126 1532 Platonis
1153 1487 1368 1547 opinione
1399 1501 1494 1532 non
1527 1487 1768 1539 discordat.
1804 1486 1894 1532 Sed
1928 1488 1983 1533 de
2015 1488 2106 1532 hoc

142 1549 261 1600 infra
292 1556 353 1613 (c.
380 1554 473 1612 82.)
501 1554 585 1599 erit
609 1554 740 1599 locus
766 1554 1026 1629 quaerendi.

83 1618 143 1631 ‘
234 1620 470 1682 Amplius:
497 1621 668 1666 mobile
694 1635 789 1665 non
815 1621 1001 1665 sortitur
1026 1620 1229 1680 speciem
1257 1635 1282 1664 a
1298 1635 1381 1665 suo
1401 1629 1595 1665 motore.
1616 1620 1666 1664 Si
1687 1621 1823 1679 igitur
1842 1621 1994 1665 anima
2010 1634 2105 1665 non

146 1688 436 1747 conjungitur
463 1688 645 1747 corpori
669 1687 758 1732 nisi
782 1687 899 1732 sicut
925 1696 1079 1732 motor
1103 1687 1279 1741 mobili,
1306 1702 1486 1747 corpus,
1515 1698 1559 1732 et
1583 1697 1733 1746 partes
1760 1689 1856 1746 ejus
1882 1702 1976 1732 non
1999 1701 2108 1732 con-

140 1754 394 1833 >sequuntur
428 1755 629 1815 speciem
662 1754 715 1799 ab
749 1755 928 1798 anima·
962 1754 1155 1799 abeunte
1187 1754 1325 1813 igitur
1364 1756 1531 1809 anima,
1562 1755 1816 1799 remanebit
1851 1769 2030 1814 corpus,
2064 1764 2110 1799 et

67 1827 102 1875 ζ’
145 1832 296 1884 partes
322 1823 419 1881 ejus
445 1822 650 1881 ejusdem
675 1820 860 1881 speciei.
887 1821 990 1865 Hoc
1018 1831 1171 1866 autem
1198 1832 1264 1866 est
1291 1821 1529 1867 manifeste
1555 1821 1745 1867 falsum:
1772 1836 1881 1866 nam
1908 1836 2031 1876 caro,
2065 1831 2110 1866 et

68 1934 77 1942 ,,
147 1902 217 1943 03,
238 1897 284 1934 et
307 1903 486 1943 manus,
512 1899 558 1933 et
580 1889 847 1947 hujusmodi
872 1898 1036 1948 parte3‚
1062 1898 1166 1948 post
1191 1889 1453 1934 abscessum
1481 1892 1662 1933 animae
1683 1902 1778 1933 non
1796 1889 2006 1933 dicuntur
2021 1889 2109 1933 nisi

10 1981 16 2015 ἐ
136 1951 412 2016 aequivoce,
439 1970 544 2000 cum
570 1955 685 2000 nulli
716 1956 879 2000 harum
911 1955 1107 2015 partium
1139 1955 1322 2015 propria
1355 1956 1560 2015 operatio
1595 1955 1723 2010 adsit,
1757 1970 1873 2015 quae
1905 1956 2107 2014 speciem

7 2034 14 2060 ἐ
35 2021 38 2024 ”
72 2017 94 2069 ῖῙῑ
136 2023 452 2082 consequitur.
478 2022 586 2068 Non
611 2023 749 2082 igitur
774 2023 925 2067 unitur
952 2022 1104 2067 anima
1131 2022 1313 2082 corpori
1337 2022 1490 2068 solum
1516 2022 1632 2067 sicut
1656 2031 1811 2067 motor
1833 2022 2008 2077 mobili,
2034 2022 2108 2067 vel

109 2131 111 2133 ,
139 2082 261 2137 '³sicut
285 2089 431 2134 homo
457 2090 745 2135 vestimento.

158 2154 166 2209 'J
233 2157 424 2203 Adhuc:
453 2157 622 2202 mobile
647 2171 742 2202 non
767 2157 908 2201 habet
933 2171 1032 2202 esse
1058 2171 1138 2234 per
1163 2170 1296 2201 suum
1323 2166 1570 2212 motorem,
1593 2157 1671 2201 sed
1688 2156 1984 2202 solummodo
2011 2170 2109 2200 mo-

2 2235 21 2263 !
144 2232 257 2270 tum.
290 2223 341 2269 Si
365 2223 509 2301 igitur.
526 2224 681 2268 anima
702 2223 884 2268 uniatur
900 2224 1083 2282 corpori
1099 2223 1396 2269 solummodo
1415 2234 1464 2268 ut
1480 2233 1648 2278 motor,
1666 2238 1830 2283 corpus
1848 2224 2108 2268 movebitur

22 2284 25 2286 ’
72 2318 108 2355 j}
135 2291 331 2375 ’βοῇάεηι
357 2291 411 2335 ab
439 2291 605 2346 anima,
631 2290 710 2335 sed
737 2304 831 2334 non
857 2290 1042 2335 habebit
1068 2304 1166 2335 esse
1188 2305 1268 2349 per
1294 2305 1411 2335 earn.
1433 2290 1599 2335 Vivere
1617 2302 1771 2335 autem
1790 2301 1857 2336 est
1875 2290 2107 2350 quoddam

71 2355 109 2399 ἐι
135 2354 245 2429 ᾱξε
269 2358 476 2404 viventis.
502 2357 611 2403 Non
635 2358 771 2418 igitur
799 2372 965 2417 corpus
990 2357 1112 2402 vivet
1136 2373 1217 2417 per
1244 2358 1460 2402 animam.

235 2425 373 2473 Item:
401 2424 572 2471 mobile
598 2439 746 2485 neque
763 2435 1008 2484 generatur
1024 2438 1104 2484 per
1121 2424 1475 2484 applicationem
1495 2425 1687 2469 motoris
1706 2424 1943 2484 adipsum,
1958 2438 2108 2484 neque

141 2485 228 2605 ξ
251 2493 348 2555 eius
373 2493 707 2552 separationem
738 2492 1059 2552 corrumpitur,
1086 2506 1191 2536 cum
1216 2506 1311 2537 non
1339 2492 1591 2551 dependeat
1614 2491 1784 2536 mobile
1803 2506 1827 2536 a
1847 2502 2027 2537 motore
2044 2506 2111 2536 se-

159 2560 163 2564 ”
206 2558 350 2604 ndum
376 2573 490 2615 esse,
515 2559 594 2604 sed
620 2559 872 2604 secundum
899 2559 1077 2603 moveri
1097 2568 1291 2604 tantum.
1319 2559 1369 2603 Si
1391 2559 1528 2618 igitur
1551 2559 1704 2603 anima
1725 2559 1906 2604 uniatur
1927 2559 2109 2619 corpori

147 2624 298 2672 tolum
322 2636 372 2672 ut
396 2636 564 2682 motor,
590 2626 791 2686 sequitur
817 2625 976 2686 quod
965 2641 1011 2670 1n
1028 2626 1198 2671 unione
1222 2626 1402 2670 animae
1430 2637 1474 2670 et
1501 2628 1705 2684 corporis
1727 2640 1822 2670 non
1848 2626 1932 2671 erit
1957 2626 2109 2685 aliqua

148 2694 397 2757 generatio,
423 2708 571 2754 neque
595 2693 643 2737 in
669 2693 956 2753 separatione
985 2693 1240 2769 corruptio:
1269 2703 1312 2737 et
1338 2693 1401 2737 sic
1429 2707 1569 2746 mors,
1596 2707 1712 2752 quae
1741 2693 1948 2738 consistit
1972 2695 2018 2737 in
2044 2707 2109 2737 se-

179 2758 381 2824 ‘tratione
407 2761 587 2806 animae
620 2770 664 2805 et
696 2761 917 2820 corporis,
948 2774 1043 2804 non
1076 2760 1160 2805 erit
1192 2761 1423 2820 corruptio
1457 2760 1681 2814 animalis,
1714 2760 1836 2819 quod
1870 2770 1938 2805 est
1968 2760 2110 2805 mani-

210 2880 224 2900 μ
283 2821 463 2873 falsum.

214 2880 500 2939 Praeterea:
528 2907 667 2939 omne
694 2907 886 2938 movens
913 2893 1112 2953 seipsum
1154 2893 1217 2938 ita
1244 2908 1290 2939 se
1312 2893 1449 2938 habet
1475 2893 1635 2954 quod
1624 2909 1670 2938 1n
1696 2893 1796 2953 ipso
1824 2904 1891 2939 est
1916 2894 2110 2948 moveri,

72 2992 111 3023 2,
144 2956 198 3007 et
217 2951 312 3005 non
337 2962 528 3016 moveri,
554 2974 756 3015 movere,
783 2970 828 3005 et
852 2974 946 3004 non
975 2974 1175 3005 movere.
1204 2960 1295 3004 Sed
1318 2962 1484 3015 anima,
1508 2960 1760 3006 secundum
1787 2960 1992 3006 Platonis
2017 2961 2111 3022 opi-

72 3022 110 3071 3ss
144 3023 334 3073 monem
358 3026 427 3087 (in
453 3027 635 3072 decimo
652 3027 724 3072 De
746 3026 917 3087 republ.
920 3027 955 3085 ),
976 3038 1131 3071 movet
1148 3041 1312 3087 corpus
1329 3028 1446 3072 sicut
1462 3041 1653 3072 movens
1671 3028 1896 3087 seipsum3
1914 3038 1979 3072 est
1997 3042 2108 3088 ergo

144 3078 211 3140 fn
218 3100 441 3153 'potestate
473 3095 653 3138 animae
686 3107 872 3138 movere
886 3107 1080 3171 corpus,
1107 3093 1181 3137 vel
1207 3108 1301 3138 non
1328 3108 1531 3138 movere.
1551 3094 1601 3139 Si
1623 3094 1759 3153 igitur
1775 3108 1874 3162 non·
1887 3095 2040 3139 unitur
2066 3096 2109 3140 ei

147 3152 237 3204 nisi
259 3160 376 3205 sicut
401 3170 555 3218 motor
579 3159 764 3237 mobili,
777 3161 860 3205 erit
884 3160 931 3204 in
957 3170 1180 3219 potestate
1208 3161 1388 3205 animae
1416 3162 1615 3220 separari
1642 3175 1667 3204 a
1689 3156 1881 3220 corpore
1905 3176 2010 3206 cum
2032 3177 2111 3208 vo-

148 3222 295 3286 luerit,
319 3235 364 3271 et
388 3226 553 3271 iterum
579 3227 696 3271 uniri
727 3227 769 3271 ei
795 3242 901 3271 cum
929 3227 1149 3272 voluerit:
1177 3228 1299 3287 quod
1326 3238 1450 3287 patet
1476 3242 1572 3272 esse
1599 3227 1781 3273 falsum.

77 3290 91 3332 's
211 3292 378 3352 Quod
406 3303 558 3338 autem
584 3304 633 3339 ut
659 3292 806 3338 forma
832 3295 1014 3354 propria
1040 3295 1193 3339 anima
1222 3295 1403 3354 corpori
1429 3295 1623 3348 uniatur,
1649 3296 1713 3339 sic
1736 3295 1964 3354 probatur.
1988 3295 2104 3341 Illud

148 3369 240 3418 quo
264 3357 431 3418 aliquid
463 3358 513 3403 fit
542 3359 596 3404 de
629 3360 831 3418 potentia
863 3371 980 3415 ente,
1014 3372 1117 3406 actu
1144 3376 1237 3416 ens,
1272 3372 1339 3405 est
1369 3360 1531 3415 forma,
1565 3371 1608 3406 et
1641 3370 1766 3405 actus
1799 3362 1952 3421 ipsius.
1991 3362 2109 3408 Cor-

148 3433 233 3491 pus
264 3434 417 3470 autem
449 3439 527 3485 per
559 3426 760 3470 animam
786 3426 834 3471 fit
874 3437 978 3472 actu
1021 3441 1099 3472 ens
1144 3428 1198 3471 de
1239 3429 1440 3487 potentia
1482 3428 1736 3473 exsistente.
1778 3429 1945 3474 Vivere
1985 3430 2107 3474 enim

0 3533 2 3547 ,
148 3495 219 3537 ut
249 3503 349 3536 esse
379 3491 586 3536 viventis.
619 3492 790 3538 Semen
822 3502 975 3538 autem
1008 3504 1111 3539 ante
1145 3494 1472 3538 animationem
1505 3505 1572 3539 est
1599 3494 1756 3539 vivens
1783 3494 1971 3540 solum
1959 3510 2005 3540 m
2030 3510 2109 3556 po-

0 3573 1 3576 *
35 3556 38 3561 '
150 3556 312 3611 tentia
335 3570 415 3617 per
441 3558 643 3606 animam
669 3568 822 3607 autem
847 3558 898 3606 fit
921 3559 1078 3608 vivens
1106 3572 1222 3606 actu.
1250 3560 1329 3605 Est
1360 3560 1497 3619 igitur
1534 3561 1687 3608 anima
1721 3560 1870 3607 forma
1903 3563 2108 3624 corporis

0 3611 2 3622 ’
155 3591 356 3672 ammas.
