2332 3854
782 201 936 240 LIBER
975 200 1010 240 1.
1051 200 1172 239 CAP.
1213 197 1436 237 Lxxxlu.
2010 199 2077 252 99

54 465 60 471 ,
186 465 190 473 (
786 389 1041 446 CAPUT
1082 387 1397 446 Lxxxm.

56 504 83 566 T
122 525 282 586 QUOD
323 524 466 565 DEUS
489 524 639 564 vum·
659 523 891 571 ALIQUID
921 524 1090 563 ALIUD
1113 524 1148 563 A
1169 524 1230 563 SE
1249 522 1624 565 NECESSITATE
1646 520 2078 563 SUPPOSITIONIS.

208 634 277 680 Ex
299 634 371 679 his
396 643 549 678 autem
574 632 733 676 haberi
758 641 909 689 potest
936 632 1074 691 quod,
1100 632 1208 677 licet
1242 633 1369 678 Deus
1402 632 1524 676 circa
1555 640 1740 676 causata
1780 631 1897 676 nihil
1921 646 2080 677 neces·

118 701 250 754 snio
266 700 378 747 velit
409 699 630 754 absolute,
655 698 753 743 vult
777 708 932 743 tamen
959 698 1126 758 aliquid
1152 700 1411 744 necessario
1445 713 1501 744 ex
1532 698 1795 743 conditione
1821 698 1895 743 vel
1920 713 2082 758 suppo-

47 765 81 822 [ἶ
118 765 299 817 dalone-
317 768 568 814 Ostensum
586 766 709 811 enim
726 775 795 810 est
811 766 871 824 (c.
889 766 1062 823 praec.)
1080 766 1280 810 divinam
1298 766 1582 811 voluntatem
1603 765 1938 812 immutabilem
1968 780 2080 810 esse.

47 829 61 835 “
118 835 400 896 usquelibet
425 843 578 878 autem
608 831 898 885 immutabili,
924 832 962 876 si
988 831 1132 876 semel
1163 842 1230 877 est
1256 832 1439 891 aliquid,
1476 847 1571 877 non
1603 842 1753 892 potest
1783 833 2080 891 postmodum

36 896 50 905 ”
117 915 215 948 non
238 902 411 955 inesse;
436 901 526 944 hoc
560 899 681 944 enim
711 899 887 942 moveri
913 899 1120 951 dicimus,
1148 899 1269 957 quod
1305 899 1434 943 aliter
1466 913 1513 943 se
1546 900 1684 944 habet
1708 913 1830 943 nunc
1864 908 1910 944 et
1940 899 2078 957 prius.

52 1002 54 1014 ,
120 963 332 1027 Sisigimr
356 966 508 1011 divina
532 965 743 1010 voluntas
770 975 838 1009 est
862 964 1173 1019 immutabilis,
1206 964 1356 1024 posito
1389 964 1510 1023 quod
1538 965 1707 1024 aliquid
1744 963 1867 1020 velit,
1893 978 2081 1010 necesse

119 1042 192 1116 cst
212 1044 267 1079 ex
291 1033 603 1093 suppositione
630 1045 737 1076 eum
762 1031 852 1075 hoc
877 1030 1010 1075 velle.

45 1138 72 1156 ,,
209 1100 348 1145 Item:
374 1113 512 1145 omne
538 1108 774 1143 aeternum
805 1107 874 1142 est
897 1097 1221 1141 necessarium.
1259 1097 1413 1141 Deum
1446 1107 1599 1142 autem
1623 1097 1741 1142 velle
1776 1097 1944 1156 aliquid
1981 1111 2085 1142 cau-

50 1208 56 1221 ,Α
109 1176 270 1214 ‚satum
295 1180 409 1221 esse,
435 1176 502 1211 est
528 1175 785 1210 aeternum:
805 1164 921 1208 sicut
947 1164 1070 1207 enim
1096 1178 1193 1208 esse
1216 1178 1363 1218 suum,
1385 1164 1448 1208 ita
1471 1174 1514 1208 et
1535 1164 1652 1208 velle
1675 1165 1937 1222 aeternitate
1960 1161 2087 1209 men·

44 1239 75 1262 ‘⁵
111 1243 311 1283 curatur.
331 1233 412 1278 Est
432 1246 542 1291 ergo
564 1231 887 1284 necessarium,
914 1231 993 1275 sed
1018 1245 1112 1274 non
1139 1230 1345 1275 absolute
1368 1231 1721 1286 consideratum,
1743 1231 1849 1290 quia
1870 1219 2082 1276 voluntas

108 1291 210 1347 {Dei
233 1313 327 1344 non
352 1300 489 1344 habet
514 1298 817 1343 necessariam
844 1297 1158 1342 habitudinem
1191 1297 1247 1341 ad
1278 1298 1368 1342 hoc
1396 1297 1613 1342 volitum:
1648 1308 1716 1343 est
1741 1311 1851 1357 ergo
1877 1311 2084 1343 necessa-

109 1366 239 1414 rium
265 1380 328 1411 ex
351 1365 677 1426 suppositione.

208 1433 471 1480 Praeterea:
499 1430 716 1492 quidquid
747 1431 874 1476 Deus
901 1430 1062 1490 potuit,
1087 1439 1250 1489 potest.
1277 1429 1432 1474 Virtus
1458 1430 1582 1475 enim
1609 1431 1704 1489 ejus
1730 1444 1823 1475 non
1845 1431 2080 1486 minuitur,

83 1500 251 1547 ‘sicut‘
260 1513 347 1544 nec
373 1500 470 1558 ejus
493 1498 712 1543 essentia:
739 1496 819 1541 sed
844 1509 938 1541 non
964 1505 1114 1555 potest
1138 1509 1259 1540 nunc
1285 1510 1379 1540 non
1405 1495 1538 1550 velle,
1565 1497 1688 1555 quod
1714 1497 1985 1556 proponitur
2005 1510 2082 1542 vo-

58 1565 273 1620 iuzsse,
298 1566 404 1625 quia
428 1579 522 1610 non
548 1574 698 1624 potest
719 1563 884 1608 mutari
905 1576 987 1607 sua
1007 1561 1242 1616 voluntas3
1266 1576 1376 1621 ergo
1412 1577 1647 1622 nunquam
1672 1564 1819 1622 potuit
1844 1577 1939 1607 non
1962 1562 2081 1608 velle

9 1629 13 1635 ’
72 1626 338 1694 quidquid
358 1630 518 1676 voluit.
536 1631 616 1675 Est
637 1644 748 1689 ergo
769 1629 1080 1674 necessarium
1101 1643 1155 1673 ex
1178 1629 1491 1688 suppositIOne
1514 1643 1621 1673 eum
1642 1628 1842 1673 voluisse
1864 1629 2082 1688 quidquid

121 1697 282 1753 futuit,
321 1698 441 1743 sieut
463 1707 508 1742 et
530 1696 676 1743 velle:
702 1706 915 1742 neutrum
957 1705 1110 1740 autem
1149 1695 1460 1740 necessarium
1493 1694 1713 1750 absolute,
1754 1695 1832 1740 sed
1864 1695 2082 1755 possibile

58 1765 93 1813 ᾲῑῖ
122 1764 267 1812 fiodo
288 1764 537 1826 praedicto.

59 1821 81 1849 ²
150 1836 182 1855 '³
209 1830 445 1891 Amplius:
476 1829 753 1890 quicumque
792 1828 891 1874 vult
931 1827 1115 1888 aliquid,
1146 1828 1406 1873 necessario
1446 1828 1543 1873 vult
1574 1842 1629 1873 ea
1660 1842 1776 1888 quae
1815 1828 2078 1873 necessario

67 1889 92 1948 {f
120 1897 410 1958 requiruntur
435 1897 491 1942 ad
515 1896 642 1950 illud,
663 1896 752 1941 nisi
772 1896 830 1941 sit
854 1910 909 1940 ex
929 1904 1055 1955 parte
1081 1897 1178 1953 ejus
1205 1894 1420 1951 defectus,
1445 1895 1521 1941 vel
1544 1906 1730 1955 propter
1753 1896 2082 1955 ignorantiam,

10 2006 14 2018 ,
57 1958 82 2015 j¹
121 1963 202 2011 ver
220 1964 329 2024 quia
357 1977 384 2008 a
408 1972 533 2008 recta
573 1962 797 2007 electione
825 1963 922 2021 ejus
948 1962 1071 2021 quod
1099 1971 1166 2006 est
1192 1962 1246 2005 ad
1273 1962 1413 2006 finem
1452 1962 1683 2007 interdum
1724 1963 1962 2007 abducitur
2002 1976 2084 2021 per

8 2075 12 2087 ,
61 2024 87 2088 J}
123 2030 325 2092 aliquam
348 2032 633 2090 passionem:
657 2043 773 2089 quae
799 2029 856 2073 de
881 2030 984 2074 Deo
1006 2029 1097 2073 dici
1120 2042 1216 2073 non
1237 2039 1440 2087 possunt.
1465 2029 1542 2074 Si
1530 2030 1669 2088 igitur
1682 2028 1883 2074 volendo
1901 2043 1965 2083 se,
1986 2028 2086 2074 vult

70 2096 295 2158 dliqmd
318 2096 439 2141 aliud
462 2111 488 2142 a
513 2110 576 2150 se,
600 2096 909 2141 necessarium
936 2104 1003 2140 est
1028 2109 1135 2140 eum
1165 2095 1284 2140 velle
1310 2109 1449 2141 omne
1473 2095 1585 2140 illud
1603 2095 1725 2155 quod
1743 2096 1800 2140 ad
1815 2095 2011 2140 volitum
2027 2096 2082 2139 ab

78 2166 196 2224 figzt'o
207 2176 263 2209 ex
285 2163 556 2208 necessitate
580 2163 834 2222 requiritur,
866 2163 982 2207 sicut
1013 2162 1323 2206 necessarium
1349 2171 1419 2207 est
1443 2162 1597 2208 Deum
1631 2161 1752 2207 velle
1786 2163 1989 2207 animam
2016 2176 2083 2206 ra·

71 2229 344 2287 tionalein
370 2243 484 2284 esse,
515 2229 751 2290 supposito
777 2229 900 2289 quod
925 2228 1034 2273 velit
1057 2228 1297 2274 hominem
1323 2243 1436 2274 esse.

83 2362 195 2408 *³¹
793 2382 1049 2440 CAPUT
1089 2383 1400 2440 LXXXIV.

99 2432 217 2461 fl„
226 2446 228 2451 .

90 2480 124 2501 *³³
151 2497 357 2573 ”QUOD
396 2518 692 2559 VOLUNTAS
732 2519 827 2557 DEI
866 2518 984 2559 NON
1023 2519 1125 2558 EST
1157 2519 1566 2557 IMPOSSIBILIUM
1598 2518 1898 2559 SECUNDUM
1931 2520 2008 2558 SE.

79 2541 128 2603 ξφ(
135 2566 184 2594 „r'z
212 2587 214 2591 ,

234 2603 237 2605 ’
2008 2604 2037 2625 θ

43 2642 54 2655 ⁰
72 2639 130 2723 ἶς’
214 2626 282 2672 Ex
306 2626 398 2672 hoc
425 2637 613 2686 apparet
638 2628 760 2686 quod
785 2625 997 2672 voluntas
1028 2627 1117 2672 Dei
1141 2641 1235 2671 non
1261 2637 1412 2687 potest
1436 2641 1536 2672 esse
1562 2641 1724 2672 eorum
1750 2642 1865 2687 quae
1891 2638 1997 2672 sunt
2021 2642 2088 2673 se-

3 2718 7 2724 ·
78 2717 176 2780 ἦ
169 2693 334 2738 -dum
351 2706 401 2738 se
431 2693 754 2752 impossibilia3
774 2693 1039 2752 hujusmodi
1065 2693 1187 2738 enim
1212 2703 1316 2738 sunt
1341 2707 1457 2752 quae
1482 2694 1529 2737 in
1550 2694 1708 2752 seipsis
1731 2694 2084 2752 repugnantiam

5 2774 11 2794 ³
187 2769 310 2814 ent,
335 2769 385 2804 ut
407 2759 648 2804 hominem
678 2773 778 2805 esse
819 2760 1012 2814 asinum,
1045 2760 1092 2804 in
1132 2774 1223 2819 quo
1255 2759 1499 2804 includitur
1530 2759 1751 2804 rationale
1783 2774 1881 2805 esse
1914 2760 2089 2805 irratio-

9 2828 11 2836 *
79 2820 245 2876 sse
272 2825 415 2878 Quod
450 2836 603 2871 autem
638 2837 862 2885 repugnat
902 2825 1052 2880 alicui,
1085 2825 1282 2870 excludit
1314 2825 1483 2885 aliquid
1515 2840 1674 2870 eorum
1706 2841 1823 2886 quae
1848 2827 1903 2871 ad
1935 2827 2088 2886 ipsum

276 2900 359 2942 n
345 2906 429 2947 ur,
460 2893 577 2937 sicut
601 2905 701 2937 esse
726 2893 906 2937 asinum
932 2891 1130 2936 excludit
1159 2892 1362 2936 hominis
1393 2892 1633 2937 rationem.
1673 2893 1723 2937 Si
1761 2893 1897 2952 igitur
1935 2907 2090 2938 neces-

12 3018 15 3019 ,
83 2915 261 3015 gaulo
268 2958 366 3003 vult
389 2972 443 3003 ea
465 2972 582 3018 quae
603 2959 891 3018 requiruntur
917 2959 972 3003 ad
997 2959 1088 3003 hoc
1115 2958 1238 3017 quod
1264 2959 1534 3018 supponitur
1554 2959 1688 3013 velle,
1713 2959 1996 3017 impossibile
2019 2968 2088 3004 est

79 3022 238 3086 {soum
259 3023 380 3070 velle
405 3038 460 3070 ea
481 3038 597 3084 quae
623 3025 688 3069 eis
714 3035 992 3084 repugnant;
1019 3034 1064 3069 et
1088 3025 1152 3069 sic
1174 3024 1455 3085 impossibile
1481 3035 1550 3070 est
1574 3040 1680 3070 eum
1707 3025 1824 3070 velle
1846 3039 1962 3084 quae
1983 3035 2090 3071 sunt

7 3100 17 3108 ‘
39 3148 41 3151 q
70 3090 428 3151 νρἷερσεείὓίὶὶα
458 3090 737 3150 simpliciter.

48 3214 49 3217 (
76 3174 107 3209 ῑ
141 3177 145 3179 ·
175 3167 180 3184 ³
218 3156 355 3202 Item:
387 3157 505 3202 sicut
528 3171 663 3216 supra
689 3159 750 3217 (c.
778 3158 871 3216 75.)
897 3169 1131 3203 ostensum
1158 3167 1240 3211 est,
1271 3158 1397 3203 Deus
1422 3157 1621 3203 volendo
1647 3172 1781 3202 suum
1818 3172 1931 3212 esse,
1964 3158 2089 3217 quod

4 3218 6 3231 s
50 3275 58 3285 ..
77 3231 207 3272 est
222 3235 306 3268 sua
333 3224 530 3278 bonitas,
555 3224 653 3269 vult
677 3226 835 3269 omnia
861 3224 963 3280 alia,
988 3225 1035 3268 in
1061 3234 1282 3301 quantum
1307 3225 1477 3269 habent
1502 3226 1596 3282 ejus
1621 3224 1989 3269 similitudinem:
2022 3239 2088 3270 se-

6 3296 7 3300 ’
99 3289 333 3336 :cundum
362 3290 455 3335 hoc
481 3300 634 3335 autem
667 3291 835 3351 aliquid
859 3302 1081 3350 repugnat
1111 3292 1277 3335 rationi
1312 3292 1442 3345 entis,
1474 3292 1521 3335 in
1562 3301 1781 3350 quantum
1822 3292 2091 3351 hujusmodi

128 3364 229 3400 non
255 3365 407 3414 potest
430 3355 478 3399 in
503 3370 565 3401 eo
591 3356 756 3401 salvari
781 3357 1030 3402 similitudo
1057 3358 1191 3417 primi
1224 3372 1335 3411 esse,
1363 3357 1536 3402 scilicet
1562 3357 1716 3411 divini,
1742 3358 1865 3417 quod
1891 3368 1961 3403 est
1984 3358 2086 3403 fons

91 3420 324 3467 essendi
354 3422 463 3467 Non
488 3431 638 3481 potest
659 3423 797 3483 igitur
821 3425 948 3469 Deus
970 3423 1090 3469 velle
1116 3423 1285 3482 aliquid
1312 3424 1434 3483 quod
1459 3432 1683 3482 repugnet
1706 3425 1872 3469 rationi
1897 3425 2012 3470 entis
2037 3426 2085 3469 in

84 3495 354 3552 quantum
377 3488 655 3548 hujusmodi.
682 3490 812 3535 Sicut
842 3501 994 3536 autem
1019 3491 1185 3535 rationi
1224 3491 1440 3545 hominis,
1471 3491 1517 3534 in
1559 3501 1779 3550 quantum
1819 3502 1888 3538 est
1925 3492 2088 3548 home,

62 3553 355 3617 repugnat
378 3566 477 3600 esse
500 3554 776 3611 irrationale,
806 3556 870 3602 ita
895 3557 1061 3602 rationi
1085 3556 1216 3610 entiS,
1248 3557 1293 3600 in
1321 3566 1541 3616 quantum
1563 3557 1841 3618 hujusmodi,
1867 3568 2091 3620 repugnat
