2332 3854
796 204 951 244 LIBER
990 205 1027 244 1.
1067 204 1191 244 CAP.
1230 203 1382 243 xcm.
1962 205 2018 242 11
2039 205 2059 241 Ι

45 297 71 347 ⁷:
107 308 329 369 judicare,
356 315 432 351 aut
458 305 626 364 aliquid
651 305 773 360 dare,
798 305 872 350 vel
897 305 1174 361 distribuere,
1201 304 1341 350 solius
1373 304 1575 348 hominis
1608 314 1689 360 est,
1721 305 1799 349 sed
1833 305 2070 364 cujuslibet

111 374 397 422 intellectum
423 371 654 417 habentis:
682 372 934 417 secundum
960 382 1115 417 tamen
1141 371 1263 432 quod
1298 371 1352 416 ad
1379 385 1449 415 res
1474 370 1700 415 humanas
1727 372 2069 428 contrahuntur,

111 455 177 488 ex.
195 440 267 486 his
298 437 643 499 quodammodo
675 438 876 496 speciem
908 449 1107 492 sumunt,
1139 439 1259 484 sicut
1287 451 1476 483 curvum
1507 437 1553 481 in
1586 451 1699 482 naso
1732 436 1838 482 facit
1869 439 2068 498 speciem

70 520 79 537 ³
109 507 227 554 simi.
260 506 461 551 Virtutes
491 505 628 565 igitur
659 505 931 565 praedictae,
964 505 1215 550 secundum
1248 505 1370 565 quod
1403 503 1613 548 ordinant
1645 504 1896 548 humanam
1922 505 2064 549 vitam

108 573 322 627 activam,
349 573 404 616 ad
430 572 512 616 has
540 571 740 617 actiones
769 571 1048 625 ordinantur,
1066 582 1201 630 prout
1217 571 1273 616 ad
1299 585 1370 615 res
1394 570 1621 614 humanas
1639 571 1983 624 contrahuntur,
2013 572 2066 615 ab

69 642 80 674 ἶ
109 639 177 685 eis
200 638 400 698 speciem
425 647 673 691 sumentes,
695 637 948 682 secundum
971 652 1106 696 quem
1135 637 1325 682 modum
1347 638 1450 681 Deo
1474 637 1719 682 convenire
1740 651 1835 681 non
1867 648 2069 696 possunt.

59 706 85 744 Β
113 705 376 752 Secundum
402 718 511 748 vero
544 704 666 763 quod
701 703 903 747 actiones
937 703 1193 762 praedictae
1225 704 1271 747 in
1305 717 1386 747 sua
1419 704 1748 748 communitate
1775 704 2070 763 accipiuntur,

111 767 303 831 possunt
326 770 465 815 etiam
488 770 622 814 rebus
648 769 810 813 divinis
837 769 998 828 aptari:
1026 770 1144 813 sicut
1169 770 1292 814 enim
1314 770 1460 814 homo
1486 784 1638 814 rerum
1663 770 1985 823 humanarum,
2018 780 2068 814 ut

57 852 70 878 s
113 836 348 898 pecuniae,
369 836 443 880 vel
462 836 666 889 honoris,
682 835 943 880 distributor
965 845 1046 890 est,
1068 836 1130 879 ita
1148 845 1192 879 et
1212 836 1338 880 Deus
1361 836 1570 880 omnium
1586 836 1842 881 bonitatum
1857 837 2070 881 universi.

46 904 59 941 Γ·
115 903 232 950 Sunt
255 903 391 962 igitur
415 902 672 962 praedictae
692 902 880 946 virtutes
904 902 951 945 in
977 902 1081 946 Deo
1108 902 1445 946 universalioris
1469 903 1742 947 extensionis
1766 917 1903 962 quam
1924 903 1971 948 in
1991 903 2072 949 ho·

48 988 59 1013 ε
115 970 266 1024 mine;
290 983 399 1013 nam
425 969 540 1014 sicut
563 969 734 1026 justitia
758 968 959 1012 hominis
992 982 1039 1012 se
1071 969 1210 1013 habet
1243 969 1298 1012 ad
1326 969 1556 1013 civitatem
1586 969 1661 1014 vel
1686 969 1893 1024 domum,
1916 970 1980 1014 ita
2003 971 2071 1029 ju-

38 1055 50 1087 1<
114 1035 236 1082 stitia
260 1034 349 1080 Dei
372 1049 421 1079 se
446 1034 585 1079 habet
611 1035 666 1079 ad
693 1044 840 1078 totum
868 1035 1152 1079 universum:
1179 1035 1299 1078 unde
1327 1045 1371 1079 et
1396 1035 1573 1079 divinae
1599 1036 1786 1081 virtutes
1810 1046 2071 1081 nostrarum

47 1127 51 1134 ==
82 1127 88 1135 -
115 1100 397 1162 exemplares
428 1101 658 1154 dicuntur,
690 1115 800 1145 nam
832 1115 948 1160 quae
981 1112 1085 1146 sunt
1117 1110 1350 1146 contracta
1382 1112 1426 1146 et
1456 1102 1724 1161 particulata
1754 1102 2072 1148 similitudines

52 1206 53 1210 ,
114 1169 339 1231 quaedam
365 1167 678 1212 absolutorum
705 1168 879 1212 entium
905 1177 1022 1221 sunt,
1050 1168 1166 1212 sicut
1186 1168 1342 1212 lumen
1369 1168 1587 1213 candelae
1610 1183 1657 1213 se
1678 1169 1816 1215 habet
1837 1170 1893 1214 ad
1914 1169 2072 1214 lumen

36 1244 61 1296 j
112 1233 237 1281 solis.
255 1233 388 1279 Aliae
408 1247 518 1278 vero
536 1233 723 1279 virtutes
740 1248 856 1294 quae
873 1235 976 1278 Deo
996 1235 1176 1294 proprie
1197 1249 1292 1279 non
1310 1236 1602 1289 conveniunt,
1619 1250 1713 1280 non
1734 1236 1903 1282 habent
1920 1250 2070 1282 exem·

114 1299 214 1361 plat
235 1300 283 1345 in
305 1300 457 1345 divina
482 1310 657 1355 natura,
689 1301 769 1345 sed
796 1300 947 1345 solum
978 1301 1025 1345 in
1058 1301 1210 1346 divina
1242 1302 1477 1360 sapientia,
1510 1316 1625 1361 quae
1658 1304 1866 1347 omnium
1898 1305 2073 1349 entium

113 1367 317 1429 proprias
342 1366 662 1426 complectitur
687 1367 900 1420 rationes,
933 1367 1050 1412 sicut
1076 1378 1143 1412 est
1168 1367 1223 1411 de
1249 1367 1350 1412 aliis
1376 1368 1688 1427 corporalibus
1714 1369 1861 1414 rebus.

845 1563 1100 1620 CAPUT
1141 1564 1346 1620 XCIV.

374 1705 535 1753 QUOD
567 1705 625 1746 IN
656 1705 773 1745 DEO
806 1705 948 1746 SUNT
980 1706 1251 1746 VIRTUTES
1287 1706 1808 1746 CONTEMPLATIVAE.

202 1831 276 1876 De
302 1830 668 1892 contemplativis
701 1840 855 1877 autem
886 1831 1126 1876 virtutibus
1158 1831 1346 1876 dubium
1379 1845 1478 1877 esse
1510 1845 1605 1876 non
1635 1841 1798 1890 potest,
1830 1831 1939 1890 quin
1969 1832 2072 1876 Deo

48 1886 71 1959 ἕ
117 1898 315 1942 maxime
342 1898 630 1943 conveniant.
658 1897 708 1942 Si
729 1898 851 1942 enim
880 1899 1100 1958 sapientia
1124 1899 1171 1943 in
1199 1899 1464 1976 cognitione
1492 1898 1814 1944 altissimarum
1832 1912 2072 1943 causarum

117 1963 336 2019 consistit,
362 1964 613 2010 secundum
644 1964 987 2042 Philosophum
1012 1966 1059 2008 in
1091 1965 1314 2024 principio
1346 1965 1548 2024 Metaph.
1582 1966 1643 2023 (c.
1677 1964 1801 2022 2.);
1790 1979 1886 2023 ipse
1919 1974 2072 2009 autem

115 2031 243 2077 Deus
273 2030 516 2091 praecipue
541 2031 741 2099 seipsum
769 2032 1024 2090 cognoscit,
1050 2046 1135 2076 nec
1163 2031 1332 2090 aliquid
1359 2032 1600 2090 cognoscit
1629 2031 1716 2076 nisi
1747 2031 2072 2089 cognoscendo

113 2097 331 2157 seipsum,
357 2107 406 2142 ut
430 2090 673 2157 probatum
700 2107 767 2142 est
792 2100 854 2174 (.c'
879 2097 950 2152 46.
954 2098 988 2155 ),
1015 2099 1093 2157 qui
1119 2109 1186 2143 est
1211 2099 1422 2143 omnium
1444 2099 1589 2157 prima
1612 2113 1763 2152 causa,
1781 2098 2071 2143 manifestum

114 2173 186 2210 est
206 2163 330 2223 quod
360 2163 446 2208 sibi
466 2164 700 2222 potissime
725 2165 946 2222 sapientia
971 2165 1106 2210 debet
1131 2166 1336 2210 adscribi.
1363 2166 1498 2210 Unde
1544 2166 1652 2224 (Job
1680 2165 1758 2209 IX.
1785 2166 1874 2222 4‚):
1905 2167 2074 2225 Sapiens

62 2272 74 2286 ,-
114 2230 236 2276 corde
260 2236 344 2284 est‚·
368 2240 412 2275 et
436 2229 599 2289 (Eccli.
626 2231 660 2275 Ι.
694 2230 777 2287 1.):
808 2231 955 2276 Omnis
984 2234 1191 2291 sapientia
1216 2247 1242 2277 a
1267 2233 1454 2276 Domino
1486 2234 1578 2277 Deo
1604 2239 1675 2286 est,
1701 2239 1739 2278 et
1770 2248 1864 2277 cum
1889 2233 1961 2277 illo
1983 2234 2075 2291 suit

84 2352 86 2354 v
111 2305 284 2357 semper.
310 2296 619 2356 Philosophus
642 2297 780 2342 etiam
807 2297 916 2342 dicit
940 2298 987 2341 in
1011 2299 1236 2357 principio
1261 2299 1464 2358 Metaph.
1498 2300 1559 2357 (c.
1587 2298 1651 2356 2.)
1673 2299 1797 2358 quod
1822 2307 1890 2343 est
1921 2298 2075 2343 divina

113 2363 359 2423 possessio,
384 2377 479 2407 non
504 2364 721 2409 humana.

204 2429 345 2474 Item:
373 2429 411 2474 si
427 2429 615 2474 scientia
632 2439 700 2475 est
715 2430 781 2474 rei
797 2430 1000 2490 cognitio
1017 2445 1099 2490 per
1113 2432 1346 2491 propriam
1364 2446 1563 2486 causam,
1580 2431 1676 2491 ipse
1694 2442 1846 2476 autem
1864 2433 2073 2476 omnium

7 2500 8 2504 ’
117 2508 360 2540 causarum
386 2505 431 2540 et
455 2495 698 2541 effectuum
728 2497 936 2541 ordinem
964 2498 1217 2556 cognoscit,
1244 2509 1288 2542 et
1312 2513 1392 2557 per
1417 2499 1507 2543 hoc
1539 2498 1837 2557 singularium
1868 2500 2072 2558 proprias

54 2561 84 2627 ,
116 2574 276 2607 causas
300 2562 443 2616 novit,
469 2572 518 2606 ut
542 2577 675 2622 supra
701 2563 762 2621 (c.
789 2561 860 2620 65.
886 2573 932 2608 et
956 2563 1050 2622 67.)
1083 2570 1422 2619 ostensum'est‚
1449 2564 1741 2609 manifestum
1774 2574 1840 2610 est
1871 2566 1993 2625 quod
2026 2567 2071 2609 in

39 2627 217 2692 ’[χίρεο
242 2629 423 2688 proprie
449 2628 639 2673 scientia
666 2639 755 2683 est3
787 2643 882 2673 non
912 2640 1067 2674 tamen
1099 2645 1215 2690 quae
1247 2631 1304 2675 sit
1335 2645 1413 2690 per
1444 2631 1840 2675 ratiocinationem
1873 2642 2072 2685 causata,

53 2704 66 2723 ³²
115 2694 232 2742 sicut
256 2694 445 2740 scientia
475 2705 632 2739 nostra
657 2709 713 2740 ex
737 2695 1127 2741 demonstratione
1154 2707 1377 2751 causatur,
1405 2698 1523 2741 unde
1548 2698 1604 2755 (Ι.
1630 2697 1930 2757 Reg.11.3.):
1956 2699 2072 2743 Deus

2 2771 5 2778 ”
56 2761 386 2815 marum
409 2762 619 2806 Dominus
639 2767 710 2809 est.

0 3150 3 3157 V
0 3126 5 3143 ».-
0 2938 7 3121 -f--w--u--w

205 2826 396 2872 Adhuc:
423 2827 462 2872 si
485 2827 800 2873 immaterialis
827 2829 1032 2887 cognitio
1058 2828 1311 2888 aliquarum
1337 2843 1488 2874 rerum
1516 2829 1684 2888 absque
1710 2829 1916 2874 discursu
1940 2830 2073 2876 intel·

61 2873 262 2953 ''ssloetus
283 2903 364 2948 eet,
389 2894 516 2938 Deus
541 2904 695 2939 autem
729 2894 995 2953 hujusmodi
1021 2895 1335 2954 cognitionem
1365 2895 1422 2939 de
1451 2896 1663 2940 omnibus
1687 2896 1839 2950 habet,
1862 2906 1913 2942 ut
1936 2911 2071 2956 supra

63 2960 180 3031 1³3(c.
201 2960 289 3019 50.)
307 2970 541 3005 ostensum
569 2971 657 3006 est:
686 2961 731 3004 in
756 2962 856 3021 ipso
883 2962 1019 3021 igitur
1041 2972 1109 3006 est
1133 2962 1403 3007 intellectus.
1426 2962 1560 3007 Unde
1581 2963 1689 3021 (Job
1717 2963 1817 3007 XII.
1846 2963 1959 3022 13.:)
1980 2965 2071 3024 Ipse

62 3030 75 3090 ’ᾗ
117 3029 239 3076 babet
260 3031 476 3076 consilium
506 3038 542 3077 et
572 3032 899 3091 intelligentiam.

204 3096 305 3142 Hae
329 3097 469 3143 etiam
498 3098 685 3143 virtutes
710 3098 759 3143 in
783 3099 887 3144 Deo
918 3108 1024 3144 sunt
1054 3098 1336 3159 exemplares
1368 3109 1641 3155 nostrarum,
1673 3101 1790 3145 sicut
1820 3099 2071 3160 perfectum

62 3137 101 3223 ³]
114 3161 383 3222 imperfecti.
