2332 3854
236 232 344 287 320
916 234 1071 275 LtssER
1109 235 1187 286 111.
1228 236 1350 275 cAP.
1386 237 1518 287 xxv.

236 334 509 380 assimilatur
529 335 648 391 Deo,
670 336 921 381 secundum
948 337 1071 396 quod
1087 337 1302 397 intelligit
1332 339 1482 398 ipsum
1512 340 1690 396 Deum;
1721 355 1831 386 nam
1853 343 1949 402 ipse
1973 338 2101 390 Deus
2127 344 2197 391 in-

234 402 482 461 telligendo
515 417 564 448 se
595 404 807 463 intelligit
839 404 995 448 omnia
1028 403 1131 460 alia,
1163 415 1213 450 ut
1244 406 1485 465 probatum
1527 418 1594 452 est
1631 408 1752 466 (Lib.
1785 409 1821 453 1.
1859 423 1896 453 c.
1923 407 2034 468 46.).
2060 410 2198 459 Intel-

234 469 377 530 ligere
409 470 544 529 igitur
574 471 728 515 Deum
760 480 827 514 est
852 470 1039 515 ultimus
1071 470 1172 516 finis
1199 474 1349 517 omnis
1379 473 1700 519 intellectualis
1726 475 2020 521 substantiae.-

322 537 467 581 Item:
501 538 623 596 quod
658 547 725 581 est
759 546 936 580 tantum
969 547 1152 596 propter
1183 538 1306 583 aliud
1338 539 1572 599 diligibile,
1609 550 1678 585 est
1708 550 1894 600 propter
1927 542 2041 588 illud
2073 543 2198 603 quod

234 613 302 649 est
326 612 504 648 tantum
536 615 720 662 propter
751 618 799 647 se
833 603 1077 662 diligibile3
1109 619 1204 649 non
1235 606 1358 650 enim
1391 617 1458 651 est
1489 607 1611 652 abire
1647 609 1695 652 in
1726 607 1955 654 infinitum
1986 610 2034 654 in
2066 624 2198 671 appe-

231 671 317 716 titu
348 682 550 723 naturae,
584 671 689 728 quia
722 670 999 714 desiderium
1030 681 1219 716 naturae
1251 672 1553 728 frustraretur,
1586 689 1729 733 quum
1761 689 1856 719 non
1889 676 1946 720 sit
1981 676 2197 736 possibile

231 737 504 795 pertransire
530 737 719 780 infinita.
755 736 934 781 Omnes
968 747 1120 782 autem
1147 739 1366 784 scientiae
1400 750 1445 784 et
1478 750 1594 784 artes
1628 750 1671 785 et
1705 742 1936 800 potentiae
1966 743 2197 802 practicae

231 814 336 849 sunt
364 813 544 847 tantum
576 812 760 862 propter
797 803 919 847 aliud
963 803 1229 863 diligibiles;
1271 820 1378 850 nam
1415 807 1462 850 in
1497 807 1562 851 eis
1594 807 1696 852 finis
1727 822 1822 852 non
1854 819 1922 854 est
1956 811 2087 866 scire,
2117 810 2197 857 sed

232 872 424 930 operari.
453 871 681 914 Scientiae
715 880 868 915 autem
896 872 1203 929 speculativae
1235 883 1340 916 sunt
1366 884 1553 931 propter
1585 874 1755 932 seipsas
1791 875 2063 934 diligibiles3
2087 891 2198 922 nam

231 938 332 982 finis
366 952 524 981 earum
558 947 623 981 est
656 938 804 996 ipsum
840 938 981 992 scire;
1014 952 1098 981 nec
1131 938 1359 983 invenitur
1392 939 1545 998 aliqua
1580 941 1700 985 actio
1733 941 1780 986 in
1819 934 2196 988 rebus'humanis

230 1019 346 1064 quae
378 1019 472 1048 non
505 1004 739 1048 ordinetur
786 1005 842 1048 ad
887 1003 1028 1048 alium
1071 1005 1226 1060 finem,
1259 1006 1355 1055 nisi
1402 1007 1704 1051 consideratio
1745 1008 2045 1067 speculativa3
2086 1025 2196 1055 nam

232 1073 370 1117 etiam
403 1073 529 1130 ipsae
564 1071 768 1115 actiones
801 1070 1017 1125 ludicrae,
1051 1086 1167 1130 quae
1200 1072 1411 1116 videntur
1451 1073 1619 1132 absque
1654 1074 1744 1118 fine
1775 1074 1887 1128 fieri,
1922 1076 2091 1121 habent
2121 1076 2198 1122 εΗ-

231 1154 369 1198 quem
402 1138 540 1182 finem
574 1138 792 1192 debitum,
811 1137 986 1182 scilicet
1008 1148 1070 1192 ut,
1088 1152 1168 1197 per
1187 1153 1263 1182 eas
1287 1139 1634 1198 quodammodo
1657 1151 1811 1186 mente
1831 1141 2032 1197 relevati,
2049 1143 2197 1203 magis

231 1207 373 1251 simus
406 1204 704 1263 postmodum
744 1213 952 1263 potentes
995 1205 1052 1248 ad
1095 1205 1326 1250 studiosas
1360 1206 1673 1265 operationes3
1709 1207 1820 1252 alias
1862 1218 1981 1253 esset
2017 1222 2198 1269 semper

230 1273 496 1326 ludendum,
530 1272 567 1316 si
598 1270 729 1315 ludus
763 1280 948 1330 propter
989 1285 1038 1316 se
1082 1282 1386 1331 quaereretur,
1420 1273 1542 1332 quod
1584 1284 1652 1318 est
1688 1275 2030 1321 inconveniens.
2065 1266 2200 1322 Ordi-

229 1350 396 1386 nantur
426 1339 564 1398 igitur
595 1348 712 1383 artes
753 1338 983 1396 practicae
1027 1338 1084 1382 ad
1127 1338 1445 1398 speculativas,
1478 1350 1523 1384 et
1562 1339 1770 1385 similiter
1810 1341 1960 1388 omnis
1993 1342 2198 1389 humana

231 1407 438 1466 operatio
472 1406 528 1450 ad
560 1405 923 1465 speculationem
965 1405 1239 1462 intellectus,
1271 1407 1388 1451 sicut
1430 1406 1486 1450 ad
1518 1407 1673 1452 finem.
1706 1408 1758 1451 In
1790 1409 2003 1455 omnibus
2044 1420 2197 1456 autem

229 1474 430 1519 scientiis
463 1482 507 1517 et
540 1473 708 1517 artibus
746 1472 978 1527 ordinatis,
1012 1472 1068 1516 ad
1099 1472 1228 1517 illam
1259 1474 1441 1517 videtur
1470 1475 1695 1533 pertinere
1727 1474 1917 1521 ultimus
1946 1476 2048 1522 finis
2079 1491 2199 1537 quae

232 1551 300 1586 est
331 1540 620 1600 praeceptiva
646 1549 691 1584 et
716 1539 1076 1597 architectonica
1107 1539 1324 1594 aliarum3
1352 1540 1470 1585 sicut
1501 1555 1573 1585 ars
1606 1542 1942 1600 gubernatoria,
1974 1543 2032 1588 ad
2058 1558 2199 1604 quam

231 1609 426 1669 pertinet
456 1608 558 1652 finis
597 1607 742 1661 navis,
776 1606 853 1665 qui
890 1616 957 1651 est
989 1621 1095 1651 usus
1136 1607 1292 1665 ipsius,
1326 1617 1395 1652 est
1427 1607 1783 1653 architectonica
1825 1619 1869 1654 et
1909 1611 2200 1670 praeceptiva

229 1685 439 1735 respectu
461 1674 777 1718 navifactivae.
800 1674 903 1718 Hoc
931 1683 1084 1718 autem
1110 1674 1252 1718 modo
1270 1688 1318 1718 se
1343 1674 1482 1718 habet
1502 1675 1804 1734 Philosophia
1827 1676 1979 1736 prima
2002 1676 2060 1722 ad
2083 1677 2197 1723 alias

230 1743 443 1788 scientias
469 1741 796 1801 speculativas3
828 1755 938 1784 nam
965 1741 1018 1784 ab
1045 1741 1144 1798 ipsa
1177 1755 1338 1785 omnes
1372 1741 1488 1785 aliae
1520 1741 1792 1800 dependent,
1822 1753 1980 1803 utpote
2013 1745 2068 1788 ab
2099 1745 2199 1805 ipsa
2236 1787 2240 1789 .

232 1810 509 1869 accipientes
531 1823 610 1853 sua
642 1808 863 1867 principia
895 1817 939 1851 et
961 1807 1262 1855 directionem
1290 1818 1449 1852 contra
1480 1818 1703 1867 negantes
1727 1809 1977 1869 principia;
2007 1810 2197 1872 ipsaque

232 1878 380 1937 prima
412 1875 714 1934 Philosophia
744 1883 842 1918 tota
875 1874 1109 1918 ordinatur
1149 1875 1204 1918 ad
1245 1875 1334 1918 Dei
1368 1875 1684 1934 cognitionem
1726 1876 1844 1922 sicut
1885 1876 1941 1921 ad
1982 1877 2197 1924 ultimum

231 1946 396 2000 finem3
431 1943 552 1988 unde
584 1953 628 1987 et
669 1942 860 1987 scientia
901 1942 1053 1985 divina
1091 1944 1369 1986 nominatur.
1403 1942 1482 1986 Est
1525 1957 1635 2002 ergo
1670 1944 1875 2002 cognitio
1911 1944 2064 1990 divina
2094 1945 2196 1992 finis

230 2012 416 2057 ultimus
450 2011 600 2055 omnis
632 2009 863 2053 humanae
897 2009 1174 2066 cognitionis
1202 2019 1245 2053 et
1278 2009 1571 2068 operationis.

320 2079 511 2124 Adhuc:
553 2078 600 2121 in
642 2077 855 2121 omnibus
888 2076 1125 2135 agentibus
1168 2087 1212 2121 et
1253 2077 1542 2122 moventibus
1585 2077 1818 2134 ordinatis,
1849 2088 2031 2139 oportet
2074 2078 2198 2139 quod

227 2147 329 2192 finis
370 2145 505 2205 primi
547 2144 722 2203 agentis
760 2153 803 2188 et
835 2144 1029 2187 motoris
1061 2144 1119 2187 sit
1165 2142 1351 2188 ultimus
1386 2143 1488 2187 finis
1522 2144 1747 2199 omnium,
1789 2145 1906 2190 sicut
1935 2145 2038 2190 finis
2069 2145 2198 2191 ducis

229 2215 453 2260 exercitus
485 2222 553 2257 est
583 2212 686 2256 finis
709 2212 918 2255 omnium
940 2211 1020 2255 sub
1050 2225 1105 2255 eo
1130 2210 1438 2255 militantium.
1473 2211 1595 2255 Inter
1627 2226 1790 2256 omnes
1816 2222 1970 2257 autem
1994 2213 2197 2259 hominis

227 2293 378 2341 partes
410 2280 666 2326 intellectus
697 2280 924 2324 invenitur
955 2279 1162 2338 superior
1195 2289 1377 2334 motor;
1413 2294 1523 2324 nam
1549 2279 1805 2325 intellectus
1836 2291 1993 2326 movet
2031 2282 2199 2341 appeti-

227 2360 342 2404 tum,
374 2348 674 2409 proponendo
707 2348 749 2391 ei
781 2361 914 2391 suum
948 2347 1193 2405 objectum.
1227 2347 1470 2405 Appetitus
1505 2357 1656 2391 autem
1690 2346 2008 2403 intellectivus,
2031 2349 2107 2408 qui
2129 2358 2198 2394 est

226 2417 454 2470 voluntas,
487 2425 644 2460 movet
677 2414 901 2473 appetitus
933 2414 1188 2468 sensitivos,
1217 2414 1294 2472 qui
1325 2424 1429 2458 sunt
1459 2413 1700 2458 irascibilis
1728 2424 1773 2458 et
1804 2414 2197 2475 concupiscibilis;

227 2484 348 2528 unde
382 2493 427 2528 et
458 2482 856 2542 concupiscentiae
888 2495 982 2525 non
1017 2481 1256 2525 obedimus
1279 2481 1367 2525 nisi
1391 2480 1640 2526 voluntatis
1672 2481 1917 2541 imperium
1946 2481 2075 2529 adsit.
2092 2481 2191 2543 'Ap-

227 2552 394 2611 petitus
425 2560 578 2594 autem
605 2548 846 2593 sensitivus
881 2549 1149 2593 adveniente
1182 2562 1408 2592 consensu
1435 2547 1682 2592 voluntatis
1714 2559 1873 2594 movet
1896 2550 1991 2608 jam
2016 2563 2195 2609 corpus.

227 2619 350 2664 Finis
382 2618 518 2676 igitur
549 2615 807 2663 intellectus
834 2626 901 2660 est
922 2615 1023 2660 finis
1057 2617 1266 2659 omnium
1294 2615 1527 2659 actionum
1549 2615 1873 2661 humanarum.
1899 2616 2022 2662 Finis
2041 2627 2195 2666 autem

228 2696 273 2731 et
307 2685 482 2729 bonum
518 2682 773 2728 intellectus
807 2693 874 2727 est
904 2697 1078 2737 verum,
1113 2692 1156 2726 et
1187 2696 1267 2741 per
1299 2696 1584 2741 consequens
1626 2682 1813 2728 ultimus
1854 2681 1957 2728 finis
1993 2683 2194 2742 primum

226 2767 403 2797 verum.
433 2751 512 2795 Est
547 2751 685 2809 igitur
717 2749 903 2793 ultimus
936 2749 1036 2793 finis
1069 2749 1206 2793 totius
1238 2749 1443 2793 hominis
1477 2759 1521 2793 et
1553 2750 1762 2794 omnium
1798 2750 2116 2810 operationum
2149 2761 2195 2797 et

228 2819 556 2864 desideriorum
581 2819 676 2875 ejus
704 2831 985 2875 cognoscere
1018 2817 1216 2875 primum
1242 2830 1416 2871 verum,
1451 2816 1573 2875 quod
1600 2827 1666 2861 est
1698 2817 1838 2862 Deus.

316 2885 551 2945 Amplius:
588 2884 853 2928 naturaliter
868 2884 996 2928 'inest
1022 2883 1234 2927 omnibus
1270 2883 1533 2927 hominibus
1568 2883 1843 2928 desiderium
1883 2884 2195 2944 cognoscendi

227 2967 386 2999 causas
413 2966 574 2997 eorum
600 2965 716 3011 quae
742 2951 975 3005 videntur3
999 2951 1133 3004 unde,
1160 2960 1343 3009 propter
1370 2950 1722 2995 admirationem
1745 2965 1905 2996 eorum
1931 2966 2048 3011 quae
2073 2951 2193 2997 vide·

226 3021 402 3075 bantur,
430 3033 625 3079 quorum
652 3032 815 3062 causae
841 3017 1057 3072 latebant,
1083 3018 1295 3061 homines
1319 3017 1468 3076 primo
1491 3017 1809 3077 philosophari
1831 3029 2102 3079 coeperunt;
2125 3019 2194 3063 in-

225 3088 457 3132 venientes
473 3096 626 3130 autem
641 3099 826 3129 causam
845 3085 1151 3144 quiescebant.
1165 3085 1263 3130 Nec
1277 3085 1394 3129 sistit
1410 3084 1641 3143 inquisitio
1656 3099 1892 3145 quousque
1905 3085 2193 3146 perveniatur

231 3155 286 3199 ad
313 3155 506 3214 primam
537 3167 745 3206 causam3
784 3162 828 3196 et
863 3162 970 3195 tunc
998 3151 1195 3210 perfecte
1227 3166 1313 3195 nos
1346 3151 1461 3195 scire
1489 3152 1759 3196 arbitramur
1785 3152 1968 3212 quando
1993 3152 2191 3212 primam

228 3236 414 3266 causam
443 3220 783 3279 cognoscimus.
812 3219 1054 3263 Desiderat
1079 3219 1214 3277 igitur
1239 3219 1384 3262 homo
1403 3218 1665 3263 naturaliter
1689 3233 1971 3278 cognoscere
1996 3219 2193 3279 primam

227 3303 414 3333 causam
451 3288 580 3347 quasi
611 3287 824 3331 ultimum
856 3286 1013 3331 finem,
1050 3286 1205 3329 Prima
1242 3296 1394 3330 autem
1434 3286 1643 3330 omniurn
1671 3300 1807 3331 causa
1832 3286 1959 3332 Deus
1997 3296 2077 3332 est.
2111 3285 2194 3332 Est

224 3356 360 3414 igitur
387 3354 573 3399 ultimus
600 3354 701 3398 finis
727 3354 928 3398 hominis
957 3367 1238 3412 cognoscere
1265 3354 1432 3398 Deum.

316 3423 578 3467 Praeterea:
608 3421 846 3480 cujuslibet
879 3420 1064 3465 effectus
1099 3419 1269 3479 cogniti
1300 3420 1565 3465 naturaliter
1590 3421 1733 3466 homo
1768 3435 1955 3466 causam
1980 3421 2095 3467 scire
2121 3420 2193 3468 de·

227 3489 404 3533 siderat.
432 3488 692 3533 Intellectus
712 3498 864 3532 autern
882 3488 1110 3531 humanus
1138 3488 1377 3546 cognoscit
1403 3501 1482 3532 ens
1511 3487 1777 3533 universale.
1796 3488 2035 3533 Desiderat
2054 3487 2192 3547 igitur

227 3555 490 3600 naturaliter
518 3569 800 3614 cognoscere
820 3569 1006 3599 causam
1034 3555 1144 3613 ejus,
1162 3568 1277 3613 quae
1295 3553 1446 3598 solum
1469 3555 1594 3599 Deus
1618 3565 1697 3609 est,
1724 3564 1773 3599 ut
1789 3553 2059 3615 infecundo
2085 3568 2190 3615 pro·

230 3624 386 3668 batum
405 3633 471 3668 est
485 3624 545 3680 (c.
565 3623 667 3681 15.).
685 3622 792 3667 Non
812 3632 879 3667 est
890 3623 1043 3667 autem
1061 3621 1222 3681 aliquis
1239 3630 1471 3667 assecutus
1484 3621 1622 3667 finem
1644 3621 1856 3668 ultimum
1868 3634 2105 3683 quousque
2115 3635 2191 3674 na·

2315 3542 2332 3738 l}

2306 3729 2332 3854 ἒ
