2332 3854
760 240 915 279 LIBER
953 238 1030 278 111.
1070 239 1191 278 CAP.
1233 236 1457 277 cxxxlx.
1976 233 2078 291 505

132 343 305 390 tensius
326 342 436 387 illud
457 341 602 386 voluit
621 354 761 400 quam
785 341 862 399 qui
887 338 1151 398 simpliciter
1174 338 1324 383 facere
1349 335 1570 396 disponit;
1595 335 1701 395 quia
1726 349 1821 380 non
1847 334 1998 380 solum
2023 335 2084 379 fa-

121 422 240 455 ⁴cere
264 409 422 464 voluit,
443 408 527 454 >sed
542 406 688 452 voluit
711 420 760 451 se
782 406 962 451 firmare
989 416 1037 450 ut
1061 420 1155 450 non
1181 405 1396 451 deficeret
1421 417 1447 448 a
1478 401 1703 447 faciende.
1731 401 1796 446 Ex
1826 402 1916 446 hac
1947 402 2085 461 igitur

122 474 379 520 *voluntatis
411 474 664 520 intensione
694 473 894 518 redditur
921 473 1150 517 exsecutio
1176 472 1273 517 voti
1298 485 1404 516 cum
1430 470 1684 515 intensione
1709 469 1908 528 quadam
1934 468 2086 513 lauda·

133 541 249 597 bilis,
281 542 419 586 etiam
451 541 634 600 quando
654 539 865 585 voluntas
889 538 963 583 vel
988 553 1082 583 non
1109 549 1211 583 actu
1234 538 1374 582 fertur
1397 537 1445 583 in
1466 551 1595 596 opus,
1620 535 1695 580 vel
1716 535 1858 580 fertur
1878 535 2082 580 remisse.

135 608 214 654 sic
239 621 350 667 ergo
378 607 647 652 laudabilius
678 606 729 651 fit
759 606 881 665 quod
914 620 968 649 ex
996 615 1105 650 voto
1138 605 1202 660 fit,
1234 619 1373 664 quam
1404 605 1527 664 quod
1558 604 1607 649 fit
1638 603 1735 648 sine
1771 612 1898 657 voto,
1925 602 2084 647 ceteris

133 684 289 720 tamen
312 674 508 733 paribus.

877 849 1132 907 CAPUT
1174 849 1341 906 CXL.

354 986 513 1034 QUOD
546 986 734 1033 NEQUE
766 985 974 1025 MERITA
1004 985 1191 1032 NEQUE
1223 985 1476 1025 PECCATA
1509 985 1651 1024 SUNT
1684 985 1860 1024 PAR1A.

740 1088 861 1146 (Ι-ΙΙ.
888 1095 1039 1147 quaest.
1065 1089 1268 1134 LXXIII.
1295 1096 1377 1134 art.
1404 1089 1482 1146 2.).

220 1191 287 1245 Ex
310 1198 383 1245 his
409 1209 560 1245 autem
575 1198 866 1244 manifestum
884 1209 952 1245 est
968 1199 1089 1258 quod
1111 1213 1258 1259 neque
1286 1199 1441 1245 omnia
1466 1199 1587 1243 bona
1610 1211 1749 1257 opera
1765 1211 1913 1257 neque
1929 1196 2086 1241 omnia

131 1277 322 1327 peccata
347 1277 452 1312 sunt
476 1268 614 1326 paria.

220 1333 480 1379 Consilium
505 1334 629 1378 enim
654 1347 748 1378 non
776 1334 905 1378 datur
930 1333 1017 1378 nisi
1042 1334 1097 1377 de
1124 1333 1305 1378 meliori
1327 1333 1468 1378 bono.
1493 1333 1672 1378 Dantur
1698 1341 1852 1377 autem
1878 1329 2086 1383 consilia,

130 1400 178 1445 in
193 1399 295 1459 lege
310 1399 476 1454 divina,
494 1401 549 1446 de
565 1410 842 1460 paupertate,
860 1400 1154 1454 continentia,
1176 1410 1220 1444 et
1238 1399 1336 1444 aliis
1361 1399 1641 1458 hujusmodi,
1658 1409 1707 1443 ut
1721 1412 1857 1457 supra
1883 1398 1945 1455 (c.
1969 1398 2085 1456 131.)

132 1466 305 1512 dictum
337 1477 418 1512 est.
451 1467 578 1512 Haec
614 1467 751 1525 igitur
785 1466 976 1512 meliora
1009 1476 1111 1511 sunt
1139 1481 1278 1526 quam
1304 1467 1600 1512 matrimonio
1636 1467 1703 1511 uti
1737 1476 1782 1511 et
1815 1464 2087 1524 temporalia

131 1533 379 1593 possidere,
419 1533 672 1578 secundum
705 1548 820 1592 quae
851 1544 1007 1578 tamen
1038 1534 1262 1592 contingit
1293 1534 1494 1578 virtuose
1528 1547 1676 1592 agere,
1710 1533 1868 1577 ordine
1900 1531 2087 1577 rationis

131 1609 328 1654 servato,
353 1610 403 1644 ut
426 1613 561 1659 supra
586 1601 647 1658 (c.
680 1599 798 1658 135.)
824 1610 1060 1645 ostensum
1091 1609 1172 1644 est.
1205 1600 1313 1645 Non
1344 1600 1482 1659 igitur
1513 1614 1676 1645 ornnes
1709 1609 1836 1644 actus
1869 1599 2086 1643 virtutum

133 1676 237 1711 sunt
261 1680 404 1726 pares.

218 1733 406 1778 Adhuc:
439 1742 565 1777 actus
590 1732 792 1790 speciem
817 1733 1040 1792 recipiunt
1065 1747 1118 1777 ex
1145 1733 1349 1791 objectis.
1379 1732 1569 1785 Quanto
1595 1733 1732 1791 igitur
1757 1732 1990 1790 objectum
2017 1741 2085 1776 est

133 1798 312 1853 melius,
332 1809 460 1845 tanto
486 1810 532 1844 et
556 1810 682 1844 actus
709 1800 791 1844 erit
815 1800 1060 1845 virtuosior
1084 1800 1335 1844 secundum
1371 1799 1572 1858 speciem
1604 1814 1749 1844 suam.
1781 1799 1902 1843 Finis
1935 1808 2087 1842 autem

130 1865 296 1913 melior
320 1876 388 1912 est
411 1866 482 1911 his
507 1881 624 1925 quae
650 1875 753 1911 sunt
779 1866 835 1910 ad
862 1866 1025 1921 finem;
1051 1881 1247 1926 quorum
1272 1876 1400 1911 tanto
1434 1866 1601 1925 aliquid
1634 1866 1797 1911 melius
1823 1875 1890 1911 est
1915 1875 2087 1925 quanto

132 1942 200 1978 est
219 1931 299 1977 fini
319 1933 629 1992 propinquius.
650 1933 771 1977 Inter
789 1943 913 1978 actus
930 1934 1066 1992 igitur
1082 1933 1310 1978 humanos
1328 1932 1402 1978 ille
1421 1943 1488 1978 est
1504 1934 1702 1992 optimus
1720 1933 1858 1992 quiin
1875 1931 2088 1978 ultimum

130 1999 284 2054 finem,
309 1999 484 2045 scilicet
507 2000 675 2053 Deum,
706 2000 971 2045 immediate
1003 2000 1168 2055 fertur3
1200 2010 1303 2059 post
1334 2014 1473 2059 quem
1503 2010 1631 2045 tanto
1665 2010 1791 2045 actus
1823 1999 1989 2045 melior
2021 2009 2089 2045 est

130 2066 380 2111 secundum
406 2080 537 2111 suam
562 2066 761 2126 speciem
788 2077 958 2125 quanto
986 2068 1219 2126 objectum
1246 2077 1315 2112 est
1339 2067 1442 2111 Deo
1470 2067 1781 2127 propinquius.

219 2131 460 2192 Amplius:
490 2132 665 2177 bonum
690 2133 736 2176 in
763 2134 935 2178 actibus
967 2134 1180 2178 humanis
1214 2144 1283 2178 est
1313 2133 1566 2178 secundum
1598 2133 1720 2192 quod
1752 2134 1929 2178 ratione
1961 2147 2088 2192 regu·

130 2198 294 2244 lantur.
321 2199 562 2258 Contingit
592 2209 746 2244 autem
778 2199 955 2259 aliquos
989 2200 1087 2244 aliis
1120 2200 1177 2244 ad
1208 2200 1435 2245 rationem
1466 2202 1613 2259 magis
1647 2200 1879 2254 accedere,
1905 2200 2088 2259 quando

132 2275 259 2311 actus
282 2266 359 2325 qui
385 2275 490 2311 sunt
513 2268 652 2325 ipsius
677 2267 865 2311 rationis
891 2267 1038 2325 magis
1063 2266 1232 2311 habent
1258 2267 1314 2312 de
1340 2268 1464 2312 bono
1490 2267 1691 2322 rationis,
1710 2282 1848 2326 quam
1875 2277 2002 2312 actus
2026 2267 2091 2311 in-

130 2330 350 2378 feriorum
373 2332 553 2387 virium,
580 2332 739 2392 quibus
762 2333 876 2378 ratio
902 2333 1110 2393 imperat.
1135 2333 1252 2378 Sunt
1271 2333 1408 2392 igitur
1428 2334 1544 2379 inter
1562 2344 1688 2379 actus
1705 2334 1933 2379 humanos
1951 2333 2090 2393 aliqui

134 2397 234 2444 aliis
258 2398 488 2443 meliores.

219 2465 360 2510 Item:
392 2475 634 2525 praecepta
658 2465 772 2525 legis
800 2466 972 2526 optime
998 2481 1052 2512 ex
1078 2466 1323 2512 dilectione
1355 2467 1615 2525 implentur,
1642 2478 1690 2512 ut
1715 2482 1850 2527 supra
1876 2468 1937 2527 (c.
1970 2467 2089 2524 128.)

133 2531 305 2576 dictum
331 2541 412 2577 est.
440 2532 680 2591 Contingit
706 2542 859 2578 autern
886 2532 1084 2592 aliquem
1100 2531 1202 2578 >alio
1230 2548 1284 2578 ex
1310 2535 1474 2593 majori
1500 2534 1745 2579 dilectione
1771 2534 1894 2594 quod
1925 2533 2092 2579 facien-

135 2597 247 2644 dum
272 2609 339 2644 est
363 2598 527 2644 facere.
555 2599 650 2644 Erit
673 2600 810 2658 igitur
836 2602 1143 2645 virtuosorum
1170 2611 1355 2645 actuum
1382 2615 1498 2646 unus
1527 2600 1616 2645 alio
1642 2600 1821 2645 melior.

222 2666 486 2712 Praeterea:
514 2666 552 2710 si
577 2681 631 2711 ex
651 2667 820 2711 ‘virtute
852 2678 979 2712 actus
1010 2667 1212 2712 hominis
1244 2668 1356 2712 boni
1386 2668 1646 2725 redduntur,
1681 2667 1904 2727 contingit
1936 2678 2088 2712 autem

132 2731 436 2777 intentionem
463 2733 600 2777 etiarn
628 2734 839 2778 eamdem
865 2735 1089 2791 majorem
1115 2748 1214 2778 esse
1239 2734 1286 2777 in
1309 2748 1402 2778 uno
1424 2749 1561 2794 quam
1579 2735 1625 2778 in
1647 2734 1754 2789 alio,
1778 2744 1958 2794 oportet
1977 2749 2088 2794 ergo

134 2798 258 2857 quod
283 2798 593 2843 humanorum
620 2809 804 2844 actuum
830 2799 887 2844 sit
912 2814 1027 2844 unus
1054 2799 1145 2843 alio
1172 2799 1350 2845 melior.

221 2864 360 2909 Item:
397 2865 436 2909 si
467 2879 523 2909 ex
556 2865 792 2910 virtutibus
819 2876 946 2910 actus
971 2866 1162 2910 humani
1196 2867 1306 2910 boni
1340 2866 1601 2921 redduntur,
1637 2876 1817 2926 oportet
1847 2867 2088 2912 meliorem

134 2943 233 2974 esse
259 2939 412 2974 actum
438 2931 515 2989 qui
541 2941 609 2976 est
633 2931 837 2976 melioris
862 2932 1052 2976 virtutis.
1080 2932 1320 2991 Contingit
1352 2942 1504 2977 autem
1531 2934 1744 2977 virtutem
1777 2946 1917 2978 unam
1949 2933 2089 2978 altera

132 2995 372 3041 meliorem
398 3011 511 3050 esse,
537 3009 643 3057 puta
670 2998 1056 3057 magnificentiam
1081 2998 1362 3053 liberalitate,
1397 3009 1439 3043 et
1471 3000 1898 3058 magnanimitatem
1932 3000 2090 3046 mode-

131 3062 290 3107 rantia.
318 3062 414 3107 Erit
437 3063 574 3121 igitur
599 3065 909 3109 humanorum
937 3076 1120 3109 actuum
1148 3080 1262 3110 unus
1290 3066 1381 3110 alio
1409 3066 1588 3111 melior.

222 3129 341 3173 Hinc
367 3139 436 3175 est
460 3130 582 3188 quod
608 3130 771 3176 dicitur
794 3131 850 3189 (I.
879 3131 989 3176 Cor.
1014 3131 1112 3176 VII.
1146 3133 1258 3190 38.):
1289 3134 1378 3189 Qui
1409 3135 1681 3179 matrimonio
1707 3136 1849 3193 jungit
1880 3136 2087 3194 virginem

132 3210 266 3248 suam,
296 3197 391 3241 bene
413 3196 525 3254 facit
535 3212 551 3248 ,·
578 3202 615 3242 et
640 3199 712 3256 qui
736 3213 819 3242 non
839 3200 991 3256 jungit,
1017 3199 1161 3243 melius
1178 3200 1301 3257 facit.

219 3262 276 3306 Et
300 3262 473 3308 eisdem
499 3263 635 3307 etiam
658 3264 907 3309 rationibus
934 3275 1119 3323 apparet
1145 3266 1267 3324 quod
1294 3280 1388 3310 non
1416 3267 1574 3311 omnia
1601 3278 1790 3326 peccata
1816 3278 1920 3313 sunt
1945 3269 2086 3327 paria,

131 3342 274 3388 quum
296 3343 376 3387 per
401 3343 543 3374 unum
565 3340 803 3389 peccatum
830 3332 976 3390 magis
1003 3332 1260 3377 discedatur
1286 3347 1312 3377 a
1338 3332 1426 3377 fine
1450 3348 1587 3392 quam
1613 3349 1692 3393 per
1719 3334 1854 3388 aliud,
1877 3345 1923 3380 et
1943 3336 2090 3395 magis

131 3405 410 3454 pervertatur
434 3396 548 3440 ordo
572 3397 775 3451 rationis,
793 3408 837 3442 et
859 3399 1003 3456 majus
1029 3409 1359 3444 nocumentum
1386 3401 1596 3459 proximo
1623 3400 1853 3445 inferatur.
1881 3402 1998 3446 Hinc
2023 3411 2090 3447 est

133 3462 256 3520 quod
281 3462 443 3507 dicitur
467 3462 653 3522 (Ezech.
680 3463 801 3508 XVI.
827 3465 945 3522 47.):
973 3464 1246 3511 Sceleratiora
1265 3467 1406 3524 fecisti
1430 3467 1515 3512 illis
1536 3468 1581 3511 in
1607 3469 1796 3513 omnibus
1820 3469 1903 3513 viis
1925 3470 2019 3514 tuis.

221 3528 311 3573 Per
334 3529 424 3574 hoc
451 3539 604 3574 autem
629 3530 878 3576 excluditur
903 3533 1208 3591 quorumdam
1241 3546 1365 3578 error
1397 3533 1647 3578 dicentium
1679 3533 1837 3580 omnia
1862 3537 2025 3580 merita
2045 3545 2090 3580 et

134 3604 323 3652 peccata
349 3608 449 3641 esse
475 3595 615 3655 paria.
2034 3613 2036 3616 ’
