2332 3854
0 3024 19 3103 2„ng
0 2984 2 2988 <

858 190 1012 229 ruma
1051 189 1128 228 111.
1170 190 1290 228 CAP.
1326 188 1434 227 mx.
2018 188 2124 243 457

174 294 330 352 possit,
339 309 431 340 non
448 296 602 339 tamen
615 292 650 338 si
657 307 679 337 c
694 301 760 337 est
772 292 813 336 ei
829 291 1021 336 inditum
1039 290 1302 336 naturaliter
1318 300 1367 334 ut
1382 291 1443 334 ita
1460 288 1638 334 ordinet
1654 302 1783 332 suam
1800 288 2125 348 perfectionem

170 359 217 404 in
234 359 372 405 aliurn
390 360 542 415 finem,
559 356 682 419 quod
699 359 752 402 ab
772 372 827 402 eo
846 357 1036 402 deficere
1055 372 1146 402 non
1166 357 1321 417 possit,
1340 370 1478 416 quum
1494 355 1593 400 finis
1611 355 1818 414 superior
1830 368 1924 398 non
1942 356 1998 399 sit
2016 369 2126 400 suae

169 436 356 472 naturae
380 427 599 487 proprius,
625 425 704 470 sed
720 424 963 483 superioris
989 434 1191 468 naturae.
1214 422 1500 482 Relinquitur
1525 421 1661 481 igitur
1686 435 1769 465 suo
1798 421 1980 466 arbitrio
2005 422 2127 481 quod

172 494 403 552 propriam
431 491 756 553 perfectionem
788 491 832 535 in
860 491 1139 549 superiorem
1175 489 1352 534 ordinet
1377 489 1528 533 finem.
1563 489 1612 532 In
1639 489 1729 532 hoc
1763 490 1884 532 enim
1918 487 2130 532 differunt

171 559 452 604 voluntatem
480 558 691 603 habentia
710 558 763 602 ab
790 558 861 602 his
879 572 994 616 quae
1011 557 1244 601 voluntate
1273 567 1441 610 carent,
1469 556 1588 615 quod
1607 555 1819 599 habentia
1844 555 2128 598 voluntatem

172 626 383 670 ordinant
408 640 457 671 se
484 636 528 670 et
553 640 635 670 sua
659 625 706 669 in
733 624 886 678 finem,
913 624 1030 667 unde
1049 635 1093 667 et
1118 623 1246 667 liberi
1274 623 1443 667 arbitrii
1470 636 1568 666 esse
1585 622 1815 676 dicuntur;
1842 635 1957 681 quae
1976 631 2128 665 autem

170 690 404 737 voluntate
422 703 577 736 carent
598 706 691 736 non
719 691 930 736 ordinant
951 704 999 734 se
1025 690 1071 733 in
1098 689 1252 742 finem,
1278 690 1356 733 sed
1381 689 1645 733 ordinantur
1666 703 1691 732 a
1714 688 1933 748 superiori
1951 698 2127 747 agente,

171 759 301 819 quasi
327 759 381 803 ab
401 758 492 803 alio
511 769 611 803 acta
634 759 679 802 in
706 758 859 812 finem,
884 772 978 801 non
1006 767 1159 801 autem
1187 757 1358 815 seipsis.
1382 756 1536 800 Potuit
1558 756 1692 815 igitur
1710 756 1756 799 in
1779 755 2013 799 voluntate
2029 755 2129 799 sub-

171 825 364 870 stantiae
381 835 615 885 separatae
642 839 740 869 esse
766 834 1007 884 peccatum
1036 838 1088 867 ex
1114 823 1205 867 hoc
1223 824 1345 882 quod
1371 823 1606 882 proprium
1623 822 1796 866 bonum
1825 833 1868 866 et
1893 820 2127 882 perfectio-

168 905 275 935 nem
302 893 347 935 in
374 892 585 936 ultimum
613 891 749 936 finem
777 905 869 935 non
898 890 1136 943 ordinavit,
1163 890 1241 933 sed
1274 889 1469 933 inhaesit
1500 891 1685 948 proprio
1711 889 1835 932 bono
1863 899 1912 932 ut
1936 888 2035 942 fini3
2068 898 2126 943 et,

126 979 134 987 ·
168 959 274 1018 quia
300 973 356 1003 ex
382 959 471 1003 fine
497 974 685 1004 necesse
704 969 769 1004 est
786 968 833 1002 ut
860 958 1043 1016 regulae
1067 958 1258 1002 actionis
1276 967 1526 1010 sumantur,
1551 970 1737 1000 necesse
1754 966 1821 1000 est
1846 966 1894 999 ut
1910 970 1963 999 ex
1981 956 2126 1015 seipsa

171 1026 238 1082 (in
265 1040 354 1085 qua
379 1026 518 1070 finem
557 1026 809 1082 constituit)
839 1025 926 1068 alia
963 1024 1229 1083 regulariter
1265 1024 1523 1083 disponeret
1558 1022 1602 1066 et
1628 1033 1676 1066 ut
1709 1024 1803 1081 ejus
1828 1023 2040 1067 voluntas
2072 1023 2124 1066 ab

169 1091 259 1136 alio
286 1093 508 1151 superiori
539 1107 632 1136 non
660 1091 964 1150 regularetur3
996 1092 1086 1135 hoc
1122 1101 1274 1134 autem
1302 1090 1389 1134 soli
1421 1090 1524 1133 Deo
1557 1090 1755 1133 debetur.
1787 1089 1843 1133 Et
1874 1089 2124 1133 secundum

167 1158 257 1202 hoc
284 1158 629 1218 intelligendum
659 1168 726 1204 est
747 1159 868 1218 quod
897 1159 1067 1218 appetit
1083 1159 1170 1202 Dei
1189 1158 1534 1216 aequalitatem3
1560 1171 1653 1200 non
1677 1156 1861 1216 quidem
1883 1166 1933 1200 ut
1951 1156 2124 1200 bonurn

169 1239 301 1269 suum
330 1235 450 1270 esset
485 1226 639 1269 divino
666 1226 790 1269 bono
825 1225 1040 1284 aequale;
1076 1225 1167 1268 hoc
1203 1224 1325 1268 enim
1354 1225 1398 1267 in
1435 1222 1669 1268 intellectu
1707 1224 1802 1282 ejus
1837 1223 1998 1267 cadere
2031 1237 2125 1267 non

166 1301 360 1351 poterat,
385 1302 430 1337 et
450 1292 540 1337 hoc
561 1292 833 1352 appetendo,
861 1302 1090 1351 appeteret
1116 1306 1163 1336 se
1190 1306 1284 1346 non
1308 1305 1420 1345 esse,
1448 1305 1588 1350 quum
1615 1290 1844 1335 distinctio
1870 1290 2124 1349 specierum

166 1359 419 1403 secundum
447 1358 650 1404 diversos
678 1359 843 1418 gradus
869 1373 1018 1403 rerum
1047 1358 1299 1416 proveniat,
1322 1368 1371 1402 ut
1396 1373 1451 1401 ex
1476 1357 1743 1417 supradictis
1762 1357 1880 1415 (Lib.
1907 1357 1963 1400 II.
1988 1372 2025 1401 c.
2058 1372 2123 1416 39.

167 1432 212 1468 et
235 1424 331 1482 40.)
359 1435 558 1484 apparet.
584 1425 716 1470 Velle
744 1435 897 1469 autem
924 1425 1038 1469 alios
1071 1424 1295 1484 regulare,
1323 1435 1367 1469 et
1382 1423 1666 1469 voluntatem
1693 1438 1823 1468 suam
1851 1438 1876 1468 a
1902 1424 2124 1484 superiori

163 1505 257 1535 non
284 1492 483 1551 regulari
518 1501 586 1536 est
609 1492 727 1536 velle
753 1506 976 1551 praeesse,
1005 1502 1048 1536 et
1080 1490 1425 1551 quodammodo
1454 1505 1546 1535 non
1574 1491 1748 1550 subjici,
1782 1490 1905 1550 quod
1933 1501 2000 1535 est
2025 1505 2126 1549 pec-

165 1568 318 1602 catum
358 1558 618 1618 superbiae;
655 1559 774 1603 unde
813 1559 1138 1603 convenienter
1165 1558 1326 1602 dicitur
1357 1558 1480 1617 quod
1512 1558 1713 1615 primum
1748 1567 1987 1617 peccatum
2024 1557 2126 1602 dae-

163 1624 314 1668 monis
353 1623 438 1669 fuit
469 1625 691 1684 superbia.
727 1625 832 1680 Sed,
864 1625 970 1684 quia
1003 1639 1056 1669 ex
1098 1639 1190 1669 uno
1225 1639 1377 1668 errore
1422 1625 1542 1667 circa
1575 1625 1846 1684 principium
1889 1625 2039 1668 varius
2081 1635 2126 1668 et

163 1690 401 1750 multiplex
426 1705 551 1736 error
573 1692 880 1751 consequitur,
904 1691 1009 1735 ideo
1037 1706 1091 1735 ex
1118 1692 1264 1750 prima
1289 1691 1627 1735 inordinatione
1645 1691 1891 1735 voluntatis
1909 1705 2024 1750 quae
2041 1690 2124 1735 fuit

160 1757 208 1801 in
234 1757 461 1802 daemone
489 1769 786 1803 consecutum
814 1768 882 1803 est
907 1757 1143 1818 multiplex
1169 1768 1410 1816 peccatum
1435 1757 1481 1801 in
1507 1758 1741 1802 voluntate
1767 1757 1921 1817 ipsius,
1955 1767 1998 1801 et
2030 1757 2124 1801 odii

160 1823 300 1883 ipsius
326 1824 383 1868 ad
408 1825 576 1879 Deum,
603 1835 652 1870 ut
674 1825 958 1870 resistentem
982 1840 1090 1870 suae
1108 1825 1343 1883 superbiae
1372 1834 1415 1869 et
1440 1826 1704 1883 punientem
1730 1825 1975 1884 justissime
1992 1838 2120 1868 suam

162 1890 359 1950 culpam,
386 1901 432 1936 et
456 1892 651 1936 invidiae
679 1893 734 1936 ad
756 1892 1010 1946 hominem,
1038 1902 1082 1936 et
1108 1890 1251 1936 multa
1279 1891 1366 1935 alia
1393 1891 1669 1948 hujusmodi.

250 1957 646 2003 Considerandum
679 1969 746 2003 est
777 1959 914 2003 etiam
947 1958 1084 2018 quod,
1117 1973 1258 2018 quum
1290 1958 1526 2017 proprium
1558 1957 1746 2016 alicujus
1780 1958 1952 2002 bonum
1985 1957 2123 2001 habet

160 2024 367 2069 ordinem
395 2025 449 2069 ad
477 2025 605 2084 plura
626 2026 875 2084 superiora,
906 2025 1099 2069 liberum
1128 2036 1195 2069 est
1220 2025 1393 2069 volenti
1424 2034 1473 2069 ut
1500 2025 1552 2069 ab
1581 2025 1739 2069 ordine
1774 2025 1963 2082 alicujus
1996 2038 2122 2084 supe-

158 2091 330 2136 riorum
362 2092 544 2136 recedat
569 2103 614 2137 et
646 2092 828 2137 alterius
862 2093 1070 2137 ordinem
1102 2106 1197 2136 non
1230 2091 1526 2151 derelinquat,
1559 2092 1652 2136 sive
1684 2092 1743 2136 sit
1775 2092 1993 2151 superior,
2026 2091 2120 2135 sive

158 2157 217 2202 sit
239 2157 451 2213 inferior3
477 2161 595 2204 sicut
620 2158 766 2212 miles,
793 2161 870 2218 qui
893 2159 1125 2204 ordinatur
1150 2159 1230 2202 sub
1254 2173 1362 2217 rege
1389 2169 1434 2202 et
1458 2159 1539 2202 sub
1568 2159 1681 2203 duce
1709 2159 1944 2213 exercitus,
1972 2168 2121 2217 potest

158 2223 444 2269 voluntatem
461 2239 591 2269 suam
611 2226 820 2270 ordinare
847 2226 894 2269 in
919 2225 1093 2270 bonum
1112 2225 1238 2270 ducis
1266 2235 1309 2269 et
1330 2239 1424 2269 non
1451 2225 1586 2284 regis,
1614 2235 1690 2270 aut
1707 2240 1730 2270 e
1754 2239 2002 2280 converso;
2026 2225 2120 2279 sed,

157 2291 195 2337 si
220 2291 309 2335 dux
330 2291 384 2335 ab
412 2292 570 2336 ordine
591 2292 710 2350 regis
737 2292 933 2346 recedat,
959 2292 1080 2336 bona
1107 2294 1190 2336 erit
1215 2291 1426 2336 voluntas
1453 2292 1608 2336 militis
1633 2292 1887 2336 recedentis
1914 2306 1940 2335 a
1964 2291 2122 2335 volun-

155 2366 248 2403 tate
265 2358 391 2402 ducis
418 2368 462 2404 et
488 2359 720 2418 dirigentis
746 2358 1030 2404 voluntatem
1060 2373 1189 2403 suam
1216 2359 1261 2402 in
1279 2372 1451 2418 regem,
1479 2359 1600 2403 mala
1629 2369 1780 2402 autem
1806 2358 2018 2402 voluntas
2042 2358 2121 2402 rni-

155 2423 245 2470 litis
275 2425 503 2484 sequentis
534 2425 819 2470 voluntatem
851 2424 977 2471 ducis
1017 2436 1175 2470 contra
1207 2425 1492 2470 voluntatem
1525 2425 1669 2484 regis;
1708 2426 1820 2469 ordo
1854 2425 1976 2469 enim
2013 2423 2122 2469 infe-

156 2490 287 2536 rioris
313 2492 523 2551 principii
548 2493 774 2552 dependet
807 2493 859 2536 ab
899 2493 1057 2536 ordine
1084 2492 1342 2551 superioris.
1382 2491 1668 2536 Substantiae
1700 2499 2120 2551 'autemseparatae

154 2571 250 2601 non
275 2557 426 2602 solum
453 2559 718 2603 ordinantur
743 2560 824 2604 sub
852 2560 971 2613 Deo,
1004 2560 1081 2604 sed
1115 2574 1204 2603 una
1231 2559 1369 2603 etiarn
1397 2573 1553 2602 earum
1588 2559 1821 2603 ordinatur
1853 2559 1934 2603 sub
1963 2559 2065 2614 alia,
2094 2573 2118 2602 a

156 2625 302 2682 prima
327 2639 468 2683 usque
500 2625 556 2669 ad
583 2625 806 2680 ultimam,
835 2636 883 2670 ut
915 2636 1150 2670 ostensum
1176 2636 1243 2670 est
1268 2626 1387 2684 (Lib.
1416 2626 1470 2668 ΙΙ.
1506 2640 1543 2669 c.
1571 2627 1688 2685 95.);
1722 2636 1779 2679 et,
1806 2626 1910 2685 quia
1937 2626 1983 2669 in
2011 2639 2119 2684 quo-

155 2689 265 2734 libet
294 2691 477 2735 volente
504 2692 583 2735 sub
610 2692 713 2736 Deo
740 2701 890 2751 potest
917 2706 1014 2736 esse
1042 2702 1282 2750 peccatum
1308 2691 1569 2745 voluntatis,
1593 2693 1630 2735 si
1656 2693 1702 2735 in
1725 2706 1804 2735 sua
1833 2702 1990 2736 natura
2015 2705 2119 2736 con-

157 2756 388 2811 sideretur,
419 2757 632 2816 possibile
658 2757 741 2802 fuit
767 2759 888 2817 quod
916 2758 1064 2817 aliqua
1099 2760 1153 2802 de
1180 2758 1485 2817 superioribus
1508 2769 1583 2802 aut
1606 2759 1741 2802 etiam
1764 2773 1976 2817 suprema
2002 2759 2117 2803 inter

156 2837 318 2868 omnes
350 2835 560 2883 peccaret
590 2826 842 2869 secundum
875 2825 1172 2869 voluntatem.
1201 2825 1257 2868 Et
1282 2825 1372 2868 hoc
1407 2825 1589 2883 quidem
1623 2825 1728 2868 satis
1757 2825 1990 2883 probabile
2024 2835 2115 2880 est3

154 2904 248 2934 non
275 2891 397 2935 enim
419 2891 465 2935 in
491 2906 575 2936 suo
603 2893 725 2935 bono
747 2891 990 2951 quievisset
1010 2892 1126 2935 sicut
1151 2892 1197 2934 in
1230 2891 1333 2944 fine,
1359 2891 1446 2935 nisi
1467 2906 1597 2935 suum
1621 2892 1794 2935 bonum
1820 2891 1952 2936 valde
1978 2891 2118 2951 perfe-

155 2967 279 3002 ctum
311 2968 442 3003 esset.
484 2959 638 3003 Potuit
672 2958 809 3016 igitur
855 2957 951 3003 fieri
991 2958 1113 3017 quod
1151 2959 1205 3002 de
1238 2957 1522 3002 inferioribus
1561 2958 1738 3017 aliquae
1773 2973 1852 3017 per
1886 2958 2117 3018 propriam

153 3023 434 3070 voluntatem
471 3026 644 3070 bonum
679 3040 814 3069 suum
851 3026 1112 3069 ordinarent
1144 3025 1188 3068 in
1221 3025 1383 3083 ipsam,
1421 3024 1683 3069 recedentes
1711 3039 1736 3068 a
1763 3025 1916 3069 divino
1944 3026 2117 3072 ordine,

154 3106 271 3150 quae
307 3092 515 3137 similiter
545 3105 874 3152 peccaverunt;
911 3092 1026 3136 aliae
1066 3106 1191 3146 vero,
1225 3103 1456 3136 servantes
1490 3094 1533 3136 in
1572 3102 1700 3136 motu
1734 3105 1841 3136 suae
1872 3091 2118 3138 voluntatis

153 3158 357 3202 divinum
382 3159 605 3214 ordinem,
633 3160 686 3203 ab
715 3160 873 3204 ordine
900 3160 1145 3219 peccantis,
1170 3160 1376 3218 quamvis
1394 3160 1637 3218 superioris
1655 3160 1906 3205 secundum
1928 3171 2116 3205 naturae

154 3225 377 3279 ordinem,
403 3235 525 3270 recte
550 3226 827 3271 recederent.
858 3226 1112 3278 Quomodo
1140 3240 1249 3270 vero
1276 3227 1321 3270 in
1350 3227 1550 3270 bonitate
1576 3225 1650 3270 vel
1677 3226 1849 3271 malitia
1872 3227 2120 3271 immobili-

153 3301 220 3336 ter
246 3302 541 3352 utrorumque
573 3292 784 3337 voluntas
806 3304 1079 3352 perseverat,
1114 3293 1377 3338 ostendetur
1403 3293 1522 3351 (Lib.
1549 3293 1627 3337 IV.
1651 3307 1688 3337 c.
1717 3308 1789 3353 9²·
1815 3303 1858 3338 et
1884 3294 1978 3354 93.)
1993 3310 2004 3348 ;
2025 3293 2115 3338 hoc

154 3358 277 3403 enim
303 3358 494 3418 pertinet
528 3358 584 3403 ad
610 3374 781 3418 poenas
812 3358 887 3404 vel
918 3361 1122 3418 praemia
1147 3359 1377 3404 bonorum
1409 3359 1482 3403 vel
1514 3359 1758 3404 malorum.

242 3424 344 3469 Hoc
372 3434 524 3469 autem
550 3425 699 3470 differt
719 3426 836 3470 inter
856 3426 1097 3471 hominem
1125 3437 1168 3470 et
1194 3426 1491 3471 substantiam
1514 3437 1770 3485 separatam
1798 3426 1936 3486 quod,
1959 3428 2004 3471 in
2021 3441 2114 3471 uno

153 3490 358 3546 homine,
389 3502 493 3536 sunt
523 3491 672 3551 plures
699 3492 969 3552 appetitivae
1001 3493 1203 3546 virtutes,
1230 3507 1422 3552 quarum
1450 3507 1539 3537 una
1565 3493 1645 3537 sub
1680 3493 1821 3538 altera
1855 3493 2114 3552 ordinatur;

155 3558 277 3616 quod
299 3558 482 3617 quidem
498 3559 545 3602 in
562 3559 820 3604 substantiis
842 3560 1058 3618 separatis
1084 3574 1177 3604 non
1206 3560 1453 3620 contingit3
1481 3575 1569 3605 una
1596 3570 1749 3606 tamen
1773 3574 1929 3605 earum
1949 3569 2014 3604 est
2033 3560 2114 3604 sub
