2294 3854
234 189 342 257 676
887 199 1040 237 usiza
1079 199 1150 238 1v.
1194 199 1314 237 CAP.
1357 199 1526 236 Lxxu.

230 317 408 361 semper
436 301 670 359 contingit.
699 300 832 345 Unde
866 300 1140 358 quandoque
1164 313 1244 358 per
1269 300 1593 344 contritionem
1627 311 1783 345 amota
1815 302 1962 362 culpa,
1987 311 2034 349 et
2063 313 2190 349 reatu

229 382 404 428 poenae
431 378 640 411 aeternae
667 365 834 419 soluto,
856 375 905 408 ut
926 365 1097 409 dictum
1124 375 1205 419 est,
1231 375 1439 410 remanet
1457 367 1676 425 obligatio
1696 367 1752 411 ad
1769 368 1969 427 aliquam
1983 383 2191 429 poenam

228 434 545 494 temporalem,
579 443 626 477 ut
656 433 824 491 justitia
856 432 946 476 Dei
977 431 1190 486 salvetur,
1222 432 1473 477 secundum
1506 447 1645 492 quam
1678 434 1813 494 culpa
1844 435 2082 481 ordinatur
2109 450 2198 496 per·

229 516 442 560 poenam.
1098 529 1101 533 ,
2059 538 2061 541 .
2099 541 2101 543 .

322 568 478 620 Quum
519 577 669 610 autem
710 566 858 609 subire
899 579 1098 622 poenam
1139 579 1221 623 pro
1264 565 1397 624 culpa
1441 565 1661 623 judicium
1701 567 1933 626 quoddam
1977 568 2191 629 reqtirat,
2253 603 2259 608 .

230 644 410 694 oportet
435 633 556 690 quod
583 631 833 690 poenitens,
857 631 933 688 qui
956 645 1003 674 se
1027 631 1213 674 Christo
1240 632 1494 676 sanandum
1514 634 1758 686 commisit,
1777 633 1952 678 Christi
1970 634 2190 692 judicium

227 702 273 744 in
314 700 542 744 taxatione
584 711 760 755 poenae
803 706 1054 761 exspectet:
1094 697 1216 755 quod
1258 698 1443 756 quidem
1478 713 1558 757 per
1590 714 1698 744 suos
1734 699 1966 745 ministros
2008 700 2191 746 exhibet

226 767 449 818 Christus,
494 765 610 807 sicut
651 774 695 807 et
734 774 883 807 cetera
933 773 1230 815 sacramenta.
1277 765 1442 809 Nullus
1495 775 1648 810 autem
1699 775 1850 825 potest
1883 767 2092 825 judicare
2132 769 2188 812 de

227 832 369 890 culpis
397 845 506 889 quas
532 830 726 886 ignorat.
754 829 1075 874 Necessarium
1106 830 1242 888 igitur
1273 830 1357 875 fuit
1389 831 1727 876 confessionem
1759 833 1934 877 institui
1963 833 2098 892 qnasi*
2123 847 2190 878 se·

227 898 422 942 cundam
446 907 620 952 partem
638 896 901 952 hujusmodi
923 897 1211 950 sacramenti,
1229 907 1278 941 ut
1295 897 1429 955 culpa
1451 899 1723 956 poenitentis
1739 899 1997 943 innotescat
2013 899 2186 951 Christi

226 965 447 1009 ministro.
477 963 675 1019 Oportet
700 963 835 1019 igitur
861 962 1119 1006 ministrum
1146 964 1220 1007 cui
1251 963 1299 1008 fit
1331 964 1560 1008 confessio
1592 965 1877 1022 judiciariam
1910 975 2182 1024 potestatem

224 1032 390 1074 habere
423 1030 522 1072 vice
557 1028 743 1082 Christi,
777 1028 854 1086 qui
887 1029 1156 1073 constitutus
1191 1040 1259 1074 est
1288 1030 1424 1088 judex
1455 1031 1666 1075 vivorum
1699 1041 1744 1076 et
1774 1041 2077 1076 mortuorum.
2107 1032 2187 1093 ,Ad

224 1095 508 1154 judiciariam
546 1104 699 1138 autem
736 1104 1010 1152 potestatem
1040 1095 1138 1139 duo
1175 1096 1478 1154 requiruntur,
1514 1096 1690 1141 scilicet
1726 1098 1972 1142 auctoritas
2012 1111 2188 1156 cogno-

225 1162 379 1207 scendi
411 1162 466 1204 de
501 1161 647 1218 culpa,
675 1170 720 1204 et
744 1171 944 1219 potestas
978 1161 1258 1216 absolvendi,
1284 1162 1359 1206 vel
1385 1162 1738 1208 condemnandi.
1768 1163 1827 1207 Et
1855 1163 1971 1208 haec
2003 1163 2189 1208 duo-di—

223 1238 385 1273 cuntur
411 1228 525 1271 duae
553 1227 703 1271 claves
730 1227 979 1281 Ecclesiae,
997 1228 1171 1273 scilicet
1196 1229 1386 1273 scientia
1408 1229 1707 1283 discernendi,
1727 1239 1772 1274 et
1793 1229 1997 1289 potentia
2013 1228 2189 1289 ligandi

223 1306 274 1345 et¹
298 1294 520 1347 solvendi,
554 1307 665 1351 quas
698 1293 929 1337 Dominus
961 1294 1097 1338 Petro
1132 1295 1378 1349 commisit,
1404 1291 1533 1353 'juxta
1564 1295 1675 1339 illud
1703 1296 1887 1354 (Matth.
1913 1295 2038 1340 XVL
2066 1296 2184 1356 ,19.):

231 1363 326 1406 Tibi
350 1361 454 1419 dalro
481 1361 615 1404 claves
640 1362 758 1418 regni
782 1361 1003 1404 coelorum.
1030 1361 1138 1405 Non
1166 1372 1319 1405 autem
1345 1363 1410 1406 sic
1434 1361 1703 1419 intelligitur
1728 1362 1865 1407 Petro
1892 1362 2181 1408 commisisse

224 1439 271 1472 ut
296 1429 391 1486 ipse
418 1427 543 1471 solus
570 1427 772 1480 haberet,
804 1426 883 1470 sed
909 1437 957 1470 ut
983 1441 1062 1486 per
1088 1442 1194 1471 eum
1228 1429 1535 1471 derivarentur
1557 1428 1612 1471 ad
1639 1428 1779 1472 alios:
1813 1427 1925 1473 alias
1948 1443 2043 1474 non
2069 1439 2189 1474 esset

223 1494 499 1539 sufficienter
535 1493 738 1536 fidelium
777 1494 912 1537 saluti
943 1496 1191 1552 provisum.
1225 1494 1503 1552 Huiusmodi
1532 1504 1688 1538 autem
1719 1494 1873 1539 claves
1915 1509 1941 1539 a
1974 1495 2186 1555 passione

226 1562 396 1606 Christi
422 1559 674 1604 efficaciam
700 1560 884 1613 habent,
911 1574 991 1618 per
1017 1575 1154 1618 quam
1181 1561 1358 1605 scilicet
1389 1560 1604 1604 Christus
1630 1561 1762 1604 nobis
1795 1561 2187 1621 aperuitjanuam

224 1629 353 1686 regni
380 1627 603 1672 coelestis.
623 1627 731 1670 Ideo
761 1627 878 1670 sicut
898 1627 995 1671 sine
1013 1628 1255 1685 baptismo,
1282 1628 1328 1670 in
1350 1642 1442 1686 quo
1469 1637 1684 1686 operatur
1709 1628 1861 1686 passio
1889 1627 2076 1683 Christi,
2090 1629 2187 1674 non

222 1705 371 1754 potest
398 1708 495 1737 esse
521 1693 641 1737 salus
676 1693 938 1736 hominibus
966 1702 1015 1736 ut
1046 1692 1227 1740 realiter
1252 1703 1481 1752 suscepto,
1507 1694 1580 1738 vel
1612 1695 1864 1739 secundum
1894 1695 2202 1754 'propositum‘

220 1761 488 1813 desiderato,
522 1759 704 1818 quando
731 1760 995 1812 necessitaS,
1027 1773 1123 1803 non
1156 1769 1460 1818 contemptus,
1493 1771 1834 1805 sacramentum
1865 1761 2091 1816 excludit3'
2118 1762 2183 1807 ita

223 1828 514 1887 peccantibus
547 1837 650 1885 post
680 1826 958 1884 baptismum
991 1825 1112 1870 salus
1154 1840 1253 1870 esse
1284 1841 1378 1869 non
1411 1836 1574 1884 potest,
1606 1827 1694 1870 nisi
1726 1827 1927 1872 clavibus
1951 1827 2185 1874 Ecclesiae

221 1909 270 1939 se
302 1895 556 1952 subjiciant,
589 1892 663 1936 vel
695 1903 799 1936 actu
842 1892 1117 1946 confitendo,
1153 1903 1197 1936 et
1236 1892 1456 1951 judicium
1484 1893 1796 1937 ministrorum
1820 1893 2060 1939 Ecclesiae
2080 1895 2185 1940 sub-
2254 1903 2258 1906 '

222 1961 386 2014 eundo,
414 1960 488 2004 vel
510 1959 671 2003 saltem
698 1959 832 2017 hujus
859 1960 925 2003 rei
950 1961 1235 2017 propositum
1273 1959 1501 2013 habend0‚
1530 1969 1588 2003 -ut
1612 1959 1856 2017 impleatur
1879 1970 2088 2020 tempore
2106 1975 2187 2021 op-

221 2038 442 2087 portuno:
478 2027 597 2085 quia,
628 2036 678 2069 ut
710 2026 818 2069 dicit
849 2027 1007 2070 Petrus
1036 2026 1158 2082 (Act.
1181 2026 1259 2069 IV.
1292 2025 1395 2082 12.),
1421 2041 1504 2069 non
1531 2032 1585 2070 est
1610 2026 1726 2070 aliud
1745 2040 1897 2071 nomen
1921 2026 2064 2071 clatum
2072 2060 2183 2073 .....

221 2096 470 2146 hominibus,
504 2096 549 2138 in
576 2108 654 2152 quo
681 2099 868 2152 oporteat
893 2107 965 2137 nos
990 2093 1125 2138 salvos
1140 2094 1257 2151 fieri,
1284 2093 1372 2136 nisi
1396 2092 1444 2135 in
1467 2093 1659 2138 nomine
1691 2092 1885 2156 Domini
1913 2093 2058 2139 nostri
2076 2093 2184 2152 Jesu

224 2162 408 2206 Christi.
2127 2201 2129 2203 ,

313 2228 400 2271 Per
424 2227 515 2270 hoc
543 2237 692 2270 autem
714 2225 966 2270 excluditur
983 2225 1288 2285 quorumdam
1307 2239 1445 2279 error,
1464 2225 1542 2284 qui
1567 2225 1775 2270 dixerunt
1789 2225 2028 2271 hominem
2048 2239 2187 2285 posse

223 2304 518 2357 peccatorpm
545 2295 727 2336 veniam
755 2293 975 2351 consequi
1001 2295 1096 2336 sine
1125 2291 1430 2346 confessione,
1457 2302 1501 2335 et
1533 2292 1770 2351 proposito
1804 2292 2081 2347 confitendi3
2110 2293 2188 2338 vel

224 2361 347 2419 quod
374 2375 454 2419 per
479 2359 707 2418 praelatos
731 2359 966 2403 Ecclesiae
994 2359 1244 2417 dispensari
1270 2368 1419 2417 potest
1442 2359 1563 2417 quod
1582 2359 1637 2402 ad
1662 2358 2000 2404 confessionem
2022 2359 2184 2419 aliquis

219 2442 314 2471 non
339 2437 547 2471 teneatur
578 2427 910 2485 (Aetius-teste
945 2426 990 2471 S.
1023 2424 1246 2484 Epiphan.
1282 2426 1405 2469 haer.
1441 2426 1548 2483 75.).
1580 2425 1688 2469 Non
1721 2426 1844 2469 enim
1875 2426 1967 2471 hoo
1994 2436 2189 2485 possunt

218 2494 408 2552 praelati
440 2493 688 2546 Ecclesiae,
716 2503 764 2536 ut
790 2492 941 2536 claves
967 2492 1238 2537 frustrentur
1269 2491 1516 2546 Ecclesiae,
1538 2492 1586 2535 in
1612 2493 1774 2551 quibus
1798 2502 1897 2537 tota
1922 2507 2086 2538 eorum
2106 2507 2183 2552 po-

218 2570 356 2604 testas
389 2560 609 2613 consistit,
635 2574 782 2618 neque
810 2571 859 2603 ut
884 2562 980 2603 sine
1007 2570 1312 2613 sacramento,
1346 2574 1371 2602 a
1403 2561 1616 2618 passione
1650 2559 1822 2604 Christi
1853 2560 2071 2606 virtutem
2100 2561 2183 2605 ha-

220 2628 367 2682 bente,
403 2627 563 2685 aliquis
595 2627 913 2670 remissionem
947 2638 1240 2685 peccatorum
1284 2636 1611 2685 consequatur:
1655 2628 1744 2670 hoc
1787 2627 1911 2672 enim
1942 2637 2011 2672 est
2038 2626 2183 2673 solius

222 2694 407 2747 Christi,
441 2694 517 2752 qui
550 2704 618 2737 est
649 2704 1043 2736 sacramentorum
1075 2694 1302 2737 institutor
1329 2704 1373 2738 et
1399 2704 1571 2737 auctor.
1607 2693 1735 2738 Sicut
1764 2694 1901 2752 igitur
1932 2694 2183 2754 dispensari

220 2776 314 2806 non
346 2772 495 2821 potest
517 2776 596 2819 per
621 2761 847 2820 praelatos
875 2761 1109 2805 Ecclesiae
1137 2772 1185 2805 ut
1211 2761 1372 2820 aliquis
1399 2761 1496 2804 sine
1523 2761 1750 2818 baptismo
1777 2760 1991 2815 salvetur,
2015 2761 2078 2806 ita
2092 2774 2180 2806 nec

219 2830 341 2888 quod
370 2828 529 2887 aliquis
555 2828 875 2871 remissionem
902 2828 999 2872 sine
1033 2827 1319 2871 confessione
1354 2837 1399 2872 et
1424 2826 1709 2871 absolutione
1743 2834 2060 2886 consequatur.

308 2895 706 2940 Considerandum
722 2905 877 2938 tamen
896 2905 977 2947 est,
1005 2895 1126 2953 quod
1145 2896 1260 2939 sicut
1282 2894 1530 2952 baptismus
1550 2893 1803 2938 efficaciam
1825 2893 2026 2953 aliquam
2042 2894 2183 2940 habet

221 2962 275 3006 ad
301 2962 619 3006 remissionem
646 2962 823 3020 peccati
845 2962 984 3004 etiarn
1017 2972 1262 3020 antequam
1289 2971 1391 3004 actu
1418 2960 1701 3019 suscipiatur,
1727 2961 1838 3005 dum
1863 2961 1992 3005 &tin
2016 2974 2180 3021 propo·

219 3019 307 3073 sito
338 3030 487 3087 ipsum
528 3028 817 3086 suscipiendi,
851 3029 956 3072 licet
995 3028 1289 3086 postmodum
1334 3027 1589 3087 pleniorem
1631 3027 1846 3072 effectum
1886 3027 2093 3073 conferat
2131 3028 2179 3080 in

220 3096 460 3153 adeptione
487 3096 672 3154 gratiae,
705 3105 748 3138 et
779 3095 825 3138 in
852 3096 1121 3140 remissione
1150 3095 1309 3154 culpae
1343 3109 1448 3138 cum
1482 3105 1586 3138 actu
1612 3095 1874 3154 suscipitur;
1906 3105 1952 3140 et
1975 3096 2179 3155 quando·

219 3176 305 3220 que
331 3162 377 3205 in
403 3162 500 3219 ipsa
533 3162 821 3220 susceptione
847 3162 1059 3220 baptismi
1087 3161 1316 3206 confer-tur
1342 3162 1500 3219 gratia,
1528 3172 1572 3205 et
1598 3161 1841 3206 remittitur
1862 3160 2001 3220 culpa
2027 3161 2071 3207 ei
2095 3161 2171 3207 cui

218 3230 339 3287 prius
371 3229 560 3272 remissa
585 3242 679 3272 non
705 3228 813 3282 fuit;
846 3230 910 3272 sic
944 3239 988 3272 et
1016 3229 1166 3273 claves
1199 3228 1433 3272 Ecclesiae
1467 3228 1719 3273 efficaciam
1752 3228 1922 3274 habent
1945 3229 1991 3273 in
2022 3227 2185 3288 aliquo*

218 3305 460 3353 antequam
488 3296 527 3338 ei
560 3309 607 3339 se
641 3305 744 3338 actu
771 3295 1003 3353 subjiciat3
1037 3296 1074 3338 si
1105 3306 1260 3339 tamen
1287 3295 1453 3339 habeat
1484 3295 1770 3354 propositum
1793 3305 1852 3354 ⁴ut
1875 3307 1925 3340 se
1948 3293 2016 3339 eis
2046 3294 2185 3358 subii-4

219 3362 322 3415 ciat,
359 3361 611 3419 pleniorem
638 3372 793 3405 tamen
817 3362 1009 3420 gratiam
1034 3373 1079 3406 et
1104 3362 1422 3406 remissionem
1452 3361 1759 3420 consequitur,
1785 3361 1896 3406 dum
1921 3361 2057 3407 seeis
2074 3370 2178 3407 actu

219 3427 397 3484 subjicit
430 3427 706 3482 confitendo,
740 3438 784 3472 et
810 3428 1145 3472 absolutionem
1173 3428 1491 3488 percipiend03
1517 3438 1561 3472 et
1586 3428 1701 3472 nihil
1726 3426 1937 3487 prohibet
1965 3428 2076 3488 quin
2101 3426 2203 3473 aas*
2271 3425 2294 3494 J}-

2271 3523 2294 3552 is.

2230 3622 2232 3624 .
2260 3592 2294 3632 «ΤΞ

2253 3688 2256 3690 ,
2283 3677 2288 3692 Ι

218 3494 399 3552 quando
431 3495 593 3538 virtute
621 3494 818 3537 clavium
838 3494 971 3539 alicui
997 3494 1208 3539 confesso
1232 3496 1278 3538 in
1304 3495 1400 3554 ipsa
1428 3494 1713 3539 absolutione
1737 3494 1881 3553 gratia
1901 3492 2175 3550 conferatur,

219 3574 296 3618 per
323 3574 458 3619 quam
493 3562 531 3605 ei
561 3560 693 3620 culpa
721 3561 970 3606 dimittitur.
1001 3561 1124 3614 Quia
1151 3563 1286 3620 igitur
1307 3562 1445 3606 etiam
1471 3561 1517 3606 in
1540 3563 1637 3622 ipsa
1663 3560 1954 3607 confessione
1976 3559 2176 3612 etnbso-

2284 2909 2294 2984 ἔ

2279 2990 2294 3060 Ξ

2281 3125 2294 3203 ἒ

2283 3205 2294 3251 i
