2332 3854
280 225 381 280 130
979 226 1135 263 LIBER
1174 225 1234 263 Π.
1272 224 1393 263 CAP.
1433 224 1525 262 XV.

273 328 373 371 cedi
398 341 492 371 non
519 328 674 387 possit,
703 338 882 386 oportet
899 329 1022 387 quod
1040 329 1097 372 sit
1114 327 1298 386 aliquod
1315 327 1626 371 necessarium
1642 327 1764 386 quod
1787 328 1844 372 sit
1866 342 2004 373 causa
2025 329 2233 379 omnium

272 394 558 452 possibilium
585 409 684 439 esse
704 405 748 438 et
767 409 861 439 non
881 409 992 439 esse.
1010 394 1332 438 Necessarium
1349 403 1503 438 autem
1521 393 1753 453 quoddam
1769 405 1837 439 est
1851 395 2024 440 habens
2047 409 2234 441 causam

272 477 380 506 suae
406 463 702 516 necessitatis,
730 463 776 506 in
803 476 894 521 quo
922 462 1060 505 etiarn
1079 462 1127 504 -in
1154 460 1382 504 infinitum
1404 461 1591 520 procedi
1612 475 1707 506 non
1729 471 1892 519 potest,
1919 472 1963 506 et
1987 462 2052 506 sic
2078 471 2148 507 est
2163 463 2235 507 de·

271 530 427 573 venire
456 531 510 572 ad
539 529 707 587 aliquid
735 529 856 587 quod
885 539 952 572 est
977 542 1056 586 per
1083 542 1130 571 se
1157 541 1345 572 necesse
1371 541 1493 582 esse;
1520 528 1611 572 hoc
1645 538 1798 572 autem
1830 542 1930 573 esse
1960 542 2054 573 non
2085 532 2235 588 potest

271 596 359 639 nisi
386 611 542 649 unum,
569 606 617 639 ut
643 596 688 639 in
722 596 870 654 primo
898 596 960 652 (c.
992 609 1057 653 13.
1087 604 1131 638 et
1154 594 1249 651 42.)
1277 604 1511 639 ostensum
1529 605 1610 650 est,
1627 605 1671 639 et
1687 595 1779 639 hoc
1798 605 1865 639 est
1879 595 2020 640 Deus.
2037 595 2236 654 Oportet

272 663 408 721 igitur
431 676 569 706 omne
598 662 718 705 aliud
748 662 800 704 ab
825 662 924 719 ipso
951 661 1107 704 reduci
1133 661 1179 704 in
1204 661 1356 720 ipsum
1382 661 1498 705 sicut
1523 662 1571 704 in
1597 676 1783 705 causam
1810 661 2002 707 essendi.

357 729 582 788 Amplius:
596 730 721 772 Deus
736 728 987 771 secundum
1000 728 1091 771 hoc
1103 726 1240 771 factiv
1229 742 1296 772 us
1307 738 1374 773 est
1384 743 1536 772 rerum
1550 728 1671 787 quod
1686 738 1789 772 actu
1800 738 1882 782 est,
1890 739 1940 773 ut
1949 726 2235 788 supra(Q7-)
2309 723 2316 730 ’

273 805 507 840 ostensum
535 806 614 839 est.
640 796 741 852 Ipse
769 805 921 838 autem
949 809 1030 838 sua
1056 795 1316 839 actualitate
1348 805 1391 839 et
1417 795 1695 854 perfectione
1723 809 1884 840 omnes
1911 810 2063 840 rerum
2093 790 2237 873 peric

273 864 447 906 ctiones
474 861 835 937 comprehendit,
864 871 912 904 ut
937 861 982 904 in
1010 861 1158 938 primo
1191 862 1252 919 (c.
1284 861 1377 919 28.)
1403 862 1643 920 probatum
1671 872 1762 916 est3
1799 872 1844 907 et
1875 863 1940 906 sic
1977 873 2044 908 est
2072 863 2236 908 virtua

271 929 370 973 liter
396 930 563 972 omnia
585 929 690 972 Est·
681 929 816 985 igitur
841 929 939 987 ipse
967 930 1176 972 omnium
1200 928 1407 973 factivus.
1436 929 1538 973 Hoc
1565 939 1718 973 autem
1739 943 1834 973 non
1852 939 1984 984 esset,
2001 932 2039 975 si
2065 930 2235 989 aliquid

274 996 395 1038 aliud
423 1006 542 1038 esset
566 1005 723 1040 natum
753 1009 851 1039 esse
878 996 965 1038 nisi
994 996 1046 1038 ab
1074 995 1202 1054 ipso3
1229 995 1343 1039 nihil
1360 997 1482 1039 enim
1504 1005 1663 1039 natum
1681 1006 1748 1040 est
1768 1010 1868 1040 esse
1885 996 1938 1041 ab
1964 996 2055 1040 alio
2073 1006 2119 1041 et
2137 1004 2233 1040 no'n

272 1063 326 1105 ab
355 1062 461 1115 alio,
489 1062 594 1120 quia
620 1062 657 1105 si
695 1072 854 1105 natum
883 1072 951 1105 est
976 1076 1070 1106 non
1104 1062 1157 1105 ab
1187 1062 1276 1106 alio
1309 1076 1421 1115 esse,
1460 1072 1528 1106 est
1552 1076 1632 1121 per
1666 1063 1866 1121 seipsum
1905 1076 2095 1108 necesse
2119 1077 2232 1118 esse,

272 1130 393 1187 quod
420 1143 513 1172 non
541 1138 691 1187 potest
713 1129 766 1171 ab
795 1127 886 1171 alio
914 1142 1028 1172 esse.
1055 1127 1184 1173 Nihil
1210 1129 1344 1187 igitur
1370 1138 1518 1187 potest
1543 1143 1641 1172 esse
1666 1129 1753 1173 nisi
1779 1144 1805 1172 a
1829 1130 1947 1174 Deo.

360 1197 496 1239 Item:
524 1194 791 1252 imperfecta
816 1209 841 1237 a
862 1194 1073 1253 perfectis
1100 1206 1286 1239 sumunt
1311 1195 1550 1253 originem,
1576 1206 1626 1239 ut
1642 1209 1800 1239 semen
1817 1196 1872 1240 ab
1890 1195 2090 1240 animali.
2106 1196 2234 1241 Deus

272 1273 423 1306 autem
452 1272 519 1306 est
540 1261 925 1320 perfectissimum
954 1271 998 1305 et
1023 1275 1258 1305 summum
1284 1275 1364 1305 ens
1391 1272 1436 1306 et
1461 1277 1695 1306 summum
1721 1263 1913 1316 bonum,
1937 1272 1988 1307 ut
2010 1263 2059 1306 in
2082 1263 2233 1322 primo

272 1332 360 1388 (cc.
390 1330 459 1373 28.
493 1343 556 1388 13.
584 1329 684 1385 41.)
706 1337 942 1372 ostensum
975 1338 1055 1372 est.
1083 1329 1183 1386 Ipse
1210 1329 1347 1387 igitur
1378 1339 1446 1372 est
1478 1329 1690 1373 omnibus
1724 1342 1861 1374 causa
1894 1330 2086 1383 essendi,
2112 1343 2236 1388 prae-

273 1397 403 1455 cipue
421 1411 563 1454 quum
580 1407 816 1440 ostensum
835 1396 892 1439 sit
908 1396 1029 1454 (Lib.
1057 1396 1090 1439 Ι.
1119 1410 1157 1439 c.
1183 1396 1278 1452 42.)
1305 1396 1428 1454 quod
1452 1395 1542 1439 tale
1567 1410 1661 1440 non
1686 1396 1830 1455 possit
1849 1409 1948 1440 esse
1968 1397 2057 1440 nisi
2077 1410 2234 1442 unum.

363 1464 463 1506 Hoc
492 1474 642 1507 autem
673 1463 825 1506 divina
852 1462 1094 1506 confirmat
1121 1463 1378 1507 auctoritas.
1402 1463 1581 1507 Dicitur
1621 1464 1744 1507 enim
1775 1463 1916 1521 (Psal.
1935 1462 2121 1508 CXLV.
2140 1462 2234 1520 6.):

274 1531 362 1586 Qui
383 1531 487 1588 fecit
518 1530 676 1574 coelum
713 1536 751 1574 et
783 1536 953 1583 terram,
987 1543 1118 1582 mare,
1151 1536 1187 1573 et
1217 1532 1360 1574 omnia
1392 1544 1496 1588 quae
1528 1532 1572 1574 in
1597 1532 1652 1574 eis
1681 1537 1789 1575 sunt.
1822 1530 1881 1574 Et
1915 1530 2075 1589 (Joan.
2097 1531 2141 1575 L
2162 1530 2233 1589 3):

275 1598 434 1641 Omnia
462 1605 540 1655 per
570 1599 706 1656 ipsum
728 1598 852 1655 facta
882 1602 988 1651 sunt,
1022 1603 1060 1640 et
1079 1598 1164 1640 sine
1189 1598 1274 1655 ipso
1297 1597 1467 1655 factum
1492 1604 1551 1642 est
1581 1598 1699 1641 nihil.
1733 1597 1794 1640 Et
1831 1597 1990 1655 (Rom.
2015 1597 2094 1641 XI.
2129 1596 2230 1654 36):

271 1665 339 1707 Ex
371 1679 450 1722 quo
474 1666 630 1717 omnia,
662 1672 738 1723 per
770 1679 889 1722 quem
922 1665 1080 1716 omnia,
1114 1669 1150 1708 et
1179 1665 1224 1707 in
1251 1678 1330 1721 quo
1364 1666 1523 1716 omnia,
1557 1666 1638 1723 ipsi¹
1665 1664 1804 1722 gloria
1835 1666 1881 1708 in
1905 1664 2084 1709 saecula.

359 1731 447 1774 Per
461 1731 552 1774 hoc
571 1741 724 1774 autem
748 1729 1000 1774 excluditur
1022 1730 1314 1789 antiquorum
1334 1731 1609 1774 naturalium
1631 1745 1770 1784 error,
1793 1730 1871 1790 qui
1886 1731 2119 1790 ponebant
2139 1744 2236 1775 cor-

274 1811 386 1856 pora
413 1798 637 1856 quaedam
664 1811 759 1841 non
781 1798 949 1841 habere
972 1811 1158 1840 causam
1181 1798 1378 1851 essendi3
1407 1808 1452 1841 et
1476 1798 1613 1842 etiam
1637 1798 1958 1856 quorumdam,
1980 1797 2058 1857 qui
2079 1797 2235 1842 dicunt

271 1866 427 1909 Deum
461 1879 555 1908 non
589 1879 688 1909 esse
722 1879 908 1908 causam
939 1864 1214 1909 substantiae
1248 1865 1381 1919 coeli,
1414 1866 1492 1909 sed
1525 1864 1675 1909 solum
1709 1874 1877 1910 motus.

1033 2085 1287 2142 CAPUT
1322 2085 1473 2141 XVI.

329 2231 531 2277 QUOD
585 2230 768 2268 DEUS
820 2229 907 2267 EX
956 2192 1216 2268 NIHILO
1271 2229 1656 2267 PRODUXIT
1710 2228 1833 2267 RES
1884 2227 1957 2268 IN
2005 2221 2185 2268 ESSE.

513 2342 566 2399 (I.
587 2349 701 2402 part.
729 2349 879 2401 quaest.
907 2343 1066 2387 XLIV.
1093 2348 1176 2387 art.
1203 2358 1237 2387 r.
1265 2347 1301 2386 et
1322 2342 1390 2386 De
1408 2347 1497 2400 pot.
1525 2347 1678 2400 quaest.
1705 2339 1789 2385 III.
1817 2346 1897 2386 art.
1923 2340 1996 2399 L).
2122 2368 2135 2374 -·
2174 2372 2178 2375 ι

360 2463 428 2507 Ex
452 2463 543 2506 hoc
572 2472 726 2507 autem
754 2472 938 2522 apparet
970 2461 1091 2521 quod
1127 2462 1254 2506 Deus
1290 2461 1338 2505 in
1375 2474 1474 2505 esse
1506 2475 1578 2505 res
1614 2461 1824 2518 produxit
1859 2474 1915 2505 ex
1947 2458 2078 2507 nuno
2111 2467 2239 2521 prae·

272 2532 511 2574 exsistente
543 2529 658 2573 sicut
690 2543 744 2574 ex
777 2529 982 2573 materia.

363 2597 413 2640 Si
440 2597 562 2640 enim
589 2606 658 2640 est
684 2595 852 2655 aliquid
881 2596 1066 2640 effectus
1098 2596 1201 2649 Dei,
1229 2604 1305 2639 aut
1331 2594 1613 2653 praeexsistit
1638 2594 1808 2653 aliquid
1833 2593 1916 2648 ini,
1942 2603 2019 2639 aut
2043 2604 2153 2641 non·-
2186 2579 2238 2640 Si

271 2679 380 2717 non,
406 2664 598 2708 habetur
623 2664 924 2722 propositum,
951 2663 1125 2707 scilicet
1150 2662 1272 2721 quod
1300 2662 1424 2705 Deus
1453 2661 1652 2720 aliquem
1678 2660 1892 2707 effectum
1923 2661 2148 2720 producat
2181 2675 2238 2707 ex
2318 2685 2332 2709 μ

270 2731 399 2775 nullo
426 2731 763 2789 preexsistente.
793 2731 842 2774 Si
870 2741 1023 2774 autem
1051 2729 1219 2789 aliquid
1255 2729 1320 2773 illi
1357 2730 1654 2788 praeexsistit,
1691 2739 1769 2774 aut
1805 2739 1872 2774 est
1907 2729 2156 2788 procedere
2187 2730 2236 2774 in
2314 2718 2332 2735 ’ᾖ

271 2799 516 2852 infinitum,
543 2798 666 2856 quod
691 2812 785 2842 non
814 2807 881 2842 est
907 2797 1122 2856 possibile
1148 2797 1193 2840 in
1221 2796 1369 2840 causis
1396 2796 1718 2849 materialibus,
1741 2806 1791 2840 ut
1808 2795 2119 2855 Philosophus
2138 2806 2238 2856 pro·

271 2866 348 2910 bat
372 2865 574 2909 secundo
616 2865 817 2924 Metaph.
846 2870 898 2922 (t.
928 2879 966 2908 c.
996 2866 1082 2922 7.);
1110 2874 1187 2908 aut
1213 2863 1295 2907 erit
1322 2863 1535 2908 devenire
1569 2863 1624 2907 ad
1663 2862 1847 2922 aliquod
1882 2863 2081 2922 primum
2112 2862 2236 2923 quod
2307 2875 2315 2913 ξ

273 2932 395 2976 aliud
420 2946 514 2975 non
547 2932 896 2991 praesupponit3
923 2932 1045 2990 quod
1072 2931 1258 2990 quidem
1284 2945 1378 2974 non
1405 2939 1556 2989 potest
1581 2944 1679 2974 esse
1704 2930 1802 2989 ipse
1826 2930 1978 2975 Deus:
2001 2935 2237 2977 ostensum
2311 2948 2326 2995 s'

274 3009 341 3044 est
367 2999 489 3043 enim
515 2999 560 3042 in
588 2998 737 3058 primo
766 3000 826 3055 (c.
857 2999 943 3055 17.)
973 2998 1095 3056 quod
1121 2998 1217 3056 ipse
1243 3011 1338 3041 non
1366 3007 1434 3041 est
1456 2997 1645 3041 materia
1665 2996 1853 3055 alicujus
1878 2997 1960 3051 rei,
1979 3010 2065 3043 nec
2084 3006 2238 3057 potest

274 3079 372 3111 esse
400 3065 519 3109 aliud
548 3079 573 3109 a
599 3066 718 3118 Deo,
746 3065 819 3109 cui
845 3066 972 3109 Deus
998 3079 1092 3108 non
1119 3067 1174 3108 sit
1202 3078 1338 3108 causa
1371 3064 1563 3117 essendi,
1591 3074 1640 3108 ut
1666 3074 1903 3109 ostensum
1929 3074 1997 3110 est
2031 3065 2093 3122 (c.
2132 3064 2236 3122 15.).
2306 3064 2318 3067 '⁷

273 3132 560 3191 Relinquitur
584 3132 720 3191 igitur
746 3132 873 3190 quod
894 3132 1035 3185 Deus,
1062 3132 1108 3175 in
1135 3131 1434 3189 productione
1461 3131 1532 3175 sui
1559 3130 1762 3184 effectus,
1787 3145 1884 3176 non
1919 3131 2107 3191 requirit
2146 3142 2238 3176 ma-

273 3200 435 3244 teriam
462 3201 800 3258 praejacentem
828 3214 880 3243 ex
907 3213 996 3257 qua
1030 3209 1256 3257 operetur.

363 3266 553 3310 Adhuc:
582 3280 880 3324 unaquaeque
909 3266 1100 3309 materia
1127 3280 1207 3324 per
1231 3265 1430 3309 formam
1457 3265 1828 3324 superinductam
1858 3265 2142 3310 contrahitur
2181 3265 2237 3311 ad
2298 3262 2324 3313 ‘55³'

275 3333 474 3391 aliquam
501 3333 715 3391 speciem.
745 3332 941 3391 Operari
967 3346 1078 3389 ergo
1106 3346 1158 3376 ex
1186 3332 1377 3375 materia
1403 3334 1704 3390 praejacente,
1732 3331 2127 3392 superinducendn
2149 3331 2238 3386 &t-

276 3414 399 3443 mam
427 3414 717 3459 quocumque
737 3400 893 3453 modo,
913 3409 980 3443 est
1002 3400 1178 3457 agentis
1201 3399 1255 3443 ad
1281 3398 1481 3458 aliquam
1505 3400 1859 3444 determinatam
1876 3399 2097 3458 speciem.
2119 3396 2238 3449 Tale

276 3476 429 3510 autem
457 3480 596 3525 agens
614 3477 679 3510 est
697 3480 836 3525 agens
857 3465 1150 3543 particulare;
1173 3479 1339 3510 causae
1361 3466 1485 3510 enim
1512 3466 1706 3512 causatis
1732 3465 2102 3526 proportionales
2116 3472 2235 3512 Sunt.

274 3534 430 3591 Agens
452 3533 587 3591 igitur
610 3534 731 3592 quod
755 3533 942 3592 requirit
963 3547 1017 3577 ex
1037 3534 1306 3578 necessitate
1328 3533 1566 3577 materiam
1588 3534 1943 3593 praeiacentem
1938 3546 2009 3581 ex
2020 3546 2126 3593 qun
2132 3545 2239 3591 m
2279 3517 2332 3581 ⁷}

277 3609 411 3654 ratur,
439 3609 507 3644 est
548 3613 686 3660 agens
729 3601 1014 3661 particulare.
1042 3601 1168 3646 Deus
1195 3609 1348 3647 autem
1375 3610 1442 3649 est
1469 3614 1608 3663 agens
1635 3601 1763 3648 sicut
1790 3614 1960 3648 causa
1952 3598 2235 3651 ohim
