2332 3854
844 202 998 242 LIBER
1039 201 1115 239 111.
1158 200 1279 239 CAP.
1321 199 1428 238 cvl.
2001 198 2103 252 451

910 434 1167 492 CAPUT
1211 435 1357 492 CVI.

607 571 766 620 Quon
809 570 1148 609 susssrANTm
1188 547 1658 610 INTELLECTUALIS

203 648 388 696 QUAE
441 645 818 687 PRAESTAT
872 645 1025 683 nrm
1046 644 1314 684 cAC1AM
1365 642 1658 682 MAG1crs
1712 640 2068 684 opmunus

469 722 586 762 NON
625 720 728 760 EsT
768 719 917 758 BONA
957 718 1260 758 SECUNDUM
1297 718 1606 764 UTRUMQUE
1645 717 1790 756 Essa.

243 838 323 883 Est
348 848 501 882 autem
527 837 712 882 ulterius
739 836 1071 895 inquirendum,
1097 849 1213 894 quae
1237 837 1293 880 sit
1313 834 1426 880 haec
1450 833 1768 879 intellectualis
1795 842 1957 878 natura
1978 835 2111 893 cujus

156 905 318 950 virtute
341 904 456 949 tales
479 901 766 962 operationes
794 903 919 948 fiunt.
946 901 1003 946 Et
1028 902 1176 961 primo
1204 901 1387 961 quidem
1416 911 1602 959 apparet
1628 901 1750 960 quod
1776 914 1869 944 non
1897 901 1954 945 sit
1973 901 2112 954 bona,

157 981 202 1017 et
226 970 476 1016 laudabilis.
505 971 737 1015 Praestare
766 970 889 1014 enim
916 969 1221 1028 patrocinium
1249 968 1471 1026 aliquibus
1498 983 1615 1027 quae
1646 977 1750 1012 sunt
1777 969 2003 1012 contraria
2027 967 2114 1012 vir-

156 1039 239 1083 tuti
263 1052 357 1082 non
384 1047 449 1082 est
476 1037 664 1095 alicujus
691 1036 948 1080 intellectus
975 1036 1090 1079 bene
1118 1036 1336 1094 dispositi.
1367 1035 1467 1079 Hoc
1495 1046 1648 1081 autem
1679 1035 1729 1079 fit
1761 1050 1814 1079 ex
1845 1033 2113 1093 hujusmodi

157 1105 347 1160 artibus;
372 1104 486 1148 fiunt
511 1104 633 1148 enim
656 1103 923 1162 plerumque
950 1102 1184 1160 adulteria,
1211 1101 1342 1155 furta,
1368 1102 1633 1155 homicidia,
1661 1112 1705 1146 et
1740 1101 1826 1145 alia
1849 1101 2114 1159 hujusmodi

159 1170 383 1216 maleficia
414 1170 715 1229 procurando.
756 1170 889 1213 Unde
928 1171 1103 1213 utentes
1128 1169 1199 1212 his
1227 1169 1393 1212 artibus
1420 1168 1618 1212 malefici
1642 1179 1877 1212 vocantur.
1904 1169 2011 1213 Non
2044 1177 2111 1213 est

159 1252 269 1296 ergo
294 1238 409 1282 bene
436 1238 653 1297 disposita
689 1235 941 1280 secundum
977 1236 1192 1280 virtutem
1224 1234 1542 1280 intellectualis
1579 1244 1740 1280 natura
1781 1237 1907 1293 cujus
1942 1235 2110 1279 auxilio

158 1304 421 1364 hujusmodi
451 1314 567 1348 artes
601 1303 865 1347 innituntur.
1092 1300 1123 1327 ‘
1666 1299 1670 1302 ’

169 1408 171 1410 .
246 1370 385 1416 Item:
411 1384 506 1414 non
533 1380 600 1414 est
624 1369 881 1414 intellectus
907 1368 1021 1413 bene
1055 1368 1261 1427 dispositi
1296 1368 1546 1413 secundum
1580 1369 1809 1423 virtutem,
1838 1368 2114 1414 familiarem

156 1452 271 1492 esse,
299 1447 348 1486 et
383 1437 688 1496 patrocinium
726 1436 934 1480 exhibere
972 1435 1216 1488 sceleratis,
1255 1445 1300 1479 et
1335 1449 1428 1479 non
1464 1434 1735 1494 quibuslibet
1771 1436 1956 1496 optimis
1989 1435 2110 1480 viris.

158 1504 431 1564 Huiusmodi
449 1514 602 1548 autem
620 1502 787 1547 artibus
806 1511 989 1546 utuntur
1006 1501 1272 1561 plerumque
1290 1501 1502 1545 homines
1524 1501 1743 1546 scelerati.
1761 1503 1870 1547 Non
1887 1512 1954 1547 est
1979 1503 2115 1562 igitur

157 1570 476 1616 intellectualis
501 1580 674 1623 natura,
702 1570 829 1626 cujus
857 1567 1032 1612 auxilio*
1050 1568 1164 1612 haec
1200 1577 1315 1612 artes
1337 1566 1591 1629 efficaciam
1617 1568 1800 1623 habent,
1825 1569 1941 1614 bene
1969 1569 2115 1629 dispo-

159 1638 245 1683 sita
269 1638 520 1683 secundum
552 1636 779 1679 virtutem.

245 1703 433 1750 Adhuc:
457 1701 715 1748 intellectus
740 1701 856 1745 bene
883 1700 1090 1759 dispositi
1113 1695 1191 1745 e'st
1221 1701 1437 1745 reducere
1463 1701 1676 1745 homines
1703 1702 1748 1745 in
1783 1716 1836 1746 ea
1868 1716 1984 1762 quae
2011 1711 2115 1746 sunt

158 1769 360 1817 hominis
383 1768 567 1830 propria
590 1768 727 1822 bona,
754 1782 868 1826 quae
896 1778 1001 1811 sunt
1021 1767 1143 1810 bona
1165 1767 1374 1821 rationis;
1402 1767 1625 1812 abducere
1646 1768 1783 1827 igitur
1807 1769 1860 1812 ab
1887 1769 1998 1822 istis,
2022 1782 2118 1828 per-

86 1859 89 1861 ·
158 1835 381 1883 trahendo
408 1835 464 1880 ad
502 1833 652 1894 aliqua
688 1834 880 1878 minima
915 1834 1052 1888 bona,
1090 1844 1157 1878 est
1190 1833 1446 1878 intellectus
1479 1834 1741 1879 indecenter
1776 1835 1994 1895 dispositi.
2029 1836 2117 1879 Per

158 1901 424 1981 hujusmodi
447 1912 599 1947 autem
618 1911 734 1946 artes
753 1914 846 1945 non
861 1900 1172 1960 adipiscuntur
1187 1901 1400 1945 homines
1424 1901 1622 1960 aliquem
1640 1901 1897 1960 profectum
1920 1902 1966 1945 in
1982 1903 2114 1947 bonis

159 1970 360 2025 rationis,
385 1983 501 2030 quae
527 1979 631 2014 sunt
651 1968 884 2023 scientiae,
911 1978 955 2012 et
979 1969 1180 2022 virtutes,
1207 1967 1322 2012 sed
1311 1983 1357 2011 m
1385 1969 1655 2026 quibusdam
1683 1969 1899 2022 minimis,
1926 1970 2044 2014 sicut
2068 1970 2114 2013 in

160 2037 436 2102 inventione
447 2034 689 2090 furtorum,
705 2045 750 2079 et
769 2033 1131 2100 deprehensione
1148 2034 1393 2088 latronum,
1422 2044 1465 2078 et
1490 2035 1560 2078 his
1587 2035 1822 2080 similibus.
1850 2036 1957 2079 Non
1980 2037 2116 2094 igitur

160 2090 436 2150 substantiae
460 2088 782 2148 intellectiva&
797 2115 990 2162 quarum
1018 2100 1186 2145 auxilio
1213 2101 1300 2146 hae
1328 2112 1445 2146 artes
1477 2112 1663 2146 utuntur
1693 2113 1798 2166 sunt
1828 2103 1942 2148 bene
1970 2104 2116 2163 dispo·
2122 2144 2139 2162 ι

160 2171 272 2216 sitae
297 2167 548 2214 secundum
573 2168 798 2212 virtutem.

247 2234 482 2295 Amplius:
514 2234 562 2278 in
589 2234 928 2294 operationibus
953 2234 1287 2294 praedictarum
1314 2235 1478 2281 artium
1504 2235 1657 2280 illusio
1687 2237 1912 2296 quaedam
1938 2237 2116 2282 videtur

159 2314 206 2350 et
226 2300 605 2348 irrationabilitas.
631 2300 885 2360 Requirunt
910 2301 1033 2346 enim
1059 2302 1326 2361 hujusmodi
1351 2304 1469 2347 artes
1486 2302 1726 2347 hominem
1743 2317 1791 2348 re
1808 2318 2003 2348 venerea
2019 2317 2114 2349 non

161 2379 461 2422 attrectatum,
489 2382 594 2412 cum
619 2378 773 2412 tamen
800 2367 1068 2427 plerumque
1099 2369 1365 2413 adhibeatur
1391 2369 1447 2413 ad
1470 2369 1651 2414 illicitos
1679 2371 1946 2415 concubitus
1969 2371 2119 2416 conci-

157 2437 350 2483 liandos.
374 2436 425 2480 In
451 2436 789 2495 operationibus
817 2445 970 2480 autem
996 2436 1253 2480 intellectus
1280 2437 1393 2481 bene
1416 2437 1622 2496 dispositi
1650 2438 1765 2482 nihil
1790 2438 2113 2492 irrationabile,

160 2514 206 2549 et
230 2503 315 2549 sibi
340 2502 567 2547 diversum
594 2512 791 2562 apparet.
818 2501 926 2546 Non
951 2502 1086 2561 igitur
1114 2503 1377 2562 hujusmodi
1405 2514 1522 2548 artes
1555 2514 1741 2548 utuntur
1766 2506 2020 2564 patrocinio
2052 2506 2116 2550 in-

160 2569 366 2616 tellectus
389 2569 504 2613 bene
531 2568 1015 2628 dispositi*secundum
1041 2569 1269 2613 virtutem.

247 2635 507 2681 Praeterea:
534 2649 628 2679 non
654 2645 723 2679 est
745 2629 862 2680 bene
885 2635 1128 2694 dispositus
1161 2637 1412 2679 secundum
1444 2636 1727 2681 intellectum
1757 2640 1832 2697 qui
1859 2653 1938 2697 per
1965 2639 2117 2698 aliqua

161 2701 334 2747 scelera
360 2701 607 2746 commissa
632 2708 908 2760 provocatur
945 2703 1000 2744 ad
1039 2700 1255 2744 auxilium
1293 2702 1426 2746 alicui
1464 2703 1715 2747 ferendum
1743 2705 1844 2748 Hoc
1881 2715 2034 2750 autem
2067 2705 2116 2750 fit
2146 2724 2152 2727 “

158 2769 219 2815 in
232 2768 329 2813 istis
353 2767 545 2812 artibus:
569 2782 676 2812 nam
703 2766 868 2826 aliqui
857 2781 902 2810 m
923 2768 1211 2812 exsecutione
1238 2768 1402 2811 harum
1425 2769 1637 2827 leguntur
1662 2770 1928 2816 innocentes
1951 2785 2117 2842 pueros

163 2834 398 2880 occidisse.
425 2834 531 2878 Non
558 2833 693 2892 igitur
724 2843 828 2877 sunt
851 2834 962 2877 boni
987 2833 1242 2878 intellectus
1276 2848 1473 2893 quorum
1507 2835 1674 2879 auxilio
1701 2837 1786 2881 ista
1812 2836 1938 2882 fiunt.

250 2902 390 2947 Item:
420 2900 595 2946 bonum
628 2900 862 2959 proprium
889 2900 1146 2945 intellectus
1180 2905 1246 2945 est
1277 2903 1454 2946 veritas.
1484 2902 1606 2947 Cum
1638 2903 1774 2962 igitur
1803 2905 1916 2950 boni
1948 2905 2005 2950 sit
2036 2906 2117 2950 bo-

163 2982 274 3013 num
299 2965 537 3022 adducere,
563 2966 803 3027 cujuslibet
828 2966 1084 3011 intellectus
1111 2967 1227 3012 bene
1254 2967 1459 3027 dispositi
1486 2983 1584 3013 esse
1612 2969 1788 3014 videtur
1820 2970 1933 3016 alios
1957 2972 2118 3032 perdu-

164 3049 267 3081 cere
293 3033 349 3079 ad
374 3033 623 3079 veritatem.
652 3033 702 3077 In
730 3033 941 3092 operibus
975 3043 1127 3077 autem
1160 3048 1402 3093 magorum
1435 3034 1649 3094 pleraque
1682 3036 1795 3081 fiunt
1819 3038 1981 3097 quibus
2006 3036 2118 3084 ludi-

163 3101 352 3146 ficentur
376 3100 603 3154 homines,
630 3111 673 3144 et
699 3099 993 3158 decipiantur.
1021 3099 1282 3145 Intellectus
1308 3101 1444 3160 igitur
1471 3103 1597 3161 cujus
1621 3102 1788 3148 auxilio
1815 3114 2002 3150 utuntur
2020 3119 2116 3152 non

164 3179 233 3215 est
255 3169 370 3213 bene
396 3168 638 3227 dispositus
665 3167 918 3212 secundum
947 3182 1140 3211 morem.
2054 3163 2056 3166 ’

252 3235 438 3279 Adhuc:
465 3233 719 3278 intellectus
731 3234 846 3278 bene
867 3233 1110 3293 dispositus
1129 3234 1315 3278 veritate
1335 3234 1544 3290 allicitur,
1566 3235 1611 3279 in
1630 3251 1715 3295 qua
1740 3236 2004 3293 delectatur,
2021 3253 2115 3284 non

166 3312 318 3347 autem
355 3300 617 3345 mendaciis.
653 3299 780 3360 Magi
817 3311 969 3344 autem
1003 3302 1049 3345 in
1095 3300 1186 3345 suis
1219 3301 1583 3347 invocationibus
1627 3313 1810 3347 utuntur
1846 3305 2114 3368 quibusdam

167 3367 430 3421 mendaciis,
456 3367 616 3427 quibus
642 3365 844 3415 alliciant
869 3380 949 3412 eos
977 3358 1172 3426 quorum
1201 3367 1368 3412 auxilio
1396 3377 1601 3424 utuntur3
1629 3371 1967 3416 comminantur
1993 3373 2115 3416 enim

166 3433 390 3494 quaedam
415 3433 728 3493 impossibilia,
746 3434 862 3478 sicut
888 3434 1008 3493 quod
1027 3435 1111 3478 nisi
1131 3434 1204 3478 ille
1231 3435 1306 3494 qui
1329 3435 1567 3480 invocatur
1589 3450 1723 3496 opem
1748 3437 1875 3491 ferat,
1896 3439 2116 3484 invocans

167 3499 349 3546 coelum
375 3498 671 3555 comminuet,
698 3511 774 3545 aut
800 3500 947 3546 sidera
979 3501 1190 3561 deponet,
1218 3512 1265 3546 ut
1291 3512 1442 3546 narrat
1468 3503 1783 3563 Porphyrius
1772 3519 1817 3548 m
1846 3504 2038 3564 epistola
2061 3507 2116 3551 ad

168 3565 459 3614 Anebontem
483 3567 577 3629 (ap.
597 3567 643 3614 S.
670 3567 789 3629 Aug.
818 3567 997 3614 decimo
1015 3569 1085 3613 De
1114 3570 1196 3613 civ.
1214 3569 1302 3614 Dei
1323 3583 1360 3615 c.
1383 3570 1485 3628 11.).
1503 3569 1614 3616 Illae
1631 3571 1768 3631 igitur
1789 3571 2116 3620 intellectuales
