2332 3854
830 216 985 259 LIBER
1023 217 1100 258 111.
1142 215 1263 258 cAP.
1302 213 1437 255 xxn.
1997 209 2098 269 313

151 321 555 382 aequiparandam,
587 319 704 365 sicut
732 320 779 364 in
808 321 882 365 his
917 334 1032 380 quae
1066 329 1170 364 sunt
1201 319 1333 364 unius
1365 316 1547 378 speciei,
1580 315 1658 361 sed
1690 315 1808 361 sicut
1837 315 2104 360 universalis

153 389 329 448 agentis
354 389 409 434 ad
435 386 753 447 particularem
776 386 1003 431 effectum.
1031 387 1160 432 Sicut
1183 387 1320 446 igitur
1341 384 1624 446 particularis
1652 383 1827 442 agentis
1851 383 1899 427 in
1924 382 2021 427 istis
2042 382 2107 426 in·

151 455 386 501 ferioribus
414 454 603 500 intentio
630 454 911 499 contrahitur
938 453 993 498 ad
1014 454 1188 499 bonum
1213 454 1347 512 hujus
1369 451 1535 512 speciei
1561 450 1636 495 vel
1666 450 1800 504 illius,
1826 449 1889 494 ita
1914 448 2105 493 intentio

151 522 356 582 corporis
383 520 592 566 coelestis
613 520 751 565 fertur
768 521 823 564 ad
840 513 1278 565 bonum‘commune
1301 519 1576 564 substantiae
1600 516 1865 577 corporalis,
1890 530 2005 575 quae
2027 530 2108 575 per

152 589 495 649 generationem
517 598 813 632 conservatur
837 597 882 632 et
908 587 1234 645 multiplicatur
1265 596 1308 631 et
1336 595 1538 646 augetur.

243 655 402 708 Quum
418 669 542 710 vero,
560 665 608 699 ut
629 655 799 699 dictum
822 664 902 708 est,
925 654 1152 712 quaelibet
1168 669 1238 698 res
1257 664 1397 708 mota,
1415 655 1460 698 in
1478 661 1699 712 quantum
1715 660 1940 705 movetur,
1953 648 2109 694 tendat

151 722 198 767 in
230 722 430 766 divinam
457 721 799 766 similitudinem
831 729 880 765 ut
913 721 968 764 sit
1000 722 1046 764 in
1079 735 1127 765 se
1163 720 1375 780 perfecta,
1409 718 1660 779 perfectum
1687 728 1839 763 autem
1865 717 1922 762 sit
1946 730 2108 760 unum-

151 788 364 849 quodque
390 789 435 833 in
461 798 683 847 quantum
699 787 748 832 f1t
771 796 887 841 actu,
906 797 1086 846 oportet
1102 787 1223 846 quod
1246 788 1437 832 intentio
1456 785 1694 845 cujuslibet
1714 785 1760 829 in
1781 783 1984 844 potentia
2000 781 2111 827 exsi-

151 855 308 901 stentis
339 855 396 899 sit
426 865 475 899 ut
505 869 585 914 per
621 864 799 899 motum
830 854 986 898 tendat
1011 855 1056 898 in
1085 864 1250 898 actum.
1287 853 1475 906 Quanto
1512 853 1649 912 igitur
1682 851 1844 911 aliquis
1882 861 2008 896 actus
2042 859 2111 894 est

150 921 375 982 posterior
400 931 444 967 et
465 922 611 980 magis
636 920 877 981 perfectus,
903 931 1029 965 tanto
1047 920 1340 980 principalius
1362 922 1408 965 in
1434 921 1632 980 idipsum
1650 919 1871 980 appetitus
1894 917 2110 964 materiae

151 987 304 1035 fertur.
330 989 464 1033 Unde
492 998 671 1047 oportet
696 988 818 1047 quod
842 988 888 1031 in
915 987 1179 1032 ulteriorem
1206 998 1250 1032 et
1275 987 1656 1046 perfectissimum
1684 995 1837 1031 actum
1863 1000 2002 1045 quem
2019 998 2112 1029 ma-

151 1056 263 1101 teria
289 1055 509 1114 consequi
535 1064 684 1113 potest
708 1055 863 1099 tendat
889 1055 1111 1113 appetitus
1138 1055 1355 1100 materiae
1382 1069 1473 1114 quo
1501 1053 1672 1114 appetit
1695 1053 1910 1108 formam,
1931 1051 2110 1097 sicutin

153 1121 366 1167 ultimum
391 1121 530 1166 finem
558 1121 879 1180 generationis.

241 1189 295 1233 In
320 1189 492 1233 actibus
527 1198 681 1232 autem
717 1187 985 1242 formarum,
1012 1187 1178 1247 gradus
1201 1187 1399 1247 [quidam
1433 1187 1738 1233 inveniuntur.
1764 1186 1887 1232 Nam
1918 1184 2112 1230 materia

153 1257 302 1316 prima
326 1265 395 1300 est
420 1256 465 1299 in
487 1255 689 1315 potentia
711 1255 910 1314 primum
929 1255 983 1299 ad
1001 1255 1200 1299 formam
1218 1254 1457 1309 elementi;
1484 1255 1566 1299 sub
1593 1253 1742 1299 forma
1766 1267 1877 1298 vero
1895 1251 2113 1298 elementi

152 1322 385 1376 exsistens,
412 1333 479 1367 est
503 1322 550 1366 in
575 1322 779 1380 potentia
811 1322 867 1366 ad
892 1321 1088 1366 formam
1116 1322 1259 1375 mixti,
1285 1331 1468 1381 propter
1489 1322 1612 1380 quod
1638 1321 1865 1366 elementa
1892 1329 1996 1365 sunt
2021 1333 2111 1363 ma-

155 1389 269 1435 teria
295 1388 447 1443 mixti3
474 1389 554 1433 sub
581 1387 732 1432 forma
759 1398 911 1432 autem
938 1388 1066 1432 mixti
1098 1389 1397 1443 considerata,
1425 1398 1492 1432 est
1517 1388 1563 1431 in
1589 1388 1793 1447 potentia
1819 1387 1875 1431 ad
1907 1386 2113 1431 animam

119 1480 121 1482 μ
154 1454 475 1516 vegetabilem,
501 1469 609 1499 narn
634 1454 738 1499 talis
765 1455 968 1514 corporis
996 1455 1148 1498 anima
1176 1466 1302 1499 actus
1329 1465 1409 1499 est.
1436 1455 1642 1514 Itemque
1670 1455 1822 1499 anima
1846 1452 2114 1512 vegetabilis

156 1532 227 1567 est·
248 1522 296 1566 in
317 1522 520 1581 potentia
538 1521 594 1565 ad
619 1521 898 1575 sensitivam,
916 1521 1131 1566 sensitiva
1147 1535 1256 1566 vero
1275 1522 1330 1566 ad
1348 1521 1704 1577 intellectivam;
1730 1521 1853 1580 quod
1874 1533 2115 1581 processus

156 1589 464 1648 generationis
476 1588 696 1643 ostendit;
714 1590 862 1648 primo
881 1588 1062 1632 enimin
1075 1589 1369 1647 generatione
1388 1598 1454 1633 est
1470 1588 1619 1633 foetus
1636 1589 1793 1633 vivens
1805 1589 1898 1632 vita
1918 1588 2115 1647 plantae,

155 1656 453 1715 postmodum
477 1669 587 1700 vero
613 1655 706 1699 vita
733 1654 957 1710 animalis,
983 1655 1171 1699 demum
1196 1670 1306 1700 vero
1333 1655 1426 1699 vita
1451 1655 1668 1700 hominis.
1692 1656 1804 1700 Post
1818 1655 1938 1699 hanc
1963 1665 2114 1699 autem

155 1721 354 1767 formam
379 1735 474 1767 non
498 1722 725 1767 invenitur
749 1723 795 1765 in
822 1721 1154 1780 generabilibus
1181 1731 1225 1766 et
1251 1721 1616 1781 corruptibilibus
1641 1722 1866 1781 posterior
1895 1720 2045 1766 forma
2072 1730 2118 1765 et

157 1790 351 1850 dignior.
379 1790 580 1834 Ultimus
607 1790 742 1848 igitur
768 1789 1076 1848 generationis
1101 1789 1240 1833 totius
1267 1789 1433 1848 gradus
1466 1799 1534 1834 est
1570 1790 1723 1833 anima
1748 1789 1968 1842 humana,
1993 1798 2039 1832 et
2067 1788 2115 1831 in

155 1857 275 1902 hanc
301 1857 446 1901 tendit
470 1857 658 1901 materia
692 1857 808 1901 sicut
832 1856 878 1900 in
905 1856 1116 1900 ultimam
1147 1855 1360 1900 formam.
1390 1856 1506 1900 Sunt
1531 1871 1642 1915 ergo
1677 1856 1906 1901 elementa
1931 1866 2117 1916 propter

160 1938 354 1984 corpora
379 1924 536 1978 mixta,
569 1924 684 1968 haec
710 1938 821 1968 vero
860 1933 1045 1983 propter
1077 1923 1293 1978 viventia,
1319 1925 1365 1967 in
1399 1923 1560 1983 quibus
1596 1923 1778 1983 plantae
1803 1934 1910 1968 sunt
1933 1932 2119 1982 propter

159 1990 390 2046 animalia,
426 1990 642 2035 animalia
677 2000 862 2050 propter
897 1990 1153 2045 hominem,
1185 1990 1331 2034 homo
1369 1991 1493 2035 enim
1532 2000 1599 2035 est
1623 1990 1725 2035 finis
1761 1991 1901 2035 totius
1935 2004 2120 2050 genera-

157 2058 310 2103 tionis.

250 2125 374 2180 Quia
399 2139 510 2170 vero
544 2125 706 2170 eadem
743 2139 813 2170 res
841 2134 1083 2184 generatur
1114 2134 1159 2170 et
1190 2134 1485 2169 conservatur
1510 2126 1556 2169 in
1589 2139 1686 2170 esse
1720 2124 1974 2170 secundum
2006 2124 2120 2169 ordi-

158 2203 267 2238 nem
293 2192 594 2252 praemissum
619 2193 665 2236 in
693 2192 1061 2252 generationibus
1077 2206 1244 2246 rerum,
1263 2202 1330 2237 est
1347 2193 1486 2237 etiam
1503 2193 1616 2238 ordo
1634 2193 1680 2236 in
1699 2193 2119 2237 conservationibus

160 2259 440 2305 earumdem.
460 2259 594 2304 Unde
619 2260 828 2304 videmus
846 2260 968 2319 quod
987 2274 1182 2319 corpora
1204 2259 1344 2304 mixta
1366 2270 1673 2304 sustentantur
1688 2274 1768 2319 per
1785 2260 2121 2304 elementorum

160 2338 388 2385 congruas
414 2326 668 2386 qualitates,
694 2326 876 2385 plantae
901 2341 1012 2371 vero
1039 2341 1093 2371 ex
1124 2327 1276 2371 mixtis
1309 2328 1577 2386 corporibus
1603 2327 1872 2382 nutriuntur,
1906 2326 2122 2371 animalia

159 2406 214 2439 ex
237 2392 403 2452 plantis
429 2393 760 2438 nutrimentum
786 2394 969 2448 habent,
996 2403 1042 2439 et
1066 2394 1293 2453 quaedam
1321 2394 1459 2439 etiam
1485 2394 1756 2454 perfectiora
1782 2405 1827 2439 et
1846 2394 2123 2439 virtuosiora

160 2473 215 2505 ex
239 2456 510 2519 quibusdam
535 2460 948 2520 imperfectioribus
973 2471 1018 2505 et
1041 2461 1380 2506 infirmioribus.
1416 2462 1573 2506 Homo
1605 2475 1716 2506 vero
1743 2462 1882 2505 utitur
1907 2461 2120 2506 omnium

163 2539 317 2571 rerum
343 2527 583 2586 generibus
610 2527 666 2572 ad
692 2529 761 2572 sui
787 2527 1053 2583 utilitatem;
1080 2529 1351 2587 quibusdam
1377 2529 1562 2588 quidem
1595 2529 1652 2573 ad
1679 2543 1823 2583 esum,
1850 2528 2122 2588 quibusdam

163 2607 276 2639 vero
304 2593 360 2638 ad
395 2594 636 2650 vestitum;
662 2595 781 2639 unde
808 2605 853 2640 et
879 2609 904 2639 a
929 2605 1090 2639 natura
1121 2596 1270 2640 nudus
1303 2606 1372 2641 est
1405 2596 1651 2650 institutus,
1683 2606 1841 2655 utpote
1873 2606 2036 2655 potens
2068 2609 2123 2640 ex

164 2659 264 2705 aliis
289 2661 376 2706 sibi
398 2662 614 2707 vestitum
636 2673 882 2721 praestare,
898 2663 1016 2707 sicut
1031 2663 1170 2707 etiarn
1194 2662 1374 2707 nullum
1401 2663 1486 2707 sibi
1511 2677 1767 2722 congruum
1792 2663 2123 2707 nutrimentum

162 2737 326 2772 natura
351 2729 639 2788 praeparavit
662 2729 750 2774 nisi
775 2730 863 2784 lac,
888 2739 939 2774 ut
963 2738 1026 2774 ex*
1044 2730 1231 2774 diversis
1258 2730 1391 2774 rebus
1413 2730 1499 2774 sibi
1521 2730 1674 2774 cibum
1692 2730 2005 2789 conquireret3
2031 2730 2124 2790 qui-

168 2794 364 2839 busdam
389 2809 498 2840 vero
526 2795 581 2840 ad
607 2795 894 2851 vehiculum3
921 2810 1044 2850 nam,
1061 2796 1107 2840 in
1134 2807 1287 2841 motus
1305 2796 1534 2842 celeritate
1557 2807 1602 2841 et
1628 2799 1672 2842 in
1697 2796 1960 2842 fortitudine
1978 2797 2034 2841 ad
2056 2811 2126 2842 su-

168 2859 404 2906 stinendos
433 2861 629 2917 labores,
655 2862 809 2907 multis
843 2862 1115 2907 animalibus
1150 2863 1374 2908 infirmior
1403 2863 1645 2918 invenitur,
1671 2864 1801 2923 quasi
1826 2863 1925 2908 aliis
1952 2864 2125 2908 anima-

168 2926 286 2973 libus
312 2928 372 2972 ad
395 2928 614 2973 auxilium
639 2929 724 2974 sibi
748 2930 1038 2989 praeparatis.
1066 2929 1121 2974 Et
1146 2945 1280 2989 super
1303 2931 1395 2975 hoc
1428 2931 1639 2975 omnibus
1671 2929 1956 2975 sensibilibus
1987 2931 2126 2976 utitur

173 2994 230 3039 ad
254 2994 572 3040 intellectualis
598 2996 874 3055 cognitionis
900 2996 1245 3056 perfectionem.
1269 2998 1403 3043 Unde
1430 3008 1474 3043 et
1492 2999 1547 3043 de
1564 2998 1755 3043 homine
1781 2998 1827 3042 in
1849 2997 2044 3043 Psalmis
2066 2999 2127 3043 di-

170 3061 286 3106 citur
312 3062 367 3106 ad
393 3062 547 3107 Deum
573 3062 747 3108 directo
774 3077 987 3109 sermone
1015 3064 1157 3122 (Psal.
1184 3064 1306 3109 VIII.
1335 3065 1422 3123 8.):
1455 3066 1614 3111 Omnia
1643 3067 1852 3123 subjecisti
1870 3067 1942 3110 sub
1953 3065 2126 3125 pedibus

168 3131 267 3188 ey'us.
295 3129 352 3174 Et
381 3129 652 3175 Aristoteles
684 3130 793 3175 dicit
817 3131 863 3175 in
890 3131 1039 3190 primo
1075 3131 1211 3176 Polit.
1238 3133 1299 3191 (c.
1332 3133 1407 3190 5.),
1433 3132 1557 3192 quod
1582 3132 1728 3177 horno
1759 3132 1896 3177 habet
1919 3132 2126 3178 naturale

168 3195 426 3241 dominium
452 3210 586 3256 super
611 3198 768 3242 omnia
794 3198 1024 3243 animalia.

259 3262 310 3307 Si
334 3263 471 3322 igitur
496 3263 643 3309 motio
668 3265 808 3324 ipsius
835 3265 955 3310 coeli
981 3265 1215 3310 ordinatur
1241 3266 1296 3310 ad
1323 3260 1684 3325 generationem,
1710 3266 1944 3324 generatio
1972 3274 2126 3311 autem

168 3338 267 3374 tota
293 3330 526 3375 ordinatur
551 3331 607 3375 ad
639 3331 877 3376 hominem
903 3333 1020 3377 sicut
1040 3334 1086 3377 in
1119 3332 1332 3377 ultimum
1358 3333 1496 3378 finem
1524 3334 1658 3391 hujus
1686 3333 2007 3392 generationis,
2033 3347 2126 3378 ma-

170 3395 384 3441 nifestum
412 3406 480 3441 est
504 3397 628 3456 quod
653 3397 754 3443 finis
787 3399 1009 3444 motionis
1051 3399 1170 3444 coeli
1197 3400 1429 3445 ordinatur
1455 3401 1510 3444 ad
1545 3401 1786 3445 hominem
1813 3400 1930 3445 sicut
1954 3401 1999 3444 in
2026 3400 2124 3445 ulti-

170 3477 301 3508 mum
326 3463 464 3508 finem
490 3464 536 3508 in
563 3478 730 3524 genere
757 3466 1085 3524 generabilium
1113 3477 1158 3511 et
1184 3466 1440 3513 mobilium.

259 3530 379 3575 Hinc
405 3541 473 3576 est
497 3532 619 3591 quod
651 3532 811 3577 dicitur
839 3533 996 3591 (Deut.
1022 3534 1101 3579 IV.
1133 3534 1220 3594 19.)
1249 3533 1372 3594 quod
1397 3534 1524 3580 Deus
1551 3547 1745 3595 corpora
1772 3510 1990 3581 coelestia
2020 3533 2129 3580 fecit

171 3596 218 3642 in
245 3597 525 3644 ministerimn
555 3599 714 3646 cunctis
741 3601 942 3659 gentibus.
