2332 3854
808 218 965 259 LIBER
1003 217 1078 258 111.
1120 218 1239 258 CAP.
1280 216 1524 258 cxxxvn.
2030 219 2132 275 503
2190 279 2195 285 θ

58 302 89 358 Ξ·
176 320 801 369 :inclinationemnaturalem
820 335 936 382 quae
961 322 1078 367 inest
1100 321 1364 366 hominibus
1383 320 1439 367 ad
1456 318 1817 365 conservandam
1841 320 2043 381 speciem
2060 335 2141 381 per

0 400 11 441 ρ
25 392 106 441 ξςξ”
183 400 341 437 actum
369 388 673 449 generationis
681 403 694 443 ;
720 389 842 448 quod
867 398 1021 434 tamen
1047 402 1142 434 non
1163 399 1230 434 est
1246 387 1556 434 necessarium
1567 401 1647 446 per
1662 400 1825 439 omnes
1844 387 2042 447 exsequi,
2058 389 2140 433 sed

2 449 6 452 ’
79 453 84 458 ’
115 458 128 474 ·
177 469 271 516 -per
296 454 488 515 aliquos,
514 465 563 500 ut
586 454 759 499 dictum
783 464 861 500 est.

121 517 154 585 ’ς
231 553 245 564 -
280 521 407 568 Sicut
424 532 576 567 autem
593 535 687 567 non
708 522 887 581 expedit
899 521 1085 566 cuilibet
1107 522 1233 567 omni
1255 532 1462 582 tempore
1490 522 1609 566 actui
1637 521 1942 581 generationis
1964 536 2142 576 vacare,

146 584 159 598 “
178 588 252 634 ita
276 589 415 633 etiarn
439 602 524 633 nec
548 588 731 649 expedit
755 589 810 635 ab
837 602 893 632 eo
920 589 1047 633 omni
1073 599 1280 648 tempore
1307 588 1544 643 abstinere,
1574 588 1756 647 quando
1787 589 2044 634 necessaria
2076 599 2143 633 est

147 654 507 715 azmultiplicatio
531 654 849 714 generafionis,
881 655 953 698 vel
987 665 1168 713 propter
1197 655 1764 720 hominumtpaucitatem
1797 655 1914 700 sicut
1944 654 1991 699 in
2022 657 2142 714 prin·

174 721 325 780 cipio,
351 721 532 780 quando
558 722 798 765 hominum
831 734 974 778 genus
1007 721 1156 780 coepit
1187 721 1502 780 multiplicari3
1529 722 1624 766 sive
1649 730 1834 781 propter
1864 722 2142 780 paucitatem

172 786 332 832 --fidelis
355 787 527 848 populi,
553 787 735 846 quando
761 788 1000 846 oportebat
1024 787 1175 846 ipsum
1201 802 1282 848 per
1308 788 1539 832 carnalem
1563 788 1906 847 generationem
1928 788 2146 848 multipli-

112 846 122 878 ’-
172 854 296 908 .cari,
322 863 371 898 ut
394 853 476 898 fuit
491 854 539 897 in
554 854 711 899 Veteri
723 853 1036 898 Testamento.
1065 854 1121 898 Et
1144 855 1249 899 ideo
1277 854 1520 899 consilium
1546 855 1602 899 de
1621 855 1900 899 continentia
1920 865 2142 914 perpetuo

186 919 468 969 observanda
493 930 770 965 reservatum
788 930 856 965 est
868 921 1151 979 temporibus
1163 921 1287 966 Novi
1306 921 1604 976 Testamenti,
1622 922 1804 981 quando
1828 921 1972 966 fidelis
1994 935 2143 981 popu-

186 986 259 1032 lus
284 1000 365 1047 per
388 987 670 1046 spiritualem
696 988 1039 1046 generationem
1063 987 1400 1046 multiplicatur.

831 1143 1085 1199 CAPUT
1127 1143 1497 1200 CXXXVIII.

301 1277 528 1318 CONTRA
563 1279 667 1317 Eos
709 1279 807 1325 QUI
847 1279 1243 1319 MATRIMONIUM
1281 1279 1626 1319 VIRGINITATI
1665 1279 2019 1327 AEQUABANT.

307 1387 507 1432 Fuerunt
533 1397 686 1432 autem
716 1398 764 1432 et
795 1386 871 1431 alii
896 1388 988 1446 qui,
1013 1386 1120 1432 licet
1146 1387 1474 1431 continentiam
1499 1398 1767 1446 perpetuam
1791 1402 1885 1433 non
1916 1386 2143 1447 improba-

190 1461 303 1510 rent,
323 1464 478 1499 tamen
503 1455 545 1499 ei
570 1464 738 1499 statum
769 1454 1048 1499 matrimonii
1075 1454 1410 1513 adaequabant;
1438 1468 1553 1513 quae
1580 1465 1648 1499 est
1671 1454 1874 1499 haeresis
1889 1454 2142 1512 Joviniani3

189 1522 269 1566 sed
294 1521 428 1580 hujus
454 1523 617 1566 erroris
652 1520 823 1565 falsitas
859 1521 965 1565 satis
998 1535 1051 1565 ex
1077 1521 1316 1579 praedictis
1351 1530 1548 1580 apparet,
1575 1535 1680 1566 cum
1707 1536 1787 1580 per
1813 1523 2144 1566 continentiam

187 1588 333 1632 homo
366 1588 578 1632 reddatur
606 1587 803 1632 habilior
839 1588 894 1631 ad
927 1588 1092 1631 mentis
1132 1586 1437 1631 elevationem
1467 1587 1515 1631 in
1540 1582 1804 1645 spiritualia,
1831 1598 1876 1632 et
1906 1588 2073 1642 divina,
2100 1597 2145 1631 et

186 1655 531 1714 quodammodo
563 1667 697 1714 supra
730 1662 897 1699 statum
929 1653 1129 1698 hominis
1162 1664 1358 1713 ponatur
1384 1654 1430 1698 in
1462 1654 1660 1713 quadam
1692 1654 1987 1699 similitudine
2010 1668 2144 1714 ange-

186 1719 352 1765 lorum.

271 1787 372 1832 'Nec
399 1787 548 1832 obstat
572 1786 695 1845 quod
721 1785 861 1845 aliqui
893 1785 1251 1845 perfectissimae
1286 1787 1462 1832 virtutis
1493 1787 1579 1831 viri
1610 1788 1906 1832 matrimonio
1933 1789 2001 1832 usi
2028 1798 2144 1842 sunt,

187 1853 518 1907 uthbraham,
547 1853 691 1906 Isaac,
722 1863 767 1896 et
792 1853 948 1910 Jacob.
984 1853 1107 1905 Quia
1133 1864 1304 1912 quanto
1337 1855 1477 1898 virtus
1510 1855 1674 1899 mentis
1709 1865 1777 1899 est
1809 1854 1982 1909 fortior,
2016 1864 2142 1899 tanto

188 1920 339 1965 minus
369 1930 518 1981 potest
546 1934 628 1979 per
659 1933 973 1978 quaecumque
1007 1934 1032 1963 a
1064 1934 1144 1964 sua
1171 1920 1405 1965 altitudine
1439 1921 1584 1979 dejici.
1610 1921 1709 1966 Nec
1735 1930 1890 1965 tamen
1923 1922 2028 1980 quia
2054 1922 2141 1980 ipsi

187 1987 481 2032 matrimonio
513 1987 583 2031 usi
613 1995 730 2039 sunt,
761 1986 912 2030 minus
943 1987 1382 2044 contemplationem
1414 1988 1614 2032 veritatis
1648 1997 1692 2032 et
1725 1988 1982 2032 divinorum
2019 2002 2139 2032 ama·

173 2063 374 2107 2verunt3
399 2054 493 2107 sed,
520 2052 773 2099 secundum
799 2053 921 2111 quod
954 2053 1156 2098 conditio
1183 2054 1402 2112 temporis
1428 2054 1695 2112 requirebat,
1728 2054 2023 2098 matrimonio
2052 2065 2142 2098 ute-

187 2118 351 2164 bantur
367 2120 422 2166 ad
437 2119 870 2179 multiplicationem
897 2119 1054 2178 populi
1080 2119 1239 2164 fidelis.
1267 2120 1364 2164 Nec
1397 2130 1551 2164 tamen
1578 2120 1797 2180 perfectio
1826 2121 2016 2179 alicujus
2041 2136 2142 2180 per-

187 2198 331 2231 sonae
352 2196 422 2231 est
446 2185 674 2232 sufficiens
701 2196 1022 2245 argumentum
1050 2187 1106 2230 ad
1133 2186 1461 2246 perfectionem
1495 2197 1651 2242 status,
1678 2202 1784 2231 curn
1818 2187 1978 2246 aliquis
2005 2186 2146 2246 perfe-

187 2253 321 2298 ctiori
344 2262 498 2298 mente
530 2255 673 2313 possit
701 2253 769 2297 uti
796 2253 962 2297 minori
993 2253 1118 2297 bono
1151 2268 1288 2312 quam
1323 2254 1435 2298 alius
1469 2255 1633 2312 maiori
1662 2255 1788 2298 bono
1815 2253 2144 2313 imperfectiori

170 2329 352 2365 ‹mente.
377 2319 485 2366 Non
509 2320 647 2379 igitur
669 2321 776 2379 quia
804 2319 1056 2373 Abraham,
1072 2319 1146 2363 vel
1170 2320 1355 2379 Moyses
1382 2320 1625 2378 perfectior
1651 2319 1734 2365 fuit
1755 2320 1909 2365 multis
1936 2321 2013 2379 qui
2041 2334 2146 2365 con-

173 2379 425 2432 fluentiam
450 2394 644 2441 servant,
670 2397 854 2446 propter
879 2387 970 2431 hoc
1003 2396 1143 2432 status
1177 2387 1459 2432 matrimonii
1475 2398 1544 2433 est
1565 2387 1813 2451 perfectior
1838 2401 1976 2448 quam
2003 2397 2144 2433 status

188 2454 511 2509 continentiae,
531 2454 606 2498 vel
630 2455 673 2499 ei
699 2453 915 2515 aequalis.

857 2608 1112 2665 CAPUT
1156 2609 1473 2667 CXXXIX.

614 2741 839 2783 CONTRA
888 2743 992 2781 Eos
1040 2744 1138 2789 QUI
1179 2744 1333 2782 voTA
1378 2743 1720 2783 IMPUGNANT.

200 2878 203 2883 -
281 2849 569 2903 Quibusdam
592 2861 744 2896 autem
761 2852 911 2897 visum
926 2861 995 2896 est
1012 2851 1200 2896 stultum
1218 2866 1315 2896 esse
1332 2852 1537 2911 obligare
1563 2865 1611 2896 se
1628 2860 1738 2896 voto
1762 2851 1817 2896 ad
1835 2851 2143 2896 obediendum

191 2916 341 2970 alicui,
370 2926 447 2962 aut
472 2917 528 2961 ad
554 2918 877 2977 quodcumque
910 2918 1198 2964 servandum.
1226 2919 1599 2977 Unumquodque
1623 2918 1744 2962 enim
1771 2919 1944 2962 bonurn
1970 2930 2142 2980 quanto

187 2982 370 3027 liber-ius
397 2982 557 3042 agitur,
589 2994 717 3028 tanto
748 2985 994 3031 virtuosius
1027 2999 1123 3029 esse
1156 2984 1344 3030 videtur.
1381 2984 1569 3037 Quanto
1603 2994 1754 3029 autern
1787 2987 1950 3044 majori
1981 2999 2142 3030 neces·
2185 3023 2188 3026 ξ

186 3050 320 3095 sitate
342 3050 445 3110 quis
473 3051 528 3094 ad
556 3050 725 3110 aliquid
751 3051 1085 3095 observandum
1113 3052 1386 3110 astringitur,
1418 3061 1544 3096 tanto
1579 3052 1728 3096 minus
1754 3051 1894 3096 libere
1926 3052 1971 3095 id
2005 3066 2141 3113 agere

189 3116 378 3163 videtur.
413 3117 605 3161 Videtur
636 3118 772 3176 igitur
807 3118 1018 3177 derogari
1055 3118 1354 3163 laudabilitati
1383 3119 1691 3164 virtuosorum
1725 3129 1909 3164 actuum
1941 3134 2021 3179 per
2051 3119 2142 3164 hoc

187 3183 308 3243 quod
334 3197 388 3228 ex
414 3185 682 3229 necessitate
709 3185 991 3229 obedientiae
1017 3185 1091 3229 vel
1116 3185 1213 3230 voti
1245 3185 1369 3229 fiunt.

308 3250 530 3295 Videntur
553 3262 705 3295 autem
731 3251 994 3311 hujusmodi
1020 3252 1231 3296 homines
1257 3252 1540 3297 necessitatis
1562 3253 1788 3297 rationem
1811 3252 2035 3311 ignorare.
2063 3253 2143 3298 Est

192 3316 315 3361 enim
343 3317 510 3376 duplex
544 3319 790 3362 necessitas
821 3319 1045 3382 quaedam
1082 3320 1348 3373 coactionis,
1381 3329 1426 3363 et
1447 3319 1576 3384 vhaec
1614 3318 1798 3362 laudem
1833 3319 2140 3364 virtuosorum

189 3394 376 3428 actuum
407 3385 586 3439 minuit,
621 3385 725 3444 quia
757 3385 1016 3430 voluntario
1049 3386 1372 3431 contrariatur:
1405 3394 1618 3430 coactum
1652 3385 1775 3429 enim
1811 3395 1878 3429 est
1913 3386 2036 3444 quod
2069 3396 2138 3430 est

183 3450 410 3495 voluntat-i
433 3451 727 3496 contrarium.
754 3451 834 3496 Est
859 3461 1010 3496 autem
1033 3452 1258 3511 quaedam
1280 3452 1525 3498 necessitas
1548 3466 1603 3496 ex
1625 3452 1828 3496 interiori
1844 3452 2139 3498 inclinatione

187 3517 485 3576 proveniens;
511 3526 557 3562 et
580 3517 695 3565 haec
722 3517 904 3563 laudem
919 3519 1109 3563 virtuosi
1132 3529 1256 3563 actus
1280 3532 1373 3563 non
1400 3518 1578 3574 minuit,
1600 3518 1679 3565 sed
1703 3526 1859 3577 auget:
1886 3515 1995 3563 facit
2017 3519 2140 3564 enim

187 3582 482 3629 voluntatem
503 3583 651 3644 magis
686 3585 863 3630 intense
893 3585 1078 3631 tendere
1110 3585 1154 3630 in
1191 3595 1344 3630 actum
1369 3585 1556 3631 virtutis.
1589 3585 1718 3630 Patet
1746 3580 1869 3629 enim
1906 3585 2028 3645 quod
2065 3585 2140 3630 ha-
