2332 3854
287 205 394 258 334
916 176 1069 238 minin
1110 201 1185 237 111.
1230 200 1350 239 CAP.
1391 201 1618 248 xxxvm.

210 311 214 314 ’
275 309 396 349 'num
429 314 608 363 oportet
635 318 733 348 esse
765 303 1016 347 secundum
1048 302 1093 345 id
1127 301 1248 360 quod
1283 312 1349 346 est
1381 312 1498 357 actu,
1532 313 1576 347 et
1606 318 1700 347 non
1733 305 1984 349 secundum
2017 306 2139 364 quod
2171 317 2240 351 est

284 372 485 431 potentia
512 381 718 425 tantum3
762 385 867 414 nam
913 368 1115 427 potentia
1148 382 1227 427 per
1262 378 1415 412 actum
1457 369 1656 427 perfecta
1687 372 1825 415 habet
1858 373 1969 416 boni
1999 373 2239 418 rationem.

283 439 391 483 Non
425 448 491 483 est
523 438 658 496 igitur
684 438 930 495 praemissa
963 435 1052 479 Dei
1085 435 1288 494 cognitio
1322 436 1378 480 ad
1410 435 1678 484 felicitatem
1709 448 1915 483 nostram
1941 439 2181 486 sufficiens.

984 648 1240 704 CAPUT
1280 649 1547 710 XXXIX.

363 787 521 831 QUOD
556 773 840 822 FELICITAS
875 783 1108 829 HUMANA
1139 785 1256 823 NON
1287 785 1662 829 CONSISTIT'IN
1696 786 2046 826 COGNITIONE
2078 787 2171 825 DEI

671 865 819 911 QUAE
861 865 1116 904 HABETUR
1155 867 1254 904 PER
1294 852 1864 906 DEMONSTRATIONEM.

854 975 981 1032 (L-H.
1015 982 1168 1034 quaest.
1190 977 1326 1022 LXV.
1354 982 1434 1021 art.
1457 991 1494 1035 5.
1527 976 1581 1021 ad
1605 977 1683 1034 2.).

376 1095 547 1138 Rursus
582 1104 648 1138 est
674 1093 899 1153 quaedam
932 1093 1020 1138 alia
1051 1094 1141 1138 Dei
1173 1094 1392 1153 cogniti0,
1425 1093 1558 1139 altior
1589 1109 1727 1154 quam
1758 1095 2021 1154 praemissa,
2047 1110 2166 1156 quae
2189 1096 2245 1142 de

286 1165 388 1207 Deo
422 1177 502 1222 per
535 1162 977 1206 demonstrationem
1021 1162 1228 1216 habetur,
1261 1155 1340 1221 per
1373 1177 1511 1221 quam
1544 1163 1691 1222 magis
1737 1163 1791 1207 ad
1833 1164 2066 1223 propriam
2106 1164 2246 1226 ipsius

286 1230 602 1288 cognitionem
645 1229 889 1282 accedit-ur,
935 1243 1077 1287 quum
1119 1243 1199 1287 per
1245 1229 1684 1273 demonstrationem
1732 1241 2055 1275 removeantur
2094 1231 2149 1281 ab
2189 1245 2245 1276 eo

286 1296 428 1340 multa
461 1311 540 1355 per
572 1311 767 1355 quorum
801 1297 1106 1340 remotionem
1135 1296 1189 1340 ab
1218 1296 1316 1340 aliis
1344 1296 1562 1340 discretus
1584 1296 1874 1355 intelligitur;
1907 1297 2103 1343 ostendit
2123 1299 2248 1353 enim

286 1365 614 1408 demonstratio
642 1365 795 1408 Deum
830 1378 928 1408 esse
955 1363 1259 1417 immobilem,
1287 1374 1537 1416 aeternum,
1565 1364 1904 1422 incorporeum,
1925 1364 2116 1410 omnino
2141 1365 2248 1410 sim-

285 1431 467 1490 plicem,
494 1445 650 1485 unum,
670 1441 714 1474 et
740 1430 828 1479 alia
845 1431 1123 1489 hujusmodi,
1147 1445 1262 1490 quae
1281 1431 1326 1474 in
1344 1431 1492 1489 primo
1512 1429 1573 1490 (c.
1602 1444 1668 1489 13.
1693 1441 1738 1474 et
1762 1432 1875 1490 seq.)
1897 1431 1952 1476 de
1977 1431 2079 1476 Deo
2102 1442 2249 1490 osten-

285 1499 448 1542 dimus.
484 1498 556 1541 Ad
579 1498 812 1557 propriam
841 1508 993 1541 autem
1021 1497 1212 1555 alicujus
1238 1498 1303 1541 rei
1331 1497 1646 1556 cognitionem
1678 1498 1952 1556 pervenitur,
1974 1512 2068 1554 non
2095 1497 2246 1559 solum

286 1580 365 1624 per
397 1565 739 1618 affirmationes,
772 1565 850 1608 sed
884 1565 1022 1608 etiam
1056 1579 1135 1623 per
1166 1564 1460 1622 negationes;
1493 1564 1610 1608 sicut
1637 1564 1766 1626 enim
1787 1565 2025 1625 proprium
2043 1565 2247 1618 hominis

288 1643 355 1677 est
388 1646 485 1676 esse
514 1631 684 1674 animal
715 1630 952 1685 rationale,
985 1631 1047 1675 ita
1080 1632 1316 1690 proprium
1339 1633 1435 1689 ejus
1454 1642 1520 1675 est
1541 1645 1635 1674 non
1659 1645 1756 1675 esse
1773 1632 2077 1686 inanimatum
2100 1646 2248 1694 neque

287 1698 572 1752 irrationale3
606 1698 683 1742 sed
716 1699 806 1742 hoc
840 1700 1028 1742 interest
1058 1698 1175 1742 inter
1207 1708 1450 1756 utrumque
1484 1698 1759 1756 cognitionis
1796 1699 2008 1758 propriae
2038 1698 2246 1756 modum,

287 1766 425 1825 quod,
459 1779 538 1824 per
571 1764 895 1809 affirmationes
929 1765 1111 1823 propria
1144 1764 1409 1823 cognitione
1442 1765 1497 1808 de
1529 1778 1576 1807 re
1603 1764 1771 1818 habita,
1794 1766 1933 1810 scitur
1952 1765 2061 1826 quid
2081 1774 2150 1812 est
2174 1779 2246 1810 res

291 1843 334 1877 et
366 1833 603 1892 quomodo
631 1833 683 1876 ab
719 1832 815 1876 aliis
845 1839 1100 1890 separaturg
1128 1845 1207 1889 per
1232 1831 1502 1889 negationes
1528 1841 1682 1875 autem
1708 1831 1862 1876 habita
1887 1832 2070 1892 propria
2097 1833 2250 1894 cogni·

289 1902 414 1944 tione
447 1900 502 1943 de
533 1914 597 1953 re,
630 1899 767 1942 scitur
799 1899 921 1957 quod
955 1909 1022 1942 est
1055 1898 1108 1941 ab
1137 1897 1234 1941 aliis
1257 1898 1465 1951 discreta,
1492 1908 1647 1941 tamen
1675 1898 1782 1956 quid
1809 1898 1867 1942 sit
1891 1908 2099 1950 remanet
2122 1898 2249 1961 igno·

287 1977 398 2010 turn.
444 1965 571 2010 Talis
614 1975 767 2009 autem
801 1976 868 2009 est
908 1967 1090 2023 propria
1124 1965 1327 2023 cognitio
1361 1978 1476 2023 quae
1509 1965 1566 2009 de
1598 1965 1700 2008 Deo
1733 1965 1924 2011 habetur
1954 1980 2034 2025 per
2064 1965 2250 2021 demon·

288 2034 542 2078 strationes.
566 2033 674 2077 Non
701 2042 768 2076 est
790 2042 942 2076 autem
964 2046 1048 2075 nec
1072 2033 1156 2075 ista
1183 2031 1239 2075 ad
1266 2030 1475 2075 ultimam
1497 2031 1699 2075 hominis
1720 2030 1986 2084 felicitatem
2005 2031 2248 2082 sufficiens.

375 2100 439 2144 Ea
467 2099 590 2143 enim
617 2113 734 2158 quae
765 2108 872 2142 sunt
898 2098 1088 2156 alicujus
1120 2098 1290 2157 speciei
1315 2098 1584 2156 perveniunt
1610 2098 1666 2142 ad
1692 2098 1831 2142 finem
1863 2097 1982 2144 illius
2007 2092 2177 2159 speciei
2201 2111 2250 2154 ut

285 2169 330 2211 in
362 2166 586 2226 pluribus,
620 2180 674 2210 ea
705 2179 814 2226 vero
849 2180 964 2224 quae
987 2175 1091 2225 sunt
1116 2180 1140 2208 a
1166 2175 1341 2219 natura,
1368 2174 1471 2209 sunt
1497 2179 1676 2224 semper
1700 2166 1773 2209 vel
1799 2167 1845 2210 in
1880 2165 2098 2225 pluribus,
2138 2166 2246 2216 defi-

286 2235 411 2278 ciunt
438 2244 591 2278 autem
616 2234 662 2276 in
689 2233 978 2291 paucioribus
1000 2242 1183 2291 propter
1210 2232 1411 2291 aliquam
1445 2232 1799 2291 corruptionem.
1840 2233 2052 2278 Felicitas
2091 2226 2246 2289 autem

286 2311 354 2345 est
378 2301 479 2345 finis
505 2300 735 2343 humanae
758 2300 939 2359 speciei,
964 2314 1105 2358 quum
1124 2313 1287 2343 omnes
1305 2299 1516 2342 homines
1535 2299 1681 2358 ipsam
1699 2298 1960 2344 naturaliter
1977 2299 2247 2358 desiderent.

285 2368 495 2412 Felicitas
520 2367 659 2426 igitur
687 2377 754 2410 est
781 2366 1019 2425 quoddam
1039 2380 1287 2409 commune
1304 2366 1478 2410 bonum
1497 2365 1760 2424 possibilem
1778 2367 2019 2425 provenire
2036 2367 2250 2419 omnibus

286 2434 563 2490 hominibus,
590 2433 677 2477 nisi
704 2433 882 2478 accidat
907 2433 1129 2492 aliquibus
1157 2433 1536 2491 impedimentum
1564 2447 1654 2491 quo
1677 2433 1766 2477 sint
1798 2433 1958 2479 orbati.
1979 2433 2053 2479 Ad
2080 2435 2252 2494 praedi-

288 2511 409 2544 ctam
437 2511 588 2544 autem
618 2500 932 2558 cognitionem
959 2501 1012 2544 de
1040 2501 1142 2543 Deo
1165 2499 1423 2543 habendam
1447 2513 1526 2558 per
1548 2501 1669 2543 viam
1693 2499 2095 2549 demonstrationis
2115 2501 2250 2562 pauci

288 2568 568 2627 perveniunt,
596 2577 780 2626 propter
802 2566 1130 2625 impedimenta
1155 2566 1289 2624 hujus
1316 2566 1606 2625 cognitionis,
1632 2580 1748 2625 quae
1774 2567 2007 2626 tetigimus
2030 2569 2079 2612 in
2098 2568 2249 2628 primo

289 2636 349 2692 (c.
377 2635 455 2691 4.).
482 2635 590 2678 Non
617 2643 684 2678 est
705 2634 842 2692 igitur
867 2632 970 2677 talis
997 2633 1202 2692 cognitio
1230 2632 1528 2677 essentialiter
1553 2633 1651 2692 ipsa
1676 2633 1880 2678 humana
1902 2633 2110 2683 felicita&

377 2701 566 2746 Adhuc:
586 2714 684 2745 esse
701 2701 746 2744 in
765 2710 868 2745 actu
886 2710 953 2745 est
969 2700 1069 2744 finis
1087 2700 1339 2744 exsistentis
1357 2700 1403 2743 in
1421 2701 1638 2759 potentia,
1656 2710 1705 2744 ut
1721 2715 1774 2744 ex
1792 2701 2052 2760 praemissis
2074 2702 2137 2760 (c.
2154 2702 2247 2760 20.)

289 2777 423 2827 patet.
450 2767 659 2812 Felicitas
685 2767 835 2826 igitur,
868 2781 983 2826 quae
1011 2776 1078 2811 est
1103 2766 1290 2811 ultimus
1317 2766 1433 2821 finis,
1476 2777 1544 2811 est
1575 2777 1700 2811 actus
1743 2767 1816 2812 cui
1855 2781 1951 2821 non
1993 2768 2251 2829 adJungitur

287 2836 490 2894 potentia
513 2835 573 2884 ‚ad
605 2834 871 2888 ulteriorem
897 2844 1065 2879 actum.
1095 2832 1222 2878 Talis
1251 2843 1403 2878 autem
1437 2834 1656 2893 cognitio,
1699 2849 1778 2894 per
1817 2835 1941 2880 viam
1964 2832 2252 2889 =demonstra·

287 2903 424 2947 tionis
452 2902 507 2947 de
533 2902 636 2946 Deo
668 2901 837 2956 habita,
863 2911 1069 2946 remanet
1101 2901 1249 2945 adhuc
1275 2901 1322 2945 in
1349 2902 1553 2960 potentia
1580 2901 1633 2945 ad
1663 2901 1831 2961 aliquid
1858 2898 2044 2948 ulterius
2069 2903 2127 2948 de
2145 2903 2248 2962 Deo

289 2968 678 3028 cognoscendum,
700 2969 772 3013 vel
796 2969 956 3013 eadem
984 2967 1198 3012 nobiliori
1225 2968 1389 3022 mod03
1413 2968 1686 3027 posteriores
1714 2969 1837 3013 enim
1863 2970 2014 3015 conati
2041 2979 2146 3015 sunt
2176 2969 2251 3015 ali-

289 3037 397 3096 quid
425 3037 479 3080 ad
512 3037 712 3080 divinam
740 3036 1053 3094 cognitionem
1080 3035 1307 3094 pertinens
1345 3035 1589 3094 adjungere
1631 3035 1702 3079 his
1740 3049 1856 3095 quae
1884 3050 1912 3081 a
1936 3035 2158 3096 prioribus
2188 3037 2252 3082 in·

287 3114 508 3149 venerunt
539 3103 714 3147 tradita.
741 3103 847 3148 Non
875 3113 942 3147 est
965 3103 1102 3161 igitur
1126 3101 1228 3146 talis
1261 3102 1463 3160 cognitio
1491 3101 1652 3146 ultima
1682 3102 1883 3148 hominis
1909 3101 2115 3148 felicitas.

378 3170 608 3229 Amplius:
643 3169 835 3214 felicitas
868 3183 1056 3213 omnem
1090 3169 1322 3212 miseriam
1351 3168 1569 3223 excludit3
1607 3183 1746 3214 nemo
1788 3169 1913 3215 enim
1944 3169 2082 3216 simul
2113 3171 2251 3216 miser

290 3248 334 3282 et
358 3237 462 3281 felix
490 3251 589 3281 esse
618 3246 780 3296 potest.
808 3237 1031 3295 Deceptio
1060 3245 1211 3294 autem
1239 3245 1283 3278 et
1309 3249 1434 3278 error
1460 3249 1627 3294 magna
1653 3249 1757 3294 pars
1784 3235 1995 3282 miseriae
2031 3246 2122 3292 est;
2157 3236 2250 3283 hoc

290 3315 358 3349 est
384 3304 506 3348 enim
533 3303 656 3363 quod
685 3317 847 3348 omnes
874 3302 1136 3348 naturaliter
1168 3301 1360 3361 fugiunt.
1394 3301 1658 3346 Praedictae
1685 3312 1840 3347 autem
1861 3303 2114 3364 cognitioni
2128 3316 2248 3365 quae

289 3372 344 3415 de
377 3372 479 3416 Deo
506 3372 697 3416 habetur
723 3370 962 3433 multiplex
998 3383 1122 3413 error
1158 3368 1343 3427 adjungi
1369 3378 1538 3427 potest;
1582 3369 1703 3429 quod
1735 3378 1861 3430 patet
1889 3369 1937 3415 in
1977 3369 2131 3433 multis
2172 3370 2250 3431 qui

291 3438 441 3497 aliqua
466 3452 574 3483 vera
607 3438 662 3482 de
690 3438 791 3482 Deo
815 3435 897 3497 per
923 3437 1045 3481 viam
1073 3436 1473 3480 demonstrationis
1515 3446 1847 3495 cognoverunt,
1871 3435 1962 3500 qui,
1988 3450 2092 3497 suas
2123 3437 2252 3485 aesti-

291 3506 516 3549 mationes
543 3515 797 3565 sequentes,
819 3505 927 3549 dum
955 3502 1284 3549 demonstratio
1312 3504 1376 3546 eis
1403 3501 1594 3556 deesset,
1621 3504 1666 3547 in
1693 3516 1868 3553 errores
1895 3498 2167 3565 multiplices
2186 3503 2251 3548 in·

294 3572 511 3619 ciderunt.
548 3573 596 3618 Si
623 3583 776 3618 autem
809 3572 947 3632 aliqui
975 3570 1155 3616 fuerunt
1181 3569 1256 3634 qui
1288 3569 1353 3614 sic
1386 3569 1442 3614 de
1484 3569 1647 3615 divinis
1689 3569 1925 3624 veritatem
1947 3569 2249 3633 invenerunt,
