2332 3854
276 265 382 320 570
1005 259 1160 298 LIBER
1201 258 1272 298 lv.
1315 258 1436 296 CAP.
1476 257 1570 297 XII·

273 379 327 409 ex
353 364 483 408 dictis
509 363 631 422 quod
659 363 746 407 Dei
772 361 910 406 Filius
937 371 1004 405 est
1019 360 1225 405 Verbum
1251 370 1297 405 et
1318 360 1560 418 conceptio
1586 358 1675 404 Dei
1700 357 1999 418 intelligentis
2010 358 2230 417 seipsum.

274 431 487 490 Sequitur
511 430 649 488 igitur
680 429 802 488 quod
835 430 983 486 ipsum
1015 428 1105 472 Dei
1136 426 1355 481 Verbum,
1377 437 1613 485 tamquam
1644 426 1871 485 sapienter
1901 424 2232 482 mente-‚divina

277 507 568 556 conceptum,
596 496 777 555 proprie
811 504 1035 553 concepta
1063 508 1142 538 seu
1171 494 1323 552 genita
1349 493 1572 551 sapientia
1598 493 1799 547 dicatur;
1825 491 1946 536 unde
1978 490 2233 551 Apostolus

279 565 492 610 Christum
525 565 609 607 Dei
647 564 892 621 sapientiam
923 560 1133 604 nominat
1166 561 1219 615 (I.
1255 560 1463 604 Corinth.
1505 560 1561 617 Ι.)
1592 560 1763 618 Ιρειιιιιμ
1792 569 1944 609 autem
1981 558 2233 618 sapientiae

275 631 478 675 Verbum
507 639 658 684 mente
686 638 961 686 conceptum
979 637 1046 670 est
1071 627 1297 685 quaedam
1325 624 1632 671 manifestatio
1658 626 1908 685 sapientiae
1922 625 2233 686 intelligentis,¹

276 698 393 742 sicut
419 707 462 740 et
486 697 532 739 in
558 696 690 738 nobis
723 708 883 738 omnes
917 694 1095 737 habitus
1127 707 1208 751 per
1234 704 1361 738 actus
1394 692 1752 738 manifestantur.
1789 692 1913 745 Quia
1936 706 2050 751 ergo
2081 691 2235 743 divina

273 764 494 823 sapientia
525 762 600 805 lux
633 762 808 818 dicitur,
842 770 977 818 prout
1007 760 1054 804 in
1087 773 1201 819 puro
1235 769 1337 805 actu
1371 761 1646 819 cognitionis
1680 760 1900 814 consistit,
1932 759 2058 814 lucis-
2079 768 2235 815 antem

278 829 584 874 manifestatio
617 828 832 886 splendor
863 828 1003 886 ipsius
1036 836 1117 881 est,
1151 827 1204 870 ab
1231 841 1286 871 ea
1316 827 1583 886 procedens,
1607 825 2230 882 convenienter-et‚Verbum

274 897 451 940 divinae
483 896 729 953 sapientiae
762 893 977 952 splendor
1016 894 1130 938 lucis
1162 895 1439 949 nominatur,
1473 895 1727 939 secundum
1768 893 1880 938 illud
1915 890 2234 953 Apostolifde

274 963 388 1007 Filio
422 963 611 1006 dicentis
647 961 804 1018 (Hebr.
837 962 871 1005 I.
903 961 987 1020 3.):
1024 962 1167 1018 Quam
1200 963 1250 1006 sit
1279 962 1470 1021 splendor
1499 962 1658 1020 gloriae
1669 978 1686 1014 ‚¹
1707 962 1826 1006 unde
1845 971 1892 1007 et
1921 960 2066 1008 Filius
2092 959 2245 1017 mani-¹

273 1030 566 1074 festationem
598 1028 743 1072 Patris
777 1028 860 1072 sibi
893 1028 1106 1072 adscribit
1128 1028 1310 1086 (Joann.
1337 1029 1481 1072 XVII.
1510 1027 1589 1086 6.),
1613 1029 1795 1073 dicens:
1822 1030 1950 1075 Pater
1962 1060 2091 1072 .....
2106 1061 2124 1083 ,
2148 1041 2236 1072 ma·

274 1098 468 1155 nisestavi
494 1111 642 1140 nomen
676 1102 793 1140 tuum
819 1096 1066 1140 hominibus.
1103 1095 1192 1139 Sed
1219 1106 1374 1140 tamen
1400 1095 1508 1140 licet
1531 1095 1688 1151 Filius,
1710 1097 1786 1155 qui
1812 1106 1881 1140 est
1905 1095 1995 1140 Dei
2014 1094 2234 1149 Verbum,

273 1163 452 1221 proprie
485 1164 704 1221 sapientia
737 1173 961 1221 concepta
985 1163 1174 1216 dicatur,
1196 1177 1367 1207 nornen
1390 1173 1546 1207 tamen
1564 1164 1813 1222 sapientiae
1833 1162 2038 1209 absolute
2062 1162 2235 1212 dictum

273 1239 453 1288 oportet
486 1244 583 1274 esse
617 1243 866 1273 commune
889 1229 1013 1273 Patri
1045 1239 1090 1273 et
1120 1229 1253 1284 Filio,
1279 1244 1422 1288 quum
1448 1230 1670 1288 sapientia
1697 1244 1812 1289 quae
1834 1243 1914 1289 per
1943 1228 2153 1276 Verbum.
2167 1242 2238 1274 re-

274 1296 481 1355 splendet
513 1297 570 1340 sit
594 1296 739 1340 Patris
772 1296 984 1350 essentia,
1010 1306 1059 1340 ut
1091 1296 1263 1340 dictum
1300 1306 1382 1350 est,
1419 1297 1614 1341 essentia
1649 1311 1759 1342 vero
1800 1296 1946 1343 Patris
1987 1295 2046 1341 sit
2076 1294 2171 1343 sibi«
2192 1304 2237 1339 et

273 1365 389 1410 Filio
425 1367 700 1409 communis.

1033 1520 1287 1577 CAPUT
1328 1520 1486 1576 XIII.

576 1659 736 1704 QUOD
776 1657 894 1698 NON
934 1657 1035 1696 EST
1074 1657 1182 1697 NISI
1221 1657 1365 1697 UNUS
1405 1657 1580 1695 FILIUS
1622 1657 1678 1697 IN
1718 1655 1940 1697 DIVINIS.

366 1768 488 1821 Quia
518 1782 628 1812 vero
655 1768 798 1823 Deus,
823 1766 1119 1826 intelligendo
1152 1767 1367 1826 seipsum,
1392 1766 1549 1811 omnia
1576 1766 1665 1810 alia
1685 1765 1911 1825 intelligit,
1938 1774 1989 1809 ut
2007 1764 2055 1810 in
2079 1764 2231 1824 primo

277 1845 510 1880 ostensum
539 1845 620 1888 est,
653 1836 852 1893 seipsum
886 1845 1037 1878 autern
1071 1849 1162 1878 uno
1197 1844 1241 1878 et
1271 1834 1467 1893 simplici
1492 1834 1656 1878 intuitu
1682 1832 1908 1891 intelligit,
1933 1845 2075 1892 quum
2094 1844 2234 1888 ‚snum

271 1902 527 1961 intelligere
545 1903 603 1946 sit
623 1916 755 1946 suum
775 1916 886 1955 esse,
913 1916 1100 1946 necesse
1118 1912 1184 1946 est
1206 1901 1411 1945 Verbum
1429 1901 1517 1945 Dei
1535 1915 1632 1945 esse
1653 1901 1840 1944 unicum
1858 1910 2050 1953 tantum.
2076 1897 2236 1952 Quum

274 1982 427 2014 autem
445 1970 490 2012 in
509 1969 672 2013 divinis
697 1968 811 2012 nihil
839 1969 958 2012 aliud
982 1969 1038 2012 sit
1058 1969 1159 2012 Filii
1177 1969 1411 2026 generatio
1436 1983 1573 2026 quam
1593 1967 1739 2011 Verbi
1756 1966 2017 2026 conceptio,
2037 1965 2239 2025 sequitur

273 2037 395 2095 quod
422 2050 511 2079 una
538 2035 636 2080 sola
663 2036 720 2080 sit
746 2037 981 2093 generatio
1004 2036 1050 2079 in
1079 2036 1242 2079 divinis
1271 2046 1315 2079 et
1338 2036 1498 2079 unicus
1521 2035 1660 2078 Filius
1688 2034 1813 2078 solus
1839 2048 1865 2078 a
1887 2034 2023 2078 Patre
2044 2033 2238 2092 genitus-

272 2104 408 2148 Unde
441 2103 802 2161 (Joann.I.14.)
830 2103 1018 2147 dicitur:
1054 2103 1241 2147 Vidimus
1266 2118 1357 2147 eum
1386 2103 1504 2161 quasi
1543 2103 1810 2159 Unigenitum
1840 2115 1876 2147 a
1898 2100 2052 2154 Patre,·
2085 2110 2133 2146 et
2161 2099 2241 2153 ite-

271 2185 374 2215 rum
401 2171 478 2228 (ib.
517 2171 629 2227 18.:)
671 2171 932 2229 Unigenitus,
966 2172 1038 2228 qui
1068 2177 1124 2215 est
1155 2172 1200 2214 in
1231 2173 1324 2214 sinu
1356 2170 1511 2223 Patris,
1540 2171 1622 2228 ipse
1653 2171 1769 2213 nobis
1800 2170 2034 2214 enarravit.

356 2237 548 2281 Videtur
579 2248 734 2281 tamen
773 2252 827 2280 ex
858 2238 1118 2296 praemissis
1156 2238 1283 2295 sequi
1317 2237 1439 2295 quod
1473 2246 1517 2281 et
1548 2236 1690 2280 Verbi
1721 2235 1863 2280 divini
1892 2235 1951 2280 sit
1990 2233 2123 2286 aliud
2142 2247 2240 2279 ver·

271 2305 396 2359 bum,
425 2314 469 2348 et
500 2304 602 2347 Filii
627 2305 684 2348 sit
711 2304 822 2348 alius
848 2304 981 2348 filius.
1017 2305 1270 2349 Ostensum
1304 2314 1371 2348 est
1397 2304 1519 2348 enim
1547 2303 1670 2362 quod
1695 2302 1899 2346 Verbum
1917 2302 2006 2347 Dei
2030 2301 2088 2347 sit
2112 2301 2240 2346 Deus

274 2387 431 2425 verus;
465 2382 645 2430 oportet
684 2372 821 2430 igitur
863 2372 1020 2415 omnia
1053 2386 1168 2430 quae
1201 2372 1304 2415 Deo
1347 2371 1625 2415 conveniunt
1661 2370 1809 2414 Verbo
1848 2369 1938 2413 Dei
1978 2370 2238 2414 convenire.

274 2439 402 2483 Deus
435 2449 589 2483 autem
623 2453 677 2482 ex
723 2439 994 2482 necessitate
1050 2439 1248 2497 seipsum
1299 2437 1533 2496 intelligit3
1567 2448 1611 2482 et
1642 2436 1847 2481 Verbum
1878 2436 2015 2495 igitur
2054 2435 2144 2480 Dei
2178 2449 2244 2480 se·

277 2506 427 2564 ipsum
462 2504 685 2563 intelligit.
720 2505 770 2548 Si
799 2506 951 2581 igitur,
978 2519 1031 2549 ex
1062 2506 1152 2549 hoc
1187 2505 1308 2564 quod
1341 2506 1468 2550 Deus
1486 2518 1685 2563 seipsum
1703 2502 1930 2563 intelligit,
1946 2502 2149 2547 Verbum
2183 2502 2238 2546 ab

193 2571 206 2577 ⁶
276 2587 333 2616 eo
367 2574 571 2630 genitum
594 2571 639 2615 in
666 2571 769 2616 Deo
796 2573 992 2631 ponitur,
1017 2572 1237 2631 consequi
1262 2572 1438 2616 videtur
1465 2571 1586 2630 quod
1614 2571 1752 2615 etiam
1771 2581 1816 2614 et
1836 2557 2038 2623 Verbo,
2026 2583 2074 2613 m
2095 2582 2238 2629 quan-

275 2651 373 2683 tum
407 2640 608 2698 seipsum
639 2639 865 2698 intelligit,
899 2639 1020 2683 aliud
1053 2639 1243 2683 verbum
1276 2639 1569 2692 attribuatur3
1602 2649 1646 2683 et
1677 2638 1745 2682 sic
1779 2636 1918 2684 Verbi
1940 2636 2027 2685 erit
2042 2636 2239 2691 verbum

275 2717 319 2751 et
351 2706 453 2750 Filii
484 2706 616 2750 filius.
650 2707 706 2750 Et
736 2706 847 2750 illud
880 2707 1085 2760 verbum,
1111 2707 1148 2750 si
1174 2706 1301 2750 Deus
1324 2716 1405 2760 est,
1431 2708 1598 2750 iterum
1624 2705 1825 2764 seipsum
1850 2703 2074 2763 intelliget
2097 2712 2144 2749 et
2163 2702 2242 2749 ha·

274 2774 397 2818 bebit
429 2773 551 2817 aliud
582 2774 797 2827 verbum3
831 2783 875 2818 et
900 2774 963 2817 sic
997 2774 1043 2817 in
1065 2773 1291 2818 infinitum
1319 2774 1551 2830 generatio
1586 2772 1739 2816 divina
1770 2772 2095 2830 procedet..

366 2839 510 2898 Hujus
545 2850 698 2884 autem
731 2840 898 2884 solutio
933 2856 986 2885 ex
1014 2840 1272 2899 praemissis
1304 2840 1463 2884 haberi
1488 2849 1649 2898 potest.
1675 2839 1832 2891 Quum
1857 2837 1979 2883 enim
2002 2817 2240 2885 ostensum

276 2907 335 2952 sit
365 2907 488 2966 quod
513 2907 717 2951 Verbum
743 2908 832 2951 Dei
865 2908 922 2952 sit
941 2908 1080 2962 Deus,
1108 2917 1343 2952 ostensum
1365 2918 1520 2951 tamen
1544 2916 1610 2951 est
1627 2907 1749 2966 quod
1772 2920 1866 2951 non
1893 2916 1961 2954 est
1981 2905 2096 2951 alius
2111 2905 2239 2958 Deus

279 2974 428 3019 aDeo
451 2976 578 3032 cujus
605 2985 674 3018 est
699 2975 904 3028 verbum,
932 2975 1010 3019 sed
1036 2990 1152 3019 unus
1179 2975 1385 3028 omnino,
1414 2975 1504 3018 hoc
1523 2974 1633 3027 ,solo
1662 2974 1715 3017 ab
1743 2987 1800 3018 eo
1827 2973 2091 3019 distinctum
2116 2969 2239 3031 (111ρά

280 3041 332 3084 ab
367 3055 422 3085 eo
456 3051 522 3085 est
554 3042 822 3087 utverbum
855 3042 1122 3100 procedens.
1158 3042 1286 3086 Sicut
1318 3052 1470 3086 autern
1493 3041 1694 3086 Verbum
1718 3054 1812 3085 non
1845 3039 2066 3091 est2alius
2095 3038 2239 3092 Deus,

275 3108 338 3152 ita
370 3122 454 3151 nec
488 3118 556 3152 est
581 3108 694 3152 alius
720 3108 992 3162 intellectus,
1027 3120 1069 3154 et
1101 3123 1182 3167 per
1213 3122 1499 3167 consequens
1531 3123 1617 3152 nec
1651 3107 1772 3152 aliud
1803 3106 2086 3166 intelliget&
2116 3104 2238 3151 unde

275 3189 360 3219 nec
395 3175 514 3218 aliud
547 3175 750 3220 verbum.
782 3175 879 3220 Nec
902 3186 1055 3220 tamen
1079 3175 1281 3234 sequitur
1304 3176 1425 3234 quod
1449 3176 1504 3220 sit
1527 3175 1716 3220 verbum
1737 3175 1810 3219 sui
1826 3174 1963 3233 ipsius
1988 3171 2251 3226 secundum·
2325 3177 2332 3190 ⁶

282 3242 404 3301 quod
431 3242 633 3286 Verbum
660 3243 859 3301 seipsum
886 3242 1121 3301 intelligit3
1148 3257 1256 3286 nam
1287 3243 1335 3285 in
1366 3243 1456 3286 hoc
1491 3242 1592 3286 solo
1619 3242 1810 3286 verbum
1837 3255 1862 3293 a
1883 3241 2062 3290 dicente
2084 3239 2243 3291 distin-

283 3309 446 3367 guitur,
479 3319 527 3354 ut
560 3310 729 3354 dictum
763 3321 844 3363 est,
878 3311 999 3368 quod
1034 3321 1102 3355 est
1127 3311 1181 3354 ab
1214 3310 1340 3368 ipso;
1378 3309 1534 3353 omnia
1570 3322 1681 3368 ergo
1719 3306 2250 3366 aliarqmmunitersmr

279 3376 516 3420 tribuenda
549 3388 650 3420 sunt
677 3378 780 3421 Deo
804 3377 985 3430 dicenti,
1009 3377 1085 3435 qui
1112 3387 1179 3421 est
1201 3378 1348 3431 Pater,
1374 3386 1420 3420 et
1441 3375 1609 3428 Verbo,
1636 3375 1758 3434 quod
1780 3372 2032 3428 est2Filim,
2054 3381 2239 3432 propter

277 3443 367 3486 hoc
401 3443 522 3500 quod
557 3444 693 3488 etiam
727 3444 928 3488 Verbum
962 3454 1030 3488 est
1063 3444 1212 3498 Deus3
1245 3445 1323 3488 sed
1364 3443 1453 3487 hoc
1486 3443 1638 3487 solum
1681 3452 1730 3486 ut
1761 3442 1815 3493 ab
1848 3454 1921 3492 ,oo
1935 3441 2015 3492 ait
2025 3440 2240 3497 merrham,
2315 3435 2327 3451 ²

279 3510 625 3554 adscribendum
658 3521 723 3556 est
756 3512 935 3570 proprie
969 3512 1105 3565 Patri,
1139 3521 1184 3555 et
1214 3511 1305 3555 hoc
1338 3509 1461 3569 quod
1495 3519 1564 3554 est
1590 3523 1689 3554 esse
1722 3523 1749 3553 a
1779 3508 1885 3557 Deo
1901 3501 2242 3561 dieentemttri-

281 3577 509 3621 buendum
544 3588 610 3622 est
636 3579 816 3637 proprie
849 3578 980 3623 Filio.
1014 3576 1078 3622 Ex
1110 3592 1202 3638 quo
1235 3578 1372 3622 etiam
1406 3587 1528 3636 patet
1554 3576 1676 3635 quod
1709 3575 1848 3621 Filius
1878 3586 1974 3626 non
1996 3583 2073 3628 eat
2093 3573 2241 3632 impo-

278 3652 391 3698 tens,
423 3644 506 3689 etsi
532 3658 749 3703 generare
782 3644 927 3690 filium
953 3658 1047 3690 non
1079 3645 1236 3704 possit,
1269 3657 1418 3704 quum
1440 3652 1597 3689 tamen
1638 3643 1772 3688 Pater
1814 3650 2026 3701 genem
2038 3637 2247 3695 Filium-{⁴3
