2294 3854
844 211 999 249 LIBER
1037 211 1109 250 1v.
1151 210 1271 250 cAP.
1311 209 1397 248 LV.
1995 198 2094 266 653

147 320 450 370 transgressus
467 321 548 365 est,
564 325 712 370 neque
739 325 817 370 per
842 312 1055 356 virtutem
1072 311 1318 371 propriam,
1344 310 1464 370 quia,
1491 309 1596 355 data
1613 310 1694 354 sibi
1715 310 1978 369 cognitione
2001 325 2103 371 pec-

148 378 238 424 cati
263 392 343 437 per
367 378 534 437 legem,
557 378 705 421 adhuc
734 391 788 422 ex
813 377 1073 422 infirmitate
1100 378 1330 437 peccavit3
1356 388 1401 422 et
1416 377 1483 421 sic
1509 378 1710 435 oportuit
1736 386 1783 420 ut
1810 377 1995 431 demum
2022 378 2102 421 ho-

146 444 272 499 mini,
298 458 445 503 neque
463 444 518 488 de
537 443 724 488 scientia
740 458 887 502 neque
904 445 959 488 de
977 445 1140 488 virtute
1166 444 1487 503 praesumenti,
1505 443 1684 486 daretur
1701 441 1859 487 efficax
1880 443 2096 487 auxilium

147 522 305 555 contra
327 520 565 569 peccatum
593 524 672 568 pet
692 510 862 555 Christi
886 511 1264 564 incarnationem,
1291 509 1465 554 scilicet
1481 509 1624 568 gratia
1643 508 1828 564 Christi,
1856 522 1931 567 per
1959 524 2098 568 quam

24 616 28 617 γ
71 623 78 628 ,
146 579 519 622 etinstrueretur
548 578 594 620 in
626 576 788 629 dubiis,
819 590 877 620 ne
909 577 954 619 in
989 578 1253 634 cognitione
1285 576 1511 630 deficeret,
1546 585 1590 620 et
1622 576 1910 620 roboraretur
1941 586 2100 620 contra

144 643 448 688 tentationum
462 642 669 695 insultus,
686 657 743 687 ne
767 656 847 701 per
862 642 1172 687 infirmitatem
1190 642 1418 687 deficeret.
1438 642 1513 686 Sic
1541 642 1676 700 igitur
1696 641 1865 685 factum
1886 651 1954 686 est
1974 643 2096 701 quod

144 720 294 754 essent
317 720 407 754 tres
442 720 583 754 status
615 709 804 752 humani
836 710 1039 766 generis:
1071 710 1243 767 primus
1276 719 1380 752 ante
1413 708 1577 766 legem,
1611 707 1836 752 secundus
1872 708 1953 752 sub
1980 708 2099 767 lege,

144 776 301 820 tertius
334 777 416 820 sub
455 775 617 833 gratia.
637 775 830 827 Deinde,
864 789 944 833 per
969 775 1118 818 Deum
1152 776 1434 819 incarnatum
1470 785 1710 833 praecepta
1746 784 1791 818 et
1822 774 2100 819 documenta

144 841 343 900 perfecta
369 841 630 885 hominibus
655 841 804 884 danda
831 851 971 885 erant.
997 840 1208 899 Requirit
1235 851 1387 884 autem
1414 841 1504 885 hoc
1534 841 1736 885 conditio
1763 841 1993 885 humanae
2020 854 2095 884 na·

144 917 272 952 turae
297 908 420 967 quod
452 922 545 951 non
577 908 728 953 statim
753 907 807 950 ad
835 906 1087 966 perfectum
1120 908 1324 960 ducatur,
1357 907 1432 951 sed
1468 907 1802 950 manuducatur
1832 921 1912 966 per
1938 909 2099 966 imper·

82 1009 87 1016 .
143 973 264 1020 fecta
289 983 338 1018 ut
368 975 430 1018 ad.
456 973 784 1032 perfectionem
811 973 1068 1031 perveniat;
1095 974 1216 1031 quod
1244 984 1288 1017 et
1313 974 1358 1016 in
1386 973 1682 1017 instructione
1708 986 1955 1031 puerorum
1980 972 2100 1018 vide·

143 1054 262 1094 mus,
286 1042 363 1100 qui
389 1041 538 1099 primo
555 1040 609 1083 de
628 1040 830 1083 minimis
847 1041 1138 1091 instruuntur,
1161 1053 1269 1082 nam
1298 1054 1322 1082 a
1349 1039 1570 1097 principio
1598 1038 1795 1096 perfecta
1822 1053 1983 1098 capere
2000 1053 2095 1083 non

140 1106 307 1151 valent.
335 1105 552 1150 Similiter
577 1106 730 1158 etiam,
753 1106 790 1149 si
817 1105 953 1148 alicui
971 1105 1250 1149 multitudini
1276 1105 1426 1163 aliqua
1448 1105 1649 1148 inaudita
1673 1115 2035 1163 proponerentur
2053 1115 2098 1149 et

139 1187 327 1231 magna,
351 1186 447 1217 non
473 1172 625 1216 statim
653 1182 849 1230 caperet,
875 1172 962 1215 nisi
989 1171 1044 1215 ad
1071 1186 1124 1214 ea
1149 1181 1429 1215 assuesceret
1455 1171 1576 1230 prius
1610 1185 1689 1230 per
1722 1170 1871 1229 aliqua
1898 1172 2092 1217 minora.

145 1238 221 1283 Sic
249 1239 384 1297 igitur
409 1239 686 1283 conveniens
709 1238 833 1282 suita
857 1239 1078 1297 principio
1106 1248 1155 1282 ut
1179 1238 1434 1281 humanum
1462 1251 1605 1296 genus
1623 1238 1917 1282 instrueretur
1943 1238 1998 1282 de
2024 1238 2096 1283 his

141 1318 257 1364 quae
289 1305 513 1364 pertinent
539 1305 595 1348 ad
622 1319 751 1349 suam
779 1304 974 1348 salutem
996 1319 1076 1362 per
1102 1304 1253 1363 aliqua
1279 1304 1397 1347 levia
1424 1314 1468 1348 et
1495 1305 1672 1347 minora
1699 1304 1993 1357 documenta,
2020 1318 2097 1363 per

112 1365 418 1430 'patriarchas
444 1382 488 1415 et
504 1371 656 1429 legem
673 1382 718 1415 et
738 1371 1007 1429 prophetas;
1034 1381 1078 1414 et
1102 1372 1303 1423 tandem,
1330 1371 1376 1413 in
1403 1371 1800 1414 consummatione
1832 1380 2096 1429 temporum

141 1437 342 1498 perfecta
367 1438 574 1483 doctrina
601 1438 772 1482 Christi
805 1448 1136 1496 proponeretur
1161 1438 1206 1481 in
1234 1438 1378 1491 terris,
1410 1437 1662 1481 secundum
1695 1438 1816 1496 quod
1843 1437 2095 1496 Apostolus

141 1505 250 1549 dicit
280 1504 454 1563 (Galat.
480 1505 558 1548 IV.
584 1504 673 1560 4.):
702 1506 763 1549 At
793 1507 866 1548 ubi
895 1507 1010 1549 venit
1027 1505 1240 1563 plenitudo
1269 1507 1477 1563 temporis,
1505 1506 1619 1549 misit
1644 1506 1772 1558 Deus¹
1789 1506 1949 1549 Filium
1973 1504 2094 1566 suurn

140 1573 188 1615 in
211 1582 375 1625 terras;
402 1581 446 1615 et
470 1571 639 1615 ibidem
672 1571 834 1615 dicitur
860 1571 937 1628 (V.
966 1583 1035 1625 24.
1064 1581 1109 1615 et
1133 1572 1226 1628 25.)
1255 1571 1377 1629 quod
1404 1571 1468 1615 lex
1489 1571 1755 1630 paedagogus
1780 1577 1913 1615 noster
1934 1572 2027 1630 fuit
2051 1574 2096 1615 in

145 1637 340 1690 chriam
365 1637 433 1682 sed
447 1641 541 1695 jam
576 1652 660 1681 non
698 1653 838 1690 sumus
867 1639 939 1682 sub
966 1637 1220 1697 paedagogo.
1255 1636 1404 1680 Simul
1431 1639 1568 1681 etiam
1602 1637 1985 1683 considerandum
2028 1648 2095 1682 est

141 1704 281 1764 quod,
304 1703 424 1749 sicut
454 1704 699 1748 adventum
734 1703 891 1760 magni
931 1704 1050 1761 regis
1082 1713 1264 1761 oportet
1297 1703 1474 1762 aliquos
1509 1703 1694 1748 nuntios
1727 1704 2013 1762 praecedere,
2047 1714 2096 1748 ut

141 1775 464 1830 praeparentur
479 1770 646 1814 subditi
672 1770 728 1813 ad
755 1784 861 1813 eum
887 1770 1165 1814 reverentius
1178 1769 1532 1828 suscipiendum,
1549 1769 1612 1813 ita
1633 1770 1833 1828 oportuit
1849 1771 2095 1815 adventum

138 1837 229 1882 Dei
253 1837 300 1880 in
321 1847 462 1893 terras
489 1835 631 1880 multa
658 1836 929 1894 praecedere
962 1836 1123 1894 quibus
1155 1836 1369 1880 homines
1401 1846 1553 1880 essent
1583 1836 1728 1895 parati
1761 1836 1816 1880 ad
1849 1837 1999 1881 Deum
2027 1837 2094 1881 in-

140 1913 376 1948 carnatum
397 1903 762 1961 suscipiendun13
788 1903 911 1961 quod
937 1902 1120 1961 quidem
1138 1901 1312 1947 factum
1335 1913 1402 1947 est
1424 1903 1534 1947 dum
1559 1917 1638 1961 per
1661 1903 1976 1962 praecedentia
1995 1918 2095 1962 pro-

138 1969 277 2014 missa
303 1980 348 2014 et
383 1969 662 2014 documenta
686 1969 930 2014 hominum
963 1979 1139 2014 mentes
1171 1969 1415 2028 dispositae
1447 1979 1552 2013 sunt
1582 1979 1632 2013 ut
1661 1969 1839 2013 facilius
1872 1970 1913 2013 ei
1946 1971 2095 2014 crede-

138 2046 240 2081 rent
265 2036 343 2095 qui
368 2046 472 2081 ante
497 2039 836 2094 praenuntiatus
858 2045 967 2090 erat,
995 2046 1039 2079 et
1060 2035 1386 2080 desiderantius
1413 2036 1716 2094 susciperetur
1737 2045 1922 2095 propter
1941 2037 2094 2095 priora

138 2104 377 2162 promissa.

226 2169 283 2214 Et
311 2168 420 2213 licet
450 2168 670 2213 adventus
700 2168 791 2213 Dei
822 2168 1045 2212 incarnati
1075 2169 1123 2212 in
1156 2169 1380 2212 mundum
1414 2178 1533 2212 esset
1569 2164 1769 2213 nfaxime
1809 2169 2094 2214 necessarius

136 2235 367 2280 humanae
389 2234 538 2290 saluti,
559 2245 714 2280 tamen
732 2248 825 2279 non
842 2234 926 2279 fuit
940 2235 1249 2279 necessarium
1267 2235 1390 2293 quod
1407 2249 1550 2293 usque
1569 2234 1624 2278 ad
1647 2235 1786 2279 finem
1810 2236 1968 2280 mundi
1986 2250 2093 2280 cum

137 2301 401 2347 horninibus
427 2311 786 2354 conversaretur,
813 2311 861 2344 ut
886 2301 1065 2345 decima
1090 2302 1206 2345 ratio
1225 2302 1521 2360 proponebat.
1549 2301 1651 2345 Hoc
1680 2302 1802 2346 enim
1829 2302 2094 2361 derogasset

137 2369 420 2414 reverentiae
441 2383 581 2427 quam
602 2369 815 2412 homines
842 2368 1067 2412 debebant
1082 2368 1186 2423 Deo
1212 2369 1450 2412 incarnato
1478 2368 1704 2421 exhibere,
1731 2369 1856 2422 dum,
1888 2369 2093 2414 videntes
2141 2388 2156 2402 κ

135 2436 286 2495 ipsum
304 2450 439 2480 carne
456 2436 662 2480 indutum
681 2435 779 2479 aliis
801 2435 1063 2479 hominibus
1090 2434 1302 2488 similem,
1320 2434 1435 2478 nihil
1453 2435 1508 2478 de
1526 2448 1582 2478 eo
1610 2434 1727 2483 ultra
1742 2434 1856 2479 alios
1878 2435 2092 2480 homines

137 2505 480 2556 aestimassent3
506 2502 583 2546 sed
607 2515 679 2557 eo,
706 2512 808 2561 post
834 2501 948 2545 mira
974 2515 1090 2560 quae
1117 2502 1255 2560 gessit
1280 2502 1326 2545 in
1352 2501 1496 2555 terris,
1523 2515 1653 2545 suam
1681 2504 1984 2561 praesentiam
2009 2503 2093 2546 ho-

139 2569 335 2613 minibus
361 2568 665 2621 subtrahente,
692 2567 838 2627 magis
864 2568 1013 2626 ipsum
1045 2568 1240 2611 revereri
1274 2578 1523 2626 coeperunt
1534 2584 1545 2622 ;
1579 2578 1764 2627 propter
1797 2568 1918 2626 quod
1953 2570 2089 2612 etiam

137 2635 208 2679 sui
233 2634 464 2693 discipulis
485 2634 814 2693 plenitudinem
842 2634 1031 2692 Spiritus
1057 2634 1213 2678 Sancti
1238 2648 1332 2678 non
1359 2634 1482 2678 dedit
1508 2635 1724 2692 quamdiu
1752 2648 1855 2677 cum
1885 2634 1948 2678 eis
1981 2648 2091 2678 con-

137 2712 342 2746 versatus
363 2700 461 2754 fuit,
483 2700 611 2759 quasi
637 2713 716 2758 per
741 2701 837 2758 ejus
869 2699 1117 2744 absentiam
1152 2714 1313 2744 eorum
1340 2701 1504 2744 animis
1538 2699 1592 2744 ad
1627 2700 1875 2759 spiritualia
1897 2714 2088 2745 munera

137 2767 288 2825 magis
313 2767 602 2826 praeparatis.
631 2766 764 2810 Unde
791 2776 835 2810 et
859 2766 954 2825 ipse
982 2766 1046 2810 eis
1072 2766 1249 2811 dicebat
1275 2767 1456 2824 (Joann.
1480 2766 1601 2810 XVI.
1631 2767 1718 2824 7.):
1749 2767 1797 2811 Si
1821 2781 1904 2811 non
1930 2769 2088 2822 abiero,

135 2834 387 2892 Paraclytus
410 2835 669 2886 nonveniet,
690 2832 743 2877 ad
763 2847 863 2885 vos;
889 2834 924 2877 si
955 2839 1091 2877 autem
1117 2834 1276 2887 abiero,
1303 2835 1467 2877 mittam
1488 2849 1580 2877 eum
1607 2833 1661 2876 ad
1692 2848 1776 2877 vos.

224 2900 331 2944 Non
348 2899 549 2959 oportuit
563 2909 718 2943 autem
734 2899 887 2943 Deum
907 2894 1093 2943 carnem
1110 2899 1436 2958 impassibilem
1457 2910 1501 2944 et
1521 2899 1828 2943 immortalem
1845 2900 2089 2959 suscipere,

137 2966 391 3011 secundum
417 2965 540 3024 quod
573 2965 814 3010 undecima
848 2965 962 3009 ratio
996 2965 1292 3023 proponebat,
1319 2965 1398 3009 sed
1425 2966 1571 3024 magis
1604 2965 1863 3024 passibilem
1896 2976 1941 3010 et
1974 2980 2091 3011 mor-

135 3031 301 3079 talem:
334 3033 484 3090 primo
516 3032 714 3090 quidem,
747 3031 852 3090 quia
884 3032 1191 3076 necessarium
1224 3042 1320 3076 erat
1357 3032 1621 3076 hominibus
1653 3032 1776 3090 quod
1815 3031 2088 3077 beneficium

61 3143 65 3146 .
136 3098 461 3143 incarnationis
487 3108 833 3157 cognoscerent,
860 3109 908 3142 ut
939 3113 994 3142 ex
1019 3099 1110 3142 hoc
1135 3098 1190 3141 ad
1217 3098 1421 3142 divinum
1449 3113 1656 3142 amorem
1682 3098 2086 3144 inflammarentur.

137 3165 356 3225 Oportuit
386 3173 555 3218 autem,
587 3165 643 3208 ad
675 3164 911 3208 veritatem
943 3165 1268 3209 incarnationis
1301 3164 1697 3218 manifestandam,
1730 3164 1852 3223 quod
1892 3163 2087 3211 'carnem

136 3230 334 3276 similem
366 3231 464 3275 aliis
495 3231 757 3275 hominibus
789 3241 1003 3284 sumeret,
1036 3231 1210 3275 scilicet
1236 3231 1497 3289 passibilem
1533 3241 1577 3275 et
1603 3231 1860 3275 mortalem.
1891 3232 1939 3276 Si
1965 3233 2087 3277 enim

135 3297 460 3356 impassibilem
493 3307 539 3341 et
568 3296 877 3341 immortalem
911 3311 1095 3342 carnem
1128 3298 1414 3355 suscepisset,
1439 3298 1588 3341 visum
1619 3297 1777 3341 fuisset
1808 3298 2086 3353 hominibus,

137 3364 214 3422 qui
233 3363 373 3407 talem
405 3377 588 3407 carnem
616 3377 710 3407 non
737 3375 974 3417 noverant,
1001 3365 1123 3423 quod
1153 3364 1336 3422 aliquod
1361 3364 1628 3422 phantasma
1657 3374 1788 3417 esset,
1821 3374 1864 3408 et
1896 3378 1990 3409 non
2015 3380 2087 3409 ve-

135 3430 244 3474 ritas
269 3429 432 3473 carnis.
454 3429 684 3482 Secundo,
701 3429 805 3487 quia
827 3432 1135 3475 necessarium
1162 3429 1244 3473 fuit
1267 3430 1420 3474 Deum
1445 3444 1630 3474 carnem
1657 3444 1902 3484 assumere,
1929 3441 1978 3476 ut
2001 3445 2084 3490 pro

136 3505 326 3556 peccato
352 3495 542 3539 humani
563 3495 742 3553 generis
773 3495 1065 3541 satisfaceret.
1100 3495 1338 3554 Contingit
1370 3506 1523 3540 autem
1550 3510 1689 3540 unum
1718 3511 1800 3557 pro
1833 3497 1924 3542 alio
1956 3499 2085 3544 satis-

64 3603 70 3610 .
136 3561 300 3618 facere,
325 3570 632 3616 utostensum
660 3562 787 3606 estin
815 3561 949 3606 tertio
965 3563 1026 3620 (c.
1059 3563 1192 3621 159.),
1225 3562 1288 3606 ita
1317 3572 1471 3608 tamen
1499 3562 1623 3622 quod
1654 3577 1852 3623 poenam
1879 3577 1961 3624 pro
1985 3578 2084 3626 pec·
