2332 3854
777 178 932 220 mnan
970 178 1027 219 11.
1069 178 1190 219 CAP.
1231 175 1380 218 xttx.
1947 157 2023 217 :18
2030 180 2056 234 3

108 283 307 345 aaseipso
329 291 538 330 movetur
561 282 651 329 nisi
675 282 927 329 secundum
958 292 1156 344 partem3
1182 283 1244 328 ita
1275 281 1448 328 scilicet
1481 280 1603 341 quod
1629 293 1718 325 una
1744 293 1846 339 pars
1878 281 1974 340 ejus
2007 283 2064 327 sit

62 363 318 407 movens,
340 361 385 396 et
416 349 504 395 alia
529 359 668 396 mota.
700 350 960 396 Intellectus
994 360 1147 396 autem
1177 363 1312 410 supra
1344 347 1547 408 seipsum
1579 348 1759 407 agendo
1790 347 2063 394 reflectitur:

64 426 71 477 31
103 417 317 478 intelligit
338 417 462 463 enim
483 418 684 476 seipsum
710 431 804 462 non
838 417 989 463 solum
1016 417 1269 464 secundum
1294 426 1485 478 partem,
1511 416 1591 462 sed
1616 415 1868 460 secundum
1899 425 2061 461 totum.

72 516 79 523 -
98 484 223 539 Non
238 493 308 530 est
331 485 469 544 igitur
494 498 671 543 corpus.

64 551 80 565 ’”
124 561 129 587 i
194 550 383 597 Adhuc:
412 560 537 596 actus
554 551 758 610 corporis
781 552 836 596 ad
855 555 1083 597 actionem
1102 567 1196 598 non
1217 553 1498 606 terminatur,
1523 565 1610 597 nec
1626 560 1780 596 motus
1797 550 1852 596 ad
1869 559 2062 606 motum,

51 650 63 681 5
106 627 157 664 ατ
173 618 226 663 in
251 618 409 678 quinto
432 618 570 677 Phys
597 620 649 677 (t.
677 633 716 664 c.
749 631 814 665 10.
848 628 892 663 et
913 618 1047 676 infra)
1081 630 1148 665 est
1169 620 1423 679 probatum.
1443 619 1579 664 Actio
1607 627 1762 663 autem
1787 618 2063 663 substantiae

57 736 61 737 4
103 682 398 744 intelligentis
431 684 486 729 ad
519 687 747 730 actionem
779 686 1070 731 terminatur:
1103 686 1360 731 intellectus
1402 685 1525 731 enim
1558 687 1675 731 sicut
1704 684 1917 744 intelligit
1948 699 2062 739 rem,

100 751 167 798 ita
190 751 401 811 intelligit
433 766 482 797 se
509 751 775 811 intelligere,
809 761 853 796 et
884 752 947 796 sic
980 754 1026 797 in
1059 753 1298 799 infinitum.
1333 753 1592 798 Substantia
1624 754 1760 811 igitur
1802 751 2063 811 intelligens

55 834 61 857 s
103 831 198 864 non
225 829 294 864 est
315 833 493 877 corpus.

133 896 135 899 ’
194 885 314 931 Hinc
339 895 407 930 est
426 885 548 945 quod
574 899 701 931 sacra
729 886 959 945 Scriptura
985 887 1259 932 substantias
1282 887 1611 932 intellectuales
1629 886 1808 946 spiritus
1829 888 2062 932 nominat:

46 952 70 982 ῑ
104 965 186 1012 per
205 966 343 1013 quem
364 953 557 999 modum
590 954 826 998 consuevit
848 954 1033 998 Deum
1021 968 1347 1013 mcorporeum
1380 956 1635 1009 nominare,
1668 956 1920 1000 secundum
1952 953 2063 999 illud

102 1019 294 1086 (Joann.
326 1020 404 1065 IV.
433 1021 554 1078 24.):
603 1021 718 1065 Deus
748 1022 918 1079 spiritus
947 1028 1001 1066 est
1012 1037 1027 1074 ;
1063 1022 1224 1067 dicitur
1261 1032 1412 1067 autern
1454 1022 1675 1081 (Sapient.
1700 1021 1800 1065 VII.
1838 1026 1954 1079 22.):
1990 1022 2066 1067 Est

45 1143 46 1146 ,
95 1093 242 1133 mutem
263 1088 308 1132 in
329 1087 420 1141 ina,
448 1086 622 1132 scilicet
648 1087 798 1132 divina
830 1088 1066 1147 sapientia,
1098 1090 1266 1148 spiritus
1296 1089 1605 1148 intelligentiae,
1628 1089 1705 1148 qui
1733 1090 1880 1149 capiat
1901 1102 2063 1134 omnes

22 1191 23 1194 ,
43 1204 73 1213 „
100 1154 284 1236 spiritus
304 1153 838 1212 intelligibiles..

21 1262 24 1277 ἶ
59 1273 60 1276 ,
170 1219 279 1266 Per
292 1221 383 1267 hoc
402 1231 552 1266 autern
572 1221 825 1267 excluditur
842 1237 967 1267 error
984 1224 1274 1282 antiquorum
1293 1223 1568 1268 naturalium
1585 1222 1801 1282 (Tertull.
1811 1233 1926 1269 teste
1942 1223 2063 1282 Aug.

39 1287 63 1348 g]
98 1283 175 1333 De
199 1287 375 1334 haeres.
406 1302 451 1332 n.
479 1287 587 1345 86.,)
610 1291 686 1347 qui
717 1288 891 1333 nullam
924 1290 1223 1334 substantiam
1253 1290 1340 1334 nisi
1367 1304 1636 1349 corpoream
1672 1305 1773 1335 esse
1806 1290 2064 1350 ponebant;

20 1359 23 1410 j
47 1351 69 1419 {4
98 1354 223 1400 nde
248 1364 294 1400 et
319 1357 520 1400 animam
543 1355 754 1400 dicebant
780 1370 878 1400 esse
905 1370 1084 1414 corpus,
1107 1356 1181 1401 vel
1208 1359 1377 1416 ignem,
1401 1357 1475 1401 vel
1502 1362 1670 1411 aerem,
1692 1357 1766 1402 vel
1794 1371 1974 1416 aquam,
1991 1356 2065 1401 vel

20 1425 66 1487 fis
101 1421 271 1483 aliquid
297 1422 590 1482 hujusmodi:
624 1437 762 1482 quam
789 1424 972 1483 quidem
1007 1425 1273 1484 opinionem
1305 1425 1351 1468 in
1383 1424 1520 1468 fidem
1555 1425 1847 1470 christianam
1879 1424 2064 1483 quidam

57 1507 63 1521 ··
94 1489 315 1535 :bducere
341 1500 446 1534 sunt
476 1491 643 1545 conati,
669 1490 870 1535 dicentes
905 1491 1108 1536 animam
1134 1505 1232 1536 esse
1261 1505 1423 1551 corpus
1455 1491 1719 1550 effigiatum,
1751 1492 1867 1537 sicut
1899 1505 2064 1551 corpus

19 1572 54 1670 ξ
47 1559 73 1616 }
93 1556 296 1602 euterius
317 1556 576 1616 figuratum.

898 1736 1153 1794 CAPUT
1195 1738 1257 1793 L.

17 1847 21 1854 ‘
65 1851 68 1854 ⁴
220 1873 375 1921 Quon
409 1873 783 1915 sunsTANTmE
815 1874 1303 1915 INTELLECTUALES
1338 1874 1480 1914 suNT
1514 1851 1948 1914 IMMATERIALESJ

43 1954 48 1967 ¹
481 1975 534 2034 (Ι.
556 1983 675 2037 part.
697 1983 820 2037 quest.
844 1977 879 2022 Ι.
904 1983 987 2023 art.
1009 1991 1049 2023 2.
1071 1984 1110 2022 et
1129 1977 1188 2023 ΙΙ.
1213 1977 1323 2022 Sent.
1343 1976 1432 2021 dist.
1450 1991 1486 2036 3.
1511 1982 1591 2021 art'.
1618 1992 1653 2022 1.
1652 1976 1692 2035 ).

96 2096 152 2130 ἐπ’
187 2087 257 2133 Ex
278 2087 370 2133 hoc
397 2098 550 2134 autem
577 2099 759 2148 apparet
775 2089 897 2149 quod
924 2090 1200 2134 substantiae
1224 2088 1557 2134 intellectuales
1579 2098 1683 2133 sunt
1707 2072 2052 2134 immateriales,

102 2152 473 2215 Unumquodque
514 2156 637 2200 enirn
685 2171 739 2201 ex
775 2157 965 2201 materia
1002 2167 1047 2201 et
1090 2156 1239 2201 forma
1281 2156 1605 2215 compositum,
1648 2165 1716 2200 est
1756 2169 1935 2215 corpus.
1978 2155 2062 2198 Di-

30 2275 45 2278 „
71 2232 273 2276 flversas
278 2221 402 2266 enim
427 2221 598 2267 formas
626 2223 817 2268 materia
841 2238 937 2268 non
961 2224 1050 2268 nisi
1075 2223 1327 2268 secundum
1353 2223 1552 2268 diversas
1575 2232 1724 2282 partes
1750 2223 1951 2282 recipere
1977 2236 2056 2281 po-

0 2283 74 2345 'Jssslk
86 2295 210 2335 'ten-
234 2302 352 2348 qnae
377 2289 562 2349 quidem
588 2290 823 2335 diversitas
849 2291 1045 2349 partium
1072 2305 1170 2335 esse
1195 2291 1243 2335 in
1264 2290 1455 2334 materia
1476 2304 1571 2334 non
1597 2299 1760 2350 potest,
1786 2289 1875 2333 nisi
1900 2303 2059 2333 secun·

9 2347 75 2416 ’ξι-ἰ
93 2352 215 2400 dum
237 2357 361 2415 quod
391 2371 471 2416 per
502 2356 811 2402 dimensiones
842 2357 890 2401 in
921 2360 1112 2403 materia
1149 2358 1413 2403 exsistentes
1446 2372 1538 2402 una
1574 2357 1834 2402 communis
1866 2357 2058 2401 materia

67 2417 148 2483 fin
170 2420 321 2482 plures
357 2423 589 2468 dividitur:
623 2425 850 2469 subtracta
886 2425 1012 2470 enim
1047 2425 1311 2485 quantitate,
1348 2425 1598 2469 substantia
1639 2423 1922 2468 indivisibilis
1966 2433 2048 2468 est.

53 2479 354 2545 {ostensum
378 2500 447 2535 est
470 2502 622 2535 autem
657 2492 717 2548 (c.
749 2503 820 2551 49.
824 2492 860 2549 )‚
893 2492 1016 2551 quod
1047 2491 1174 2536 nulla
1207 2491 1456 2537 substantia
1486 2490 1748 2550 intelligens
1775 2500 1842 2535 est
1874 2504 2054 2549 corpus.

9 2551 49 2614 g
101 2553 384 2616 Relinquitur
406 2557 544 2616 igitur
568 2558 691 2617 quod
714 2572 809 2602 non
836 2560 892 2603 sit
917 2573 972 2603 ex
998 2559 1190 2604 materia
1216 2568 1264 2603 et
1287 2558 1437 2602 forma
1470 2558 1740 2617 composita.

187 2622 422 2682 Amplius:
447 2624 566 2669 sicut
588 2625 735 2670 homo
761 2639 856 2670 non
881 2634 950 2670 est
974 2627 1071 2670 sine
1092 2625 1183 2670 hoc
1210 2625 1416 2679 homine,
1443 2625 1506 2669 ita
1531 2625 1725 2669 materia
1756 2638 1851 2669 non
1869 2634 1936 2669 est
1958 2625 2055 2669 sine

8 2714 41 2754 ;
100 2686 190 2734 hac
214 2690 416 2735 materia.
444 2689 680 2750 Quidquid
710 2692 858 2750 igitur·
877 2693 923 2736 in
955 2692 1088 2737 rebus
1121 2702 1189 2737 est
1220 2692 1468 2736 subsistens
1501 2705 1554 2735 ex
1596 2691 1787 2735 materia
1830 2701 1874 2735 et
1905 2690 2055 2735 forma

9 2750 424 2815 ἶξωοωροεὶταιῐι,
449 2769 518 2803 est
547 2759 859 2818 compositum
890 2773 945 2804 ex
977 2759 1170 2804 materia
1203 2769 1248 2803 et
1278 2758 1431 2803 forma
1470 2757 1752 2803 individuali.
1789 2756 2055 2802 Intellectus

9 2816 15 2835 ’
83 2831 262 2869 tutem·
277 2835 548 2884 non-potest
572 2839 671 2870 esse
697 2825 978 2884 compositus
997 2839 1052 2870 ex
1078 2826 1270 2870 materia
1289 2835 1333 2870 et
1357 2824 1508 2869 forma
1534 2823 1827 2869 individuali:
1851 2825 2054 2882 speciem

78 2890 394 2937 vanimi-erum
424 2890 760 2936 intellectarum
790 2891 902 2936 fiunt
933 2891 1243 2951 intelligibiles
1279 2902 1382 2936 actu
1415 2905 1494 2951 per
1525 2891 1617 2936 hoc
1651 2891 1774 2950 quod
1807 2906 1831 2934 a
1864 2891 2056 2935 materia

82 2955 366 3003 individuali
386 2958 728 3013 abstrahuntur3
751 2958 1003 3004 secundum
1027 2969 1180 3003 autem
1202 2958 1324 3018 quod
1347 2968 1452 3002 sunt
1473 2957 1780 3016 intelligibiles
1807 2968 1925 3012 actu,
1943 2957 2058 3003 fiunt

11 3078 18 3083 λ
54 3035 246 3069 unum
270 3038 378 3071 cum
402 3024 659 3079 intellectu,
648 3041 658 3051 ·
685 3025 804 3070 unde
831 3035 876 3070 et
899 3025 1186 3070 intellectum
1207 3023 1395 3084 'oportet
1415 3038 1514 3070 esse
1541 3024 1710 3083 absque
1732 3024 1921 3069 materia
1942 3024 2058 3069 indi-

53 3097 68 3150 ἦ·
103 3089 285 3136 viduali.
310 3091 418 3136 Non
444 3101 513 3136 est
536 3092 674 3151 igitur
698 3092 946 3137 substantia
973 3091 1235 3152 intelligens
1262 3107 1318 3137 ex
1343 3092 1535 3136 materia
1553 3100 1598 3136 et
1617 3090 1767 3135 forma
1785 3090 2058 3149 composita.

8 3147 64 3243 ἷῗένξὲἷ
91 3173 116 3178 ·’
189 3156 375 3203 Adhuc:
403 3158 523 3203 actio
555 3158 794 3218 cujuslibet
819 3173 874 3204 ex
900 3159 1092 3204 materia
1119 3169 1164 3203 et
1187 3158 1340 3203 forma
1372 3158 1620 3235 compositi
1650 3171 1744 3201 non
1778 3167 1845 3202 est
1876 3167 2054 3202 tantum

19 3245 65 3281 ἢ
93 3221 297 3278 formae,
321 3237 407 3269 nec
430 3233 608 3269 tantum
635 3226 866 3279 materiae,
893 3225 972 3271 sed
999 3225 1268 3285 compositi3
1296 3226 1393 3284 ejus
1419 3226 1542 3269 enim
1569 3234 1636 3269 est
1662 3237 1796 3283 agere
1824 3225 1951 3283 cujus
1983 3235 2052 3269 est

54 3301 228 3344 ,cosm
253 3303 352 3335 esse
378 3300 532 3335 autem
557 3301 625 3336 est
649 3292 894 3368 compositi
919 3307 998 3351 per
1013 3291 1233 3337 formam:
1255 3292 1375 3336 unde
1401 3301 1446 3336 et
1471 3290 1780 3367 compositum
1806 3305 1887 3350 per
1913 3300 2055 3336 mate-

20 3363 25 3395 ἰ
60 3354 219 3400 ssriam
244 3366 290 3401 et
312 3355 511 3402 formam
536 3358 642 3416 agit.
670 3358 720 3414 Si
749 3358 887 3416 igitur
916 3359 1167 3404 substantia
1206 3358 1466 3416 intelligens
1497 3357 1556 3402 sit
1589 3357 1844 3415 composita
1876 3371 1932 3402 ex
1963 3371 2056 3402 ma-

104 3421 217 3466 teria
240 3431 287 3468 et
309 3422 472 3478 forma,
497 3411 750 3501 intelligere
775 3425 859 3470 erit
883 3425 1023 3484 ipsius
1051 3425 1309 3502 compositi.
1336 3425 1507 3469 Actum
1530 3433 1684 3468 autem
1709 3424 1977 3471 terminatur
1997 3424 2054 3470 ad

49 3515 58 3522 u
88 3485 276 3548 ,aliquid
304 3489 452 3535 simile
485 3490 657 3550 agenti:
689 3490 810 3536 unde
841 3501 888 3537 et
917 3491 1225 3551 compositum
1258 3505 1480 3550 generans
1511 3504 1606 3535 non
1638 3499 1825 3551 generat
1853 3489 2054 3537 formam

51 3607 54 3610 .
84 3553 189 3600 »ud
210 3555 532 3615 compositum.
557 3555 609 3601 Si
631 3555 768 3616 igitur
791 3556 1051 3617 intelligere
1077 3559 1134 3603 sit
1151 3557 1271 3603 actio
1289 3556 1548 3617 compositi,
1564 3569 1658 3603 non
1674 3557 1952 3619 intelligetur
1966 3571 2053 3604 nec
