2332 3854
251 213 357 268 272
941 212 1098 251 LIBER
1137 213 1192 250 11.
1236 213 1355 251 CAP.
1397 213 1530 252 XCII·

250 325 418 370 autem,
450 315 701 360 dimittatur
725 314 988 359 fortioribus
1014 314 1164 358 dicere
1189 331 1231 358 ».
1253 314 1412 359 Restat
1436 315 1572 374 igitur
1593 317 1926 362 ostendendum
1954 320 2077 379 quod
2103 333 2210 367 sunt

249 381 394 426 multo
422 382 571 441 plure‘s
608 382 884 426 substantiae
926 380 1254 425 intellectuales
1297 395 1323 425 a
1364 381 1628 440 corporibus
1672 394 1907 443 separatae
1951 400 2090 446 quam
2120 388 2210 435 sint

248 460 401 494 motus
428 449 663 494 coelestes.
2092 487 2094 489 ,

338 517 624 560 Substantiae
652 515 773 559 enim
799 512 1130 557 intellectuales
1156 514 1408 559 secundum
1440 529 1574 560 suum
1597 531 1739 576 genus
1764 520 2091 566 transcendunt
2113 534 2210 566 om·

247 597 355 627 nem
382 593 592 627 naturam
623 595 917 639 corpoream3
945 589 1126 638 oportet
1150 581 1288 638 igitur
1319 584 1524 641 accipere
1557 584 1749 642 gradum
1775 584 1821 628 in
1844 586 2085 643 praedictis
2109 589 2212 633 sub·

248 650 435 704 stantiis,
462 649 711 693 secundum
736 647 1039 691 elevationem
1063 661 1220 691 earum
1237 662 1371 707 supra
1389 663 1659 708 corpoream
1675 660 1899 696 naturam.
1921 652 2037 698 Sunt
2054 663 2209 701 aute-m

248 717 474 775 quaedam
499 713 828 758 intellectuales
861 713 1135 759 substantiae
1162 714 1364 760 elevatae
1405 731 1538 775 supra
1580 731 1852 775 corpoream
1893 720 2207 776 substanfi‘am,

247 783 498 827 secundum
527 783 594 825 sui
627 781 805 839 generis
831 790 1043 824 naturam
1074 790 1266 836 tantum,
1299 797 1415 841 quae
1447 794 1602 828 tamen
1630 785 1896 842 corporibus
1918 789 2135 839 uniuntur
2159 798 2210 833 ut

247 849 440 902 formae,
467 859 515 892 ut
541 863 594 891 ex
619 847 877 906 praemissis
905 848 965 904 (e.
999 846 1071 892 68.
1098 858 1142 892 et
1167 848 1260 906 70.)
1287 858 1432 907 patet;
1466 860 1523 904 et,
1565 851 1670 909 quia
1711 865 1809 896 esse
1851 854 2206 900 substantiarum

247 915 624 959 intellectualium
642 914 892 958 secundum
916 928 1049 957 suum
1072 929 1214 973 genus
1236 915 1410 959 nullam
1428 931 1453 960 a
1473 931 1665 976 corpore
1683 918 2032 977 dependentiam
2055 922 2207 978 habet,

249 993 297 1027 ut
329 997 461 1041 supra
494 984 554 1040 (c.
582 983 676 1041 91.)
703 981 945 1040 probatum
972 992 1052 1035 est,
1089 983 1315 1026 invenitur
1356 983 1490 1028 altior
1531 986 1696 1043 gradus
1738 986 1961 1031 dictarum
2001 988 2207 1034 substan-

247 1051 427 1102 tiarum,
454 1063 585 1107 quae,
612 1050 693 1092 etsi
720 1062 814 1091 non
841 1048 1052 1092 uniantur
1094 1050 1359 1108 corporibus
1387 1061 1436 1094 ut
1462 1050 1653 1106 formae,
1697 1062 1801 1097 sunt
1828 1064 1993 1099 stamen
2035 1057 2207 1114 proprii

247 1126 449 1160 motores
477 1116 734 1174 aliquorum
761 1129 1007 1172 corporum
1034 1116 1455 1161 determinatorum.
1484 1117 1702 1162 Similiter
1728 1129 1881 1164 autem
1914 1131 2074 1166 natura
2105 1123 2205 1167 sub-

246 1184 437 1227 stantiae
477 1181 796 1226 intellectualis
837 1196 931 1226 non
965 1182 1188 1241 dependet
1219 1197 1245 1226 a
1282 1184 1529 1238 movendo,
1563 1199 1704 1243 quum
1741 1200 1928 1231 movere
1959 1188 2018 1232 sit
2048 1202 2206 1234 conse-

246 1264 388 1309 quens
415 1250 470 1293 ad
496 1248 795 1308 principalem
821 1263 980 1293 eorum
1014 1250 1347 1307 operationem,
1389 1264 1505 1308 quae
1542 1261 1609 1295 est
1648 1251 1918 1311 intelligere.
1949 1253 2046 1299 Erit
2069 1255 2206 1314 igitur

245 1327 290 1361 et
316 1316 475 1375 aliquis
503 1316 667 1375 gradus
694 1315 828 1359 altior
853 1316 1205 1360 substantiarum
1227 1315 1618 1393 intellectualium,
1645 1333 1760 1376 quae
1786 1333 1880 1364 non
1906 1330 2011 1367 sunt
2035 1322 2207 1381 proprii

246 1394 449 1428 motores
477 1384 735 1459 aliquorum
762 1397 1023 1440 corporum,
1050 1383 1128 1426 sed
1156 1382 1411 1441 superiores
1440 1385 1706 1428 motoribus.

335 1450 569 1508 Amplius.
596 1450 714 1494 sicut
739 1464 878 1508 agens
905 1463 983 1508 per
1009 1459 1219 1493 naturam
1247 1451 1340 1508 agit
1365 1465 1444 1509 per
1470 1465 1600 1495 suam
1626 1451 1825 1496 formam
1852 1453 2124 1511 naturalem,
2144 1455 2207 1500 ita

248 1532 385 1577 agens
411 1532 491 1576 per
515 1517 799 1561 intellectum
827 1517 919 1575 agit
944 1530 1023 1575 per
1048 1515 1247 1561 formam
1274 1517 1546 1572 intellectus,
1573 1528 1622 1562 ut
1647 1529 1770 1576 patet
1794 1519 1841 1563 in
1867 1519 1939 1564 his
1965 1521 2042 1598 qui
2067 1532 2208 1581 agunt

247 1601 326 1644 per
353 1596 511 1629 artem.
546 1585 674 1628 Sicut
698 1584 834 1642 igitur
861 1598 1000 1642 agens
1026 1598 1107 1642 per
1131 1594 1342 1628 naturam
1366 1594 1433 1628 est
1458 1586 1855 1644 proportionatum
1894 1588 2100 1646 patienti,
2141 1603 2207 1632 ra-

245 1653 368 1696 tione
395 1666 503 1696 suae
528 1651 703 1695 formae
731 1649 962 1704 naturalis,
989 1651 1050 1694 ita
1078 1665 1217 1707 agens
1254 1664 1333 1708 per
1379 1651 1660 1695 intellectum
1704 1664 1772 1698 est
1811 1655 2208 1713 proportionatum

244 1719 433 1779 patienti
459 1729 504 1762 et
534 1718 656 1762 facto
689 1732 768 1776 per
802 1716 1001 1761 formam
1041 1716 1312 1771 intellectus,
1355 1727 1405 1761 ut
1444 1717 1619 1763 scilicet
1657 1719 1924 1777 hujUsmodi
1962 1722 2020 1766 sit
2057 1721 2208 1767 forma

249 1785 526 1830 intellectiva
577 1799 692 1843 quae
718 1784 862 1843 possit
886 1784 1040 1827 induci
1065 1798 1143 1842 per
1176 1785 1406 1828 actionem
1443 1785 1617 1843 agentis
1644 1787 1689 1829 in
1716 1787 1956 1831 materiam
1991 1788 2208 1847 recipien·
2222 1786 2227 1788 “

244 1863 352 1898 tem.
381 1853 579 1911 Oportet
602 1852 739 1910 igitur
764 1850 972 1910 proprios
998 1860 1202 1894 motores
1235 1851 1429 1904 orbium,
1457 1853 1532 1910 qui
1559 1866 1638 1910 per
1678 1852 1962 1898 intellectum
2003 1865 2206 1910 movent,

244 1920 283 1964 si
298 1920 345 1963 in
366 1919 456 1963 hoc
484 1919 749 1978 opinionem
772 1917 1030 1961 Aristotelis
1053 1917 1271 1961 sustinere
1295 1917 1524 1972 volumus,
1546 1918 1659 1962 tales
1681 1919 2004 1978 intelligentias
2025 1921 2208 1975 habete,

245 1985 400 2045 quales
427 1996 531 2030 sunt
557 1984 846 2044 explicabiles
873 1999 951 2043 per
974 1993 1126 2027 motus
1155 1984 1349 2037 orbium,
1383 1994 1427 2027 et
1452 1984 1757 2042 producibiles
1777 1986 1824 2029 in
1845 1987 1980 2031 rebus
2003 1988 2210 2032 materia-

243 2054 375 2098 libus.
409 2053 498 2096 Sed
525 2067 660 2111 supra
685 2051 949 2109 hujusmodi
977 2051 1301 2109 conceptiones
1327 2050 1634 2109 intelligibiles
1677 2060 1744 2095 est·
1783 2054 1991 2112 accipere
2033 2053 2207 2114 aliquas

243 2119 616 2174 universaliores;
643 2118 899 2163 intellectus
927 2118 1050 2161 enim
1075 2117 1373 2161 universalius
1393 2118 1690 2176 apprehendit
1706 2117 1879 2164 formas
1895 2130 2046 2165 rerum
2068 2135 2208 2180 quam

243 2187 300 2231 sit
325 2201 425 2231 esse
452 2200 609 2230 earum
640 2186 687 2228 in
714 2185 873 2239 rebus;
900 2184 1019 2228 unde
1044 2184 1253 2228 videmus
1279 2184 1402 2243 quod
1435 2184 1735 2230 universalior
1761 2197 1831 2231 est
1858 2185 2008 2232 forma
2037 2187 2210 2234 intelle-

244 2265 341 2298 ctus
373 2253 641 2312 speculativi
662 2266 799 2311 quam
826 2252 1028 2310 practici,
1056 2261 1100 2295 et
1124 2252 1240 2295 inter
1267 2260 1383 2295 artes
1410 2252 1634 2309 practicas
1676 2252 1977 2301 universalior
2002 2260 2070 2299 est
2095 2257 2206 2302 c'on—

243 2321 393 2380 ceptio
427 2320 531 2364 artis
556 2319 821 2378 imperantis
849 2333 987 2377 quam
1011 2319 1311 2376 exsequentis.
1343 2318 1540 2376 Oportet
1566 2328 1719 2363 autern
1756 2320 2110 2367 substantiarum
2141 2323 2207 2367 in·

241 2387 570 2432 tellectualium
598 2386 764 2445 gradus
792 2386 998 2443 accipere
1040 2385 1293 2429 secundum
1337 2385 1529 2443 gradum
1568 2385 1889 2431 intellectualis
1926 2388 2206 2447 operationis

243 2469 358 2514 quae
386 2464 455 2498 est
475 2454 538 2498 eis
561 2453 755 2512 propria.
785 2452 901 2496 Sunt
926 2452 1062 2511 igitur
1088 2452 1267 2510 aliquae
1293 2452 1569 2496 substantiae
1594 2452 1926 2499 intellectuales
1947 2468 2082 2515 supra
2101 2454 2204 2501 illas

243 2536 359 2581 quae
385 2530 490 2565 sunt
515 2520 686 2579 proprii
713 2528 756 2563 et
782 2519 977 2576 proximi
1004 2529 1207 2562 motores
1234 2519 1641 2562 determinatorum
1674 2520 1868 2566 orbium.

331 2588 520 2633 Adhuc:
555 2586 670 2631 ordo
697 2586 897 2630 universi
928 2585 1108 2644 exigere
1134 2585 1311 2629 videtur
1338 2594 1386 2628 ut
1411 2586 1454 2629 id
1483 2586 1605 2644 quod
1638 2596 1705 2630 est
1747 2586 1794 2630 in
1835 2587 1968 2631 rebus
2008 2587 2207 2634 nobilius

244 2655 432 2700 excedat
458 2654 707 2714 quantitate
731 2652 806 2696 vel
831 2666 1025 2696 numero
1052 2651 1353 2710 ignobiliora;
1379 2651 1655 2710 ignobiliora
1693 2653 1819 2698 enim
1859 2654 2069 2701 videntur
2107 2659 2213 2704 esse

243 2732 428 2782 propter
452 2720 703 2774 nobiliora3
730 2719 850 2764 unde
877 2729 1056 2778 oportet
1083 2719 1204 2777 quod
1231 2719 1472 2773 nobiliora,
1497 2721 1625 2778 quasi
1651 2730 1835 2779 propter
1860 2734 1909 2766 se
1931 2722 2207 2777 exsistentia,

244 2789 601 2847 multiplicentur
627 2797 847 2846 quantum
880 2785 1094 2845 possibile
1123 2795 1213 2840 est;
1242 2795 1285 2829 et
1310 2785 1415 2829 ideo
1442 2785 1650 2830 videmus
1678 2786 1799 2845 quod
1833 2801 2027 2846 corpora
2060 2788 2208 2833 incor-

242 2855 483 2915 ruptibilia,
510 2854 685 2899 scilicet
717 2853 985 2915 coelestia,
975 2868 1021 2896 1n
1053 2862 1230 2896 tantum
1259 2853 1482 2896 excedunt
1515 2852 1785 2911 corporalia,
1807 2853 1982 2913 scilicet
2007 2854 2207 2902 elemen-

241 2923 369 2976 taria,
396 2933 445 2966 ut
475 2923 597 2966 haec
618 2921 747 2980 quasi
771 2935 866 2964 non
889 2920 1087 2963 habeant
1107 2918 1358 2962 notabilem
1379 2919 1683 2984 quantitatem
1708 2921 1756 2963 in
1784 2923 2127 2980 comparatione
2148 2923 2206 2968 ad

240 2990 332 3034 illa.
358 2990 487 3033 Sicut
513 2999 663 3032 autern
688 2986 905 3031 coelestia
938 2999 1131 3043 corpora
1164 2985 1371 3044 digniora
1403 2996 1507 3030 sunt
1539 2986 1907 3042 elementaribus,
1932 2998 1982 3033 ut
2002 2989 2207 3034 incorru-

241 3056 414 3115 ptibilia
440 3053 818 3113 corruptibilibus,
845 3053 905 3096 ita
938 3052 1214 3096 substantiae
1240 3051 1571 3097 intellectuales
1610 3054 1821 3098 omnibus
1853 3055 2132 3114 corporibus,
2156 3065 2207 3101 ut

242 3122 478 3166 immobile
503 3130 546 3165 et
570 3119 873 3164 immateriale
901 3118 1061 3163 mobili
1094 3128 1138 3163 et
1169 3118 1407 3163 materiali.
1434 3118 1669 3164 Excedunt
1695 3120 1831 3179 igitur
1850 3121 1899 3165 in
1922 3135 2118 3168 numero
2142 3122 2207 3167 in-

239 3188 520 3233 tellectuales
548 3187 824 3231 substantiae
852 3195 1085 3244 separatae
1113 3186 1322 3230 omnium
1349 3200 1502 3229 rerum
1525 3187 1829 3232 materialium
1851 3182 2204 3236 multitudinem*

240 3257 347 3301 Non
373 3256 507 3314 igitur
534 3253 983 3313 comprehenduntur
1008 3266 1202 3296 numero
1230 3251 1500 3296 coelestium
1528 3264 1753 3298 motuum

328 3323 469 3366 Item:
494 3321 666 3380 species
694 3335 846 3365 rerum
889 3318 1199 3363 materialium
1217 3332 1309 3362 non
1338 3319 1696 3378 multiplicantur
1726 3334 1807 3380 per
1833 3321 2087 3377 materiam,
2119 3323 2205 3371 aed

241 3403 321 3447 per
352 3388 566 3433 formam
598 3388 793 3432 Formae
836 3397 988 3431 autem
1022 3400 1138 3447 quae
1164 3395 1270 3430 sunt
1296 3396 1419 3430 extra
1453 3389 1694 3432 materiam
1734 3388 1903 3434 habent
1934 3403 2034 3435 esse
2072 3403 2206 3436 com—

241 3456 402 3515 pletius
431 3466 474 3500 et
500 3454 797 3500 universalius
831 3468 969 3514 quam
1002 3453 1179 3499 formae
1206 3467 1321 3512 quae
1354 3463 1459 3498 sunt
1489 3455 1535 3498 in
1562 3455 1778 3511 materia;
1809 3469 1917 3502 nam
1943 3454 2127 3503 ,formae
2153 3457 2203 3503 in

242 3524 431 3567 materia
458 3523 733 3581 recipiuntur
770 3521 1023 3566 secundum
1056 3520 1273 3565 materiae
1315 3521 1628 3580 capacitatem.
1668 3522 1779 3573 *Non
1818 3522 2029 3569 videnum·
2064 3523 2204 3583 igitur

242 3604 341 3637 esse
367 3590 556 3635 minoris
584 3589 883 3635 multitudinis
916 3588 1094 3635 formae
1121 3601 1237 3648 quae
1269 3598 1372 3632 sunt
1399 3598 1524 3634 extra
1555 3590 1812 3646 materiam,
1851 3603 1969 3653 quas
2006 3589 2202 3641 dicimus

2317 2210 2332 2302 amma-³
2316 2128 2332 2205 ”ffss-
2326 2107 2332 2112 .
2330 2073 2332 2076 ,
2327 2022 2330 2025 ⁴
