2332 3854
240 226 349 297 486
898 240 1053 278 Lmen
1092 239 1168 277 111.
1211 239 1330 278 cap,
1373 239 1539 278 cxxx.

237 342 482 387 hominurn
515 342 723 386 dilectio:
756 356 864 385 narn
898 342 973 400 qui
1005 355 1110 385 vere
1142 340 1289 400 diligit
1320 340 1534 400 aliquem,
1561 340 1706 400 diligit
1727 354 1781 385 ea
1806 353 1923 400 quae
1945 341 2196 400 sunt-eiust

241 409 392 453 omnis
419 420 571 453 autem
597 410 742 452 homo
780 418 847 452 est
886 408 1015 451 alteri
1055 408 1184 467 quasi
1219 408 1446 467 quaedam
1470 407 1627 466 imago
1653 408 1764 466 ejus,
1798 417 1842 451 et
1872 406 2008 452 valde
2035 417 2198 467 ponens

239 475 340 571 ipso
372 475 473 519 frui.
509 476 706 534 Oportet
736 475 872 547 igitur
905 484 953 518 ut
985 475 1059 533 qui
1086 474 1233 532 diligit
1263 475 1431 528 Deum,
1458 474 1615 533 diligat
1646 475 1784 518 etiam
1814 473 2090 533 proximum.
2144 497 2146 501 ν

291 541 560 600 Amplius:
596 551 776 599 oportet
809 540 984 584 amicos
1010 541 1057 583 in
1079 539 1314 585 voluntate
1341 541 1634 585 concordare.
1656 541 1785 584 Deus
1807 549 1962 585 autem
1986 540 2198 587 homines

239 608 385 666 diligit
410 609 526 652 sicut
551 622 632 651 sua
661 621 814 665 opera,
840 607 886 650 in
914 607 1074 665 quibus
1100 621 1147 651 se
1153 607 1302 665 ipsum
1335 608 1518 666 praebet
1551 607 1813 651 fruendum:
1847 606 2032 652 dilectio
2059 606 2200 667 igitur

239 675 327 718 Dei
359 675 496 718 etiam
529 674 729 717 hominis
763 673 1063 717 dilectionem
1088 674 1287 732 requirit.
2100 690 2157 719 :53

329 741 447 783 Hinc
481 752 549 783 est
579 741 702 798 quod
736 740 898 783 dicitur
929 741 984 798 (Ι.
1013 740 1142 797 Joan.
1170 741 1248 785 IV.
1272 741 1388 798 21.:)
1421 742 1515 785 Hoc
1547 739 1793 784 mandatum
1818 740 2029 794 habemus,
2058 710 2200 799 utqui

240 807 379 865 diligit
401 808 555 859 Deum,
590 806 736 864 diligat
767 813 805 851 et
820 807 1006 865 fratrem
1031 822 1185 859 suum;
1209 817 1254 851 et
1284 807 1436 865 (Joan.
1463 807 1564 850 XV.
1597 808 1710 863 12.):
1731 807 1828 852 Hoc
1853 813 1910 852 est
1925 813 2199 867 praeceptum

237 889 390 928 meum,
417 880 462 917 ut
483 874 665 931 diligatis
696 875 891 927 invicem,
923 876 1029 918 sicut
1060 874 1188 919 dilexi
1206 889 1295 919 vos.

326 942 456 984 Patet
487 951 640 984 autern
673 955 727 985 ex
759 941 1016 1000 praedictis,
1049 942 1172 1000 quod
1211 941 1395 986 dilectio
1429 940 1594 985 sufficit
1626 940 1682 984 ad
1725 954 1864 999 opera
1900 940 2101 999 iustitiae
2132 939 2199 986 :fa-

237 1008 413 1052 cienda.
446 1007 581 1059 Unde
625 1009 781 1052 omnia
820 1018 1062 1067 praecepta
1093 1007 1223 1066 legis,
1255 1022 1371 1067 quae
1405 1008 1673 1052 ordinantur
1715 1007 1772 1051 ad
1817 1006 2054 1066 justitiam,
2084 1007 2199 1051 ordi·

235 1086 400 1119 nantur
439 1075 578 1119 etiam
611 1075 666 1118 ad
708 1075 1018 1129 dilectionem,
1052 1085 1235 1134 propter
1277 1076 1400 1134 quod
1446 1074 1607 1119 dicitur
1639 1074 1694 1130 (I.
1730 1072 1857 1118 Tim.
1870 1073 1933 1117 ’.Ι
1955 1073 2036 1131 5)
2067 1074 2201 1119 Finis

228 1145 440 1203 praecepti
471 1145 625 1187 caritas
655 1150 724 1187 est.
1903 1169 1905 1171 -

325 1210 452 1254 Facit
483 1219 636 1253 autem
670 1209 831 1285 aliquis
866 1209 1060 1268 amplius
1094 1209 1292 1263 dilectio,
1326 1223 1465 1268 quam
1496 1208 1692 1266 justitiae
1725 1207 1942 1262 debitum,
1978 1216 2043 1251 et
2058 1217 2200 1266 quan-

236 1287 341 1321 tum
369 1277 424 1320 ad
456 1276 562 1330 hoc,
597 1276 720 1335 quod
751 1277 936 1335 instigat
969 1276 1024 1320 ad
1057 1277 1310 1335 promptius
1353 1275 1651 1333 operandum,
1686 1283 1730 1318 et
1761 1279 1979 1332 quantum
2021 1274 2078 1318 ad
2101 1273 2200 1319 hoc

236 1345 359 1402 quod
390 1334 564 1387 inducit
596 1344 652 1387 ad
690 1343 1053 1387 subveniendum
1099 1342 1204 1397 illis,
1239 1343 1398 1402 quibus
1437 1356 1532 1386 non
1574 1351 1783 1385 tenemur
1825 1355 1879 1385 ex
1907 1340 2105 1399 justitiae
2129 1339 2202 1387 de·

233 1411 358 1464 bito;
392 1420 435 1454 et
467 1410 605 1454 etiam
637 1411 683 1453 in
717 1410 878 1468 quibus
912 1410 976 1454 eis
1009 1423 1104 1454 non
1126 1420 1349 1463 tenemur,
1372 1409 1480 1453 licet
1501 1409 1558 1452 sit
1575 1409 1708 1452 nobis
1734 1407 1790 1451 ad
1813 1421 1894 1452 eos
1920 1407 2071 1467 aliqua
2096 1420 2202 1453 con·

233 1477 433 1536 juncti03
462 1487 505 1520 et
530 1476 718 1520 ulterius
735 1477 781 1520 in
809 1487 1030 1535 quantum
1058 1476 1114 1520 ad
1139 1477 1246 1530 hoc,
1273 1476 1395 1535 quod
1414 1490 1461 1520 se
1484 1475 1683 1520 extendit
1708 1475 1765 1518 ad
1781 1473 1885 1520 illos
1907 1487 2014 1519 cum
2039 1473 2200 1533 quibus

234 1543 359 1587 nulla
393 1553 461 1588 est
490 1544 623 1587 nobis
654 1544 701 1587 in
733 1543 826 1587 vita
859 1543 1150 1602 conjuncti03
1182 1544 1328 1587 immo
1357 1543 1495 1587 etiam
1523 1542 1578 1586 ad
1599 1541 1704 1586 illos
1730 1541 1808 1600 qui
1834 1541 2049 1594 contrarii
2068 1539 2200 1592 nobis

234 1622 352 1665 sunt,
373 1612 420 1654 in
448 1621 669 1670 quantum
695 1609 909 1654 fundatur
934 1613 980 1654 in
1003 1610 1249 1654 dilectione
1276 1610 1442 1664 divina,
1469 1624 1584 1668 quae
1612 1608 1668 1652 ad
1694 1621 1864 1653 omnes:
1882 1608 2097 1655 homines
2117 1616 2199 1653 eat.

324 1677 381 1722 Et
411 1677 516 1721 inde
551 1687 633 1730 est,
666 1677 788 1735 quod
821 1677 984 1720 dicitur
1015 1677 1172 1734 (Rom.
1206 1677 1328 1721 XIII.
1363 1678 1451 1733 10.)
1495 1675 1618 1735 quod
1642 1674 1984 1735 plenitudolegis
2021 1680 2077 1720 est
2098 1674 2201 1722 dila-

236 1746 316 1790 ctio
333 1760 350 1797 ;
385 1745 440 1788 ad
473 1759 611 1803 quam
643 1743 974 1803 plenitudinem
1005 1744 1338 1789 insinuandam.
1360 1743 1522 1788 dantur
1553 1743 1687 1786 nobis
1719 1757 1745 1786 a
1765 1742 2134 1802 Deotpraecepta
2154 1739 2220 1787 et*

235 1811 428 1856 consilia
460 1812 515 1855 de
558 1812 769 1870 operibus
811 1811 1167 1864 misericordiae,
1201 1811 1255 1854 de
1293 1810 1537 1854 dilectione
1586 1809 1984 1863 inimicorumset
2011 1808 2199 1855 sulmon-

232 1879 360 1923 tione
387 1892 563 1932 eorum,
596 1887 640 1922 et
671 1879 727 1922 de
759 1877 857 1922 aliis
884 1878 1150 1936 hujusmodi
1180 1891 1296 1936 quae
1329 1877 1463 1936 supra
1495 1876 1714 1935 justitiam
1746 1875 1991 1920 abundant.
2128 1898 2130 1900 v

327 1945 450 1997 Quia
476 1959 586 1989 vero
606 1955 850 2005 praecepta
866 1945 1064 2003 justitiae
1091 1958 1206 2003 quae
1238 1954 1343 1988 sunt
1368 1958 1502 2002 supra
1520 1943 1668 2002 posita
1686 1941 1981 1988 dilectionem
1996 1941 2194 2002 proximi

194 2064 200 2068 .
232 2012 478 2071 requirunt,
506 2026 622 2070 quae
649 2026 702 2056 ex
729 2011 975 2056 dilectione
1001 2011 1090 2055 Dei
1112 2011 1360 2070 dependet,
1383 2011 1480 2055 sine
1507 2025 1610 2069 qua,
1642 2010 1883 2054 recedente
1908 2009 1997 2054 fide
2029 2018 2075 2054 et
2104 2013 2202 2068 s'pe,'

234 2094 330 2123 non
362 2089 513 2137 potest
544 2093 674 2123 mens
705 2079 909 2122 humana
942 2078 1093 2122 debito
1127 2079 1268 2122 modo
1301 2079 1347 2122 in
1380 2078 1532 2122 Deum
1564 2078 1773 2131 tendere;
1805 2076 2097 2121 manifestum
2132 2086 2200 2121 est

235 2147 358 2205 quod
392 2145 639 2204 praemissa
666 2145 722 2190 de
754 2146 1025 2190 necessitate
1059 2146 1113 2189 ab
1145 2145 1334 2189 homine
1362 2145 1650 2203 requiruntur
1674 2145 1737 2188 ita
1755 2143 1905 2203 quod,
1919 2144 1985 2188 eis
2009 2152 2201 2203 praeter·

234 2213 398 2266 missis,
432 2213 576 2257 homo
611 2212 665 2256 ab
700 2213 872 2266 ordine,
906 2212 983 2271 qui
1023 2221 1089 2256 est
1123 2213 1178 2256 ad
1211 2213 1379 2266 Deum,
1411 2211 1612 2256 totaliter
1643 2220 1886 2270 separetur.
1913 2211 2020 2255 Vita
2045 2218 2199 2255 autem

233 2280 436 2323 hominis
478 2279 642 2323 dicitur
673 2293 772 2324 esse
804 2279 1056 2323 secundum
1082 2279 1219 2323 finem
1255 2279 1310 2322 ad
1343 2293 1480 2337 quem
1514 2278 1761 2322 ordinatur.
1794 2278 1916 2322 Nam
1948 2277 2029 2336 qui
2057 2275 2199 2322 finem

231 2349 351 2392 vitae
392 2361 501 2390 suae
533 2347 579 2390 in
611 2346 918 2404 voluptatibus
952 2348 1245 2399 constituunt,
1274 2347 1483 2390 dicuntur
1510 2359 1645 2404 agere
1670 2346 1813 2389 vitam
1843 2344 2198 2404 voluptuosam:

234 2414 312 2473 qui
345 2423 499 2458 autem
531 2413 672 2457 finem
715 2428 849 2457 suurn
887 2413 934 2456 in
978 2413 1367 2471 contemplatione
1408 2412 1609 2457 veritatis
1659 2412 1955 2465 constituunt,
1989 2408 2200 2457 dicuntur

232 2481 362 2539 sequi
393 2481 536 2524 vitam
578 2479 1012 2539 contemplativam:
1046 2480 1165 2523 unde
1199 2489 1243 2524 et
1279 2481 1354 2538 qui
1388 2479 1526 2523 finem
1560 2493 1694 2523 suum
1726 2480 1773 2523 iu
1798 2478 2014 2524 fruitione
2046 2478 2211 2522 divina·

236 2547 532 2601 constituunt,
558 2547 649 2591 vita
682 2561 843 2591 eorum
877 2557 944 2591 est
969 2547 1071 2590 Deo
1096 2547 1356 2591 adhaerere.
1380 2547 1507 2591 Haec
1534 2556 1687 2590 autem
1719 2555 1787 2590 est
1817 2545 2083 2605 simpliciter
2105 2544 2197 2589 vita

232 2614 459 2659 hominis:
493 2629 601 2658 nam
629 2614 684 2658 ad
715 2614 838 2658 hunc
876 2614 1016 2658 finem
1043 2614 1189 2658 homo
1222 2613 1487 2658 naturaliter
1519 2613 1764 2667 ordinatur,
1796 2622 1847 2657 ut
1876 2626 2014 2672 supra
2052 2621 2205 2657 osten-2

232 2695 334 2725 sum
363 2691 431 2726 est
456 2681 576 2739 (Lib.
598 2681 676 2725 111.
706 2695 744 2725 c.
776 2682 880 2740 37.).
913 2681 979 2724 Ex
1007 2681 1105 2725 aliis
1139 2691 1293 2725 autem
1323 2680 1487 2725 finibus
1521 2681 1746 2739 dependet
1774 2681 1869 2724 vita
1900 2678 2103 2724 hominis
2134 2692 2199 2724 se·

234 2748 438 2792 cundum
472 2748 607 2807 quid;
639 2750 686 2792 in
718 2758 940 2806 quantum
974 2747 1051 2791 alii
1081 2747 1194 2792 fines
1225 2762 1319 2791 non
1361 2757 1465 2792 sunt
1500 2747 1680 2791 homini
1708 2746 1914 2805 impositi
1938 2755 2199 2800 exnatura,

233 2815 312 2859 sed
346 2830 399 2859 ex
434 2816 672 2859 electione.
709 2815 831 2859 Cum
879 2815 1015 2891 igitur
1051 2825 1176 2859 mors
1209 2815 1328 2858 vitae
1371 2825 1643 2873 opponatur,
1676 2828 1802 2858 mors
1834 2813 2061 2873 quaedam
2103 2811 2196 2857 ho-

234 2882 370 2926 minis
405 2892 484 2936 est,
512 2896 618 2925 cum
653 2882 705 2926 ab
734 2882 894 2926 ordine
914 2883 990 2940 qui
1008 2892 1075 2926 est
1098 2882 1154 2925 ad
1171 2883 1324 2926 Deum
1341 2891 1584 2941 separatur.
1615 2881 1749 2925 Unde
1766 2890 1811 2925 et
1832 2890 2020 2940 peccata
2036 2879 2198 2939 quibus

232 2949 380 2992 homo
408 2964 433 2992 a
458 2948 538 2993 tali
556 2949 714 2993 ordine
733 2949 898 3002 deficit,
918 2949 1128 2992 dicuntur
1145 2959 1334 3008 peccata
1357 2949 1599 3002 mortalia3
1626 2959 1671 2993 et
1694 2947 1773 2992 illa
1790 2947 1904 3007 legis
1921 2948 2198 2992 documenta

232 3016 396 3074 quibus
415 3016 470 3059 ad
496 3016 721 3074 promissa
746 3016 958 3074 justitiae,
987 3016 1199 3070 caritatis,
1221 3017 1317 3075 spei
1336 3026 1379 3060 et
1394 3015 1499 3059 fidei
1517 3016 1728 3060 homines
1750 3014 2033 3074 obligantur,
2046 3014 2199 3059 dicun·

231 3092 304 3126 tur
331 3092 572 3141 praecepta
597 3082 672 3127 vel
698 3083 1042 3142 prohibitiones,
1071 3083 1174 3141 quia
1202 3092 1304 3127 sunt
1331 3083 1386 3126 de
1412 3083 1684 3127 necessitate
1710 3082 2011 3128 observanda.
2118 3125 2122 3129 Δ

325 3150 454 3194 Sicut
480 3160 633 3194 autem
661 3150 716 3193 ad
743 3150 834 3194 hoc
869 3151 990 3209 quod
1025 3164 1155 3194 mens
1177 3149 1376 3193 feratur‘
1366 3164 1412 3193 m
1436 3151 1588 3194 Deum
1609 3147 1867 3194 necessaria
1879 3158 1952 3194 est
1971 3162 2058 3208 pax
2081 3161 2199 3208 quae

235 3225 304 3260 est
336 3217 391 3260 ad
424 3219 659 3276 proximos
694 3231 800 3261 curn
834 3218 994 3276 quibus
1020 3217 1165 3261 homo
1193 3217 1328 3261 debet
1354 3217 1598 3261 convivere
1621 3227 1667 3261 et
1682 3217 1737 3261 ab
1758 3217 1832 3261 eis·
1850 3216 2012 3276 juvari,
2035 3215 2201 3262 itane.

235 3285 431 3328 cessaria
465 3294 533 3329 est
565 3284 620 3329 ad
652 3285 743 3328 hoc
775 3300 863 3344 pax
894 3285 1072 3329 homini
1105 3294 1327 3343 quantum
1360 3284 1415 3327 ad
1450 3298 1502 3328 ea
1533 3297 1649 3343 quae
1675 3292 1781 3328 sunt
1803 3283 1850 3328 in
1874 3283 2041 3343 seipso.
2064 3281 2198 3328 Unde

234 3361 567 3410 consequenter
599 3352 983 3396 considerandum
1008 3351 1186 3395 videtur
1211 3351 1390 3396 homini
1417 3351 1609 3410 qualiter
1631 3351 1796 3397 mentis
1818 3350 2055 3410 quiessem
2079 3356 2198 3396 m

232 3418 429 3477 quillitas
455 3419 739 3478 impediatur,
773 3429 817 3463 et
842 3419 1034 3478 qualiter
1060 3418 1211 3462 divina
1238 3418 1340 3477 lege
1371 3419 1700 3477 impedimenta
1724 3422 2062 3464 removeantur.

323 3485 401 3529 Est
419 3496 570 3530 autem
599 3486 996 3541 considerandum,
1020 3485 1142 3545 quod
1169 3499 1299 3530 mens
1326 3485 1572 3544 impeditur
1597 3485 1843 3545 quominus
1867 3484 2006 3530 libere
2030 3483 2197 3530 feratur

235 3551 282 3595 in
315 3552 469 3596 Deum
502 3553 752 3613 dupliciter.
782 3554 888 3598 Uno
916 3554 1073 3608 modo,
1100 3567 1180 3613 per
1211 3553 1301 3597 hoc
1334 3554 1456 3612 quod
1485 3553 1599 3598 aliae
1626 3553 1862 3613 potentiae
1883 3551 2123 3598 Maitores
2148 3552 2195 3597 in

236 3619 326 3663 suis
372 3620 543 3664 actibus
583 3620 889 3665 intenduntur.
925 3621 1047 3665 Cum
1081 3620 1202 3665 enim
1236 3634 1326 3664 una
1366 3620 1570 3679 potentia
1611 3621 1657 3664 in
1689 3633 1774 3665 suo
1806 3627 1909 3665 actu
1929 3619 2195 3675 τοδοτεωὲτ,

2328 1453 2332 1462 .

2327 1488 2332 1497 2

2320 1567 2332 1597 ό.

2318 1599 2332 1629 ἑ,

2318 1631 2332 1676 ἒ

2316 1677 2332 1718 ,ji

2317 1716 2332 1756 Ξ.

2323 1827 2332 1870 {⁶}

2327 1952 2332 1991 :

2326 2016 2332 2034 ἷ
