2332 3854
343 224 445 278 124
1046 223 1201 260 LIBER
1239 221 1296 260 11.
1338 221 1460 260 CAP.
1499 220 1573 260 vl.

332 325 465 369 nobis
492 334 579 380 est;
607 334 734 370 actus
760 334 912 369 autem
936 324 1128 369 actionis
1154 323 1429 382 principium
1455 332 1535 367 est.
1564 321 1724 375 Quum
1754 322 1892 382 igitur
1923 337 2003 383 per
2028 331 2185 380 actum
2207 325 2291 384 -qui

331 392 380 435 in
405 392 536 436 nobis
560 402 640 446 est,
666 393 893 451 possimus
915 405 1009 435 non
1035 389 1185 434 solum
1212 391 1258 434 in
1287 391 1489 434 actiones
1511 389 1567 434 in
1597 389 1730 434 nobis
1754 399 2007 443 manentes,
2039 389 2156 435 sicut
2185 401 2291 436 sunt

331 459 584 518 intelligere
607 469 649 503 et
674 459 806 514 velle,
830 459 908 503 sed
935 458 1072 502 etiam
1093 457 1141 500 in
1168 457 1371 502 actiones
1397 471 1512 517 quae
1538 457 1585 501 in
1607 457 1830 502 exteriora
1850 457 2054 512 tendunt,
2076 470 2155 516 per
2177 471 2289 517 quas

333 526 484 585 aliqua
508 526 628 570 facta
649 526 958 585 producimus,
985 523 1130 568 multo
1156 524 1305 584 magis
1330 525 1457 570 Deus
1483 534 1646 584 potest,
1678 539 1758 583 per
1788 524 1880 568 hoc
1913 524 2036 583 quod
2068 533 2186 577 actu,
2205 533 2287 579 est,

331 607 425 636 non
452 592 603 636 solum
628 592 881 650 intelligere
914 601 958 635 et
989 590 1121 645 velle,
1155 592 1234 636 sed
1266 593 1404 636 etiam
1436 592 1687 651 producere
1715 590 1954 648 effectum;
1980 601 2025 637 et
2049 591 2114 636 sic
2139 601 2291 652 potest

332 658 430 703 aliis
458 674 555 703 esse
582 673 718 703 causa
745 658 935 702 essendi.

420 726 538 770 Hinc
566 735 631 770 est
658 725 780 784 quod
804 725 966 770 dicitur
992 725 1095 784 (Job
1122 724 1178 769 V.
1205 725 1294 786 9.)':
1323 726 1414 783 Qui
1441 726 1546 784 facit
1571 740 1725 786 magna
1749 732 1786 786 ei
1810 725 2030 772 mirabilia
2060 731 2100 772 et
2127 725 2289 772 inscru-

332 793 479 838 tabilia
500 794 648 851 absque
673 807 859 838 numero.

1096 970 1349 1027 CAPUT
1390 971 1518 1027 VII.

554 1105 752 1153 QUOD
812 1105 1194 1146 POTENTIA
1251 1107 1526 1146 ACTIVA
1584 1106 1699 1145 SIT
1757 1106 1826 1146 IN
1882 1105 2058 1146 ΠΕΟ.

666 1207 720 1263 (Ι.
733 1213 848 1267 part.
867 1214 1019 1266 quaest.
1038 1207 1173 1252 XXV.
1191 1214 1273 1253 art.
1286 1223 1321 1253 1.
1340 1214 1379 1253 et
1394 1208 1461 1252 De
1469 1214 1559 1266 pot.
1577 1213 1729 1266 quaest.
1742 1222 1778 1252 1.
1794 1213 1879 1253 art.
1895 1208 1968 1267 L).

415 1317 483 1360 Ex
512 1316 604 1360 hoc
638 1326 791 1361 autem
824 1327 1011 1377 apparet
1043 1318 1164 1378 quod
1195 1318 1322 1363 Deus
1355 1327 1422 1362 est
1452 1327 1630 1378 potens,
1657 1327 1702 1362 et
1727 1317 1849 1377 quod
1886 1317 1927 1362 ei
1964 1316 2288 1363 convenienter

327 1384 530 1443 potentia
559 1383 706 1429 activa
733 1385 999 1430 attribuitur.

417 1451 629 1496 Potentia
655 1452 778 1496 enim
805 1452 953 1496 activa
970 1462 1038 1497 est
1063 1452 1336 1512 principium
1365 1452 1566 1512 agendi
1555 1467 1602 1496 1n
1629 1451 1765 1506 aliud,
1792 1451 2044 1514 secundum
2069 1451 2193 1529 quod
2219 1461 2287 1496 est

329 1517 465 1562 aliud.
501 1519 605 1563 Deo
633 1529 787 1563 autem
814 1520 1029 1564 convenit
1054 1534 1153 1565 esse
1180 1520 1278 1565 aliis
1304 1520 1579 1580 principium
1606 1519 1808 1575 essendi;
1835 1531 1945 1578 ergo
1972 1509 2187 1564 convenit
2202 1518 2286 1564 sibi

328 1599 426 1630 esse
448 1595 697 1644 potentem.

418 1653 654 1712 Amplius:
689 1654 805 1698 sicut
835 1654 1039 1713 potentia
1077 1654 1256 1714 passiva
1296 1655 1498 1714 sequitur
1542 1668 1634 1699 ens¹
1654 1653 1704 1698 in
1738 1654 1956 1712 potentia,
1990 1651 2054 1699 ita
2083 1653 2287 1713 potentia

333 1720 480 1764 activa
507 1722 707 1779 sequitur
734 1735 814 1765 ens
838 1722 886 1765 in
913 1731 1040 1776 actu3
1066 1722 1425 1781 unumquodque
1452 1722 1574 1765 enim
1601 1735 1654 1765 ex
1678 1721 1773 1764 hoc
1804 1721 1898 1779 agit
1922 1719 2045 1781 quod
2072 1730 2140 1765 est
2165 1729 2284 1775 actu,

330 1787 496 1845 patitur
516 1802 626 1832 vero
655 1802 707 1832 ex
726 1801 781 1832 eo
800 1788 923 1847 quod
945 1798 1013 1832 est
1037 1790 1252 1848 potentia.
1282 1789 1373 1833 Sed
1399 1789 1501 1832 Deo
1520 1788 1733 1833 convenit
1754 1801 1852 1833 esse
1874 1797 2002 1842 actu3
2027 1787 2166 1846 igitur
2182 1801 2287 1835 con·

324 1855 449 1898 venit
474 1855 557 1899 sibi
582 1856 786 1914 potentia
816 1856 976 1900 activa.

414 1922 603 1968 Adhuc:
629 1923 779 1967 divina
805 1923 1022 1982 perfectio
1050 1923 1257 1968 omnium
1285 1923 1585 1983 perfectiones
1611 1923 1658 1967 in
1684 1937 1732 1967 se
1757 1921 1961 1976 includit,
1987 1931 2037 1967 ut
2060 1922 2108 1966 in
2133 1917 2283 1983 primo

325 1990 386 2046 (c.
415 1990 507 2046 28.)
542 2000 776 2035 ostensum
795 2001 874 2035 est.
898 1990 1054 2035 Virtus
1073 2002 1226 2035 autem
1244 1992 1390 2036 activa
1416 1991 1472 2035 de
1498 1990 1776 2050 perfectione
1803 1990 1869 2035 rei
1894 2000 1984 2045 est;
2001 1990 2285 2052 unumquod-

322 2070 409 2114 que
433 2057 556 2100 enim
580 2066 709 2101 tanto
732 2058 919 2116 majoris
945 2058 1119 2103 virtutis
1139 2059 1380 2113 invenitur,
1407 2067 1577 2118 quanto
1603 2057 1844 2117 perfectius
1870 2066 1951 2103 est.
1969 2056 2124 2102 Virtus
2147 2057 2286 2118 igitur

323 2123 470 2167 activa
491 2124 595 2168 Deo
620 2139 716 2169 non
741 2134 891 2183 potest
912 2125 1082 2170 deesse.

410 2191 673 2237 Praeterea:
702 2206 841 2237 omne
864 2193 987 2252 quod
1015 2192 1106 2251 agit
1128 2203 1288 2252 potens
1309 2203 1376 2237 est
1398 2207 1558 2252 agere3
1580 2207 1689 2237 nam
1707 2191 1829 2252 quod
1845 2206 1941 2237 non
1956 2200 2108 2252 potest
2133 2205 2283 2252 agere,

320 2258 604 2317 impossibile
632 2255 706 2303 est'
725 2273 885 2318 agere3
913 2270 957 2304 et
984 2259 1106 2318 quod
1131 2259 1414 2319 impossibile
1442 2270 1509 2304 est
1535 2274 1684 2319 agere,
1707 2273 1894 2304 necesse
1920 2269 1988 2304 est
2011 2273 2106 2304 non
2133 2273 2281 2319 agere.
2328 2314 2332 2318 p

320 2325 447 2369 Deus
471 2335 623 2370 autem
642 2336 709 2371 est
730 2341 869 2386 agens
897 2336 941 2371 et
961 2341 1168 2381 movens,
1187 2338 1235 2372 ut
1251 2342 1386 2387 supra
1404 2327 1524 2385 (Lib.
1542 2328 1576 2371 Ι.
1596 2342 1634 2373 c.
1667 2328 1753 2387 13.)
1783 2337 2017 2372 ostensum
2039 2337 2120 2372 est.
2140 2327 2284 2386 Igitur
2331 2347 2332 2350 ¹

320 2403 483 2451 potens
501 2403 568 2437 est
585 2407 736 2452 agere,
755 2404 799 2438 et
814 2394 1018 2452 potentia
1036 2395 1078 2438 ei
1095 2396 1418 2440 convenienter
1436 2395 1702 2439 adscribitur
1715 2395 1876 2450 activa,
1889 2394 1969 2439 sed
1981 2394 2281 2455 nonpassiva.

409 2460 527 2504 Hinc
556 2471 623 2505 est
648 2461 770 2520 quod
797 2463 843 2506 in
869 2460 990 2505 Psal.
1014 2461 1309 2507 LXXXVIII.
1337 2476 1378 2522 9.
1406 2462 1593 2507 dicitur:
1623 2463 1768 2507 Potens
1793 2477 1846 2517 es,
1873 2462 2056 2507 Domine
2064 2475 2084 2520 ;
2105 2470 2151 2507 et
2176 2460 2283 2506 alibi

319 2526 460 2584 (Psal.
489 2527 626 2572 LXX.
660 2528 724 2572 18.
760 2528 868 2588 19.):
898 2529 1134 2574 Potentiam
1161 2535 1276 2574 tuam
1302 2536 1340 2574 et
1359 2530 1569 2588 justitiam
1589 2535 1706 2575 tuam
1727 2530 1843 2575 Deus
1866 2543 1993 2588 usque
2010 2530 2056 2574 in
2074 2528 2277 2575 altissima

320 2609 424 2653 quae
439 2595 580 2653 fecisti
599 2596 828 2654 magnalia.

1078 2774 1333 2831 CAPUT
1371 2775 1527 2831 VIII.

440 2911 640 2958 QUOD
700 2912 795 2950 DEI
849 2912 1234 2953 POTENTIA
1290 2912 1404 2951 SIT
1452 2911 1610 2966 EJUS
1664 2911 2153 2955 SUBSTANTIA.

556 3013 612 3070 (Ι.
631 3019 747 3073 part.
771 3020 923 3072 quaest.
943 3014 1078 3058 XXV.
1102 3020 1183 3060 art.
1204 3030 1238 3059 Ι.
1262 3015 1329 3059 De
1345 3020 1432 3074 pot.
1459 3019 1610 3072 quaest.
1641 3025 1679 3057 1.
1706 3019 1789 3059 art.
1810 3029 1848 3059 1.
1869 3012 1924 3059 ad
1943 3013 2019 3073 5).

406 3123 472 3168 Ex
497 3125 589 3169 hoc
617 3135 771 3170 autem
797 3125 983 3171 ulterius
1012 3126 1226 3171 concludi
1250 3136 1401 3186 potest
1426 3127 1549 3187 quod
1575 3127 1727 3172 divina
1751 3125 1957 3186 potentia
1981 3125 2041 3172 sit
2063 3125 2163 3187 ipsa
2187 3125 2278 3172 Dei

315 3191 580 3236 substantia.

406 3258 617 3304 Potentia
633 3260 757 3305 enim
775 3260 923 3305 activa
945 3261 1165 3320 competit
1183 3261 1333 3323 alicui,
1350 3262 1602 3306 secundum
1620 3261 1742 3321 quod
1761 3270 1830 3307 est
1841 3270 1958 3307 actu.
1975 3260 2102 3306 Deus
2123 3259 2276 3306 autem

318 3337 388 3370 est
415 3338 539 3372 actus
566 3328 687 3386 ipse;
712 3342 808 3373 non
834 3338 988 3374 autem
1015 3338 1082 3374 est
1108 3343 1187 3373 ens
1215 3339 1318 3373 actu
1344 3342 1424 3388 per
1450 3328 1648 3388 aliquem
1672 3339 1840 3374 actum
1850 3329 1929 3388 qui
1951 3341 2047 3374 non
2071 3326 2130 3373 sit
2139 3326 2277 3388 quod

319 3403 385 3438 est
409 3394 520 3454 ipse,
548 3410 689 3472 quum
715 3397 761 3440 in
789 3410 844 3441 eo
871 3395 997 3440 nulla
1023 3397 1080 3441 sit
1096 3395 1417 3456 potentialitas‚
1444 3406 1493 3441 ut
1512 3397 1559 3440 in
1585 3397 1734 3456 primo
1762 3396 1823 3454 (c.
1846 3393 1912 3441 16.
1938 3404 1985 3440 et
2014 3395 2102 3454 17.)
2129 3402 2277 3446 osten·

316 3474 418 3505 sum
445 3472 525 3505 est.
553 3461 631 3507 Est
654 3462 791 3522 igitur
822 3464 916 3523 ipse
939 3477 1021 3508 sua
1045 3463 1260 3523 potentia.

406 3527 597 3574 Adhuc.
625 3530 776 3575 omnis
803 3540 979 3590 potens,
1006 3530 1084 3590 qui
1108 3544 1203 3575 non
1226 3540 1292 3575 est
1314 3543 1395 3575 sua
1416 3530 1635 3590 potentia,
1653 3539 1720 3575 est
1745 3524 1907 3590 potens
1928 3526 2274 3607 participatione

317 3594 549 3653 potentiae
582 3594 785 3656 alicujus.
819 3596 890 3643 De
921 3596 1025 3643 Deo
1059 3606 1211 3643 autem
1243 3594 1358 3642 nihil
1389 3605 1537 3657 potest
1568 3596 1656 3642 dici
1688 3594 2014 3656 participative,
2045 3608 2188 3655 quum
2216 3592 2276 3643 sit
2326 3593 2332 3658 ξ
