2332 3854
769 221 924 263 LIBER
963 222 1019 261 11.
1061 222 1183 266 cAP.
1223 222 1453 262 xxxvm.
1852 234 1882 255 e
1981 212 2060 264 -16
2063 227 2092 281 5

57 301 97 365 fs
139 333 293 386 autem
318 321 631 369 manifestatur
662 321 813 380 divina
838 324 979 370 virtus
1005 334 1049 371 et
1071 325 1252 371 bonitas
1277 339 1357 385 per
1380 325 1472 370 hoc
1506 325 1629 384 quod
1666 339 1736 370 res
1770 325 1884 371 aliae
1920 338 2098 386 praeter

58 380 84 401 ³
137 389 288 452 ipsum
314 404 408 435 non
434 404 612 449 semper
636 376 837 436 fuerunt:
866 406 919 437 ex
940 393 1030 437 hoc
1059 393 1181 438 enim
1207 393 1458 438 ostenditur
1485 392 1723 437 manifeste
1747 394 1867 452 quod
1887 409 1956 438 res
1980 395 2095 439 anae

63 459 83 505 ξ
135 467 314 518 praeter
337 458 487 516 ipsum
514 457 602 501 ab
590 471 689 517 ipso
708 471 805 502 esse
822 459 1004 513 habent,
1023 460 1128 519 quia
1144 474 1237 504 non
1260 474 1440 520 semper
1456 458 1650 504 fuerunt.
1671 460 1938 505 Ostenditur
1957 462 2095 505 etiam

68 526 71 529 ’
134 525 260 588 *quod
284 538 379 569 non
405 524 500 584 agit
522 539 602 583 per
636 525 952 570 necessitatem
979 537 1182 582 naturae,
1215 537 1260 572 et
1285 527 1408 586 quod
1444 527 1585 571 virtus
1621 541 1703 571 sua
1740 537 1807 571 est
1841 527 2016 572 infinita
2047 529 2093 572 in

136 590 329 670 agendo:
356 591 458 636 Hoc
482 591 604 636 enim
632 591 1116 637 convenientissimum
1141 593 1225 638 fuit
1250 594 1430 639 divinae
1455 593 1660 648 bonitati,
1695 604 1743 638 ut
1773 593 1905 639 rebus
1933 596 2094 640 creatis

10 675 12 678 ’
131 657 409 723 principium
435 658 684 704 durationis
709 658 850 704 daret.

54 755 64 769 ⁴
221 724 290 770 Ex
314 725 386 770 his
413 735 566 770 autem
593 739 709 785 quae
734 725 965 785 praedicta
991 737 1109 781 sunt,
1126 727 1268 772 vitare
1290 742 1533 787 possumus
1555 729 1759 774 diversos
1776 742 1951 774 errores
1974 727 2094 774 Gen-

48 814 84 821 ·'
133 780 282 840 tilium
298 791 697 853 philosophorum,
716 807 909 852 quorum
928 794 1113 853 quidam
1131 805 1379 853 posuerunt
1395 796 1618 841 mundum
1637 805 1888 850 aeternum,
1907 794 2092 855 quidam

44 861 81 881 “”
133 859 374 907 materiam
406 859 564 904 mundi
590 869 836 915 aeternam,
863 874 917 905 ex
945 875 1033 919 qua
1059 874 1113 905 ex
1140 860 1292 920 aliquo
1318 871 1528 920 tempore
1554 862 1751 907 mundus
1784 862 1937 922 coepit
1961 876 2094 922 gene-

50 951 66 966 2
129 927 235 982 rari,
253 925 329 972 vel
352 940 379 971 a
405 940 527 981 casu,
543 925 618 971 vel
635 927 689 971 ab
708 925 861 986 aliquo
878 926 1125 982 intellectu,
1144 938 1220 972 aut
1237 928 1374 972 etiam
1394 943 1567 984 amore,
1586 939 1662 974 aut
1685 929 1789 984 lite3
1808 929 1861 974 ab
1881 929 2092 974 omnibus

132 993 256 1039 enim
281 993 353 1038 his
384 993 568 1054 ponitur
593 992 761 1053 aliquid
787 1004 963 1053 praeter
987 994 1142 1039 Deum
1173 1004 1426 1051 aeternum,
1453 996 1575 1056 quod
1602 995 1707 1041 fidei
1740 995 1996 1042 catholicae
2027 1009 2094 1041 re-

93 1109 99 1116 ,
129 1070 326 1123 pugnat.-

829 1240 1083 1298 CAPUT
1125 1241 1393 1298 XXXIX.

479 1377 638 1424 QUOD
672 1377 998 1417 DISTINCTIO
1033 1379 1216 1418 RERUM
1242 1378 1359 1418 NON
1391 1379 1492 1417 EST
1525 1379 1560 1416 A
1594 1379 1745 1418 cAsU.

731 1480 820 1539 (De
843 1487 931 1540 pot.
965 1487 1117 1540 quaest.
1150 1481 1232 1526 ΙΙΙ.
1261 1487 1342 1527 art.
1376 1482 1480 1540 16).

213 1589 443 1650 Expeditis
470 1600 624 1636 autem
650 1591 721 1636 his
748 1605 863 1651 quae
892 1591 946 1635 ad
984 1606 1136 1636 rerum
1161 1592 1512 1651 productionem
1547 1593 1787 1652 pertinent,
1819 1602 1958 1638 restat
1988 1608 2088 1653 pro·

125 1657 255 1718 sequi
271 1671 325 1703 ea
341 1671 458 1718 quae
475 1666 578 1702 sunt
590 1658 920 1703 consideranda
935 1658 983 1702 in
1002 1673 1153 1703 rerum
1171 1659 1486 1714 distinctione;
1503 1659 1550 1703 in
1567 1659 1728 1718 quibus
1746 1660 1894 1718 primo
1907 1670 2088 1719 oportet

34 1726 35 1729 ’
59 1746 61 1748 ·
126 1724 367 1770 ostendere
393 1724 515 1785 quod
542 1738 693 1770 rerum
721 1724 949 1769 distinctio
976 1739 1069 1770 non
1103 1735 1171 1770 est
1203 1740 1229 1769 a
1262 1740 1394 1781 casu3
1422 1740 1553 1770 casus
1587 1726 1707 1770 enim
1739 1741 1834 1771 non
1864 1727 2085 1787 contingit

18 1798 22 1823 ῑ
43 1798 47 1846 ᾗ
67 1838 71 1840 ,
125 1789 211 1836 nisi
235 1790 283 1836 in
307 1791 596 1851 possibilibus
623 1791 751 1836 aliter
777 1797 824 1836 se
841 1791 1029 1837 habere:
1049 1807 1164 1851 quae
1184 1793 1305 1837 enim
1328 1803 1432 1838 sunt
1449 1807 1503 1837 ex
1528 1794 1813 1849 necessitate,
1833 1803 1877 1838 et
1893 1808 2085 1854 semper,

124 1871 219 1903 non
245 1858 439 1904 dicimus
464 1872 563 1904 esse
591 1872 616 1902 a
640 1873 761 1903 casu.
790 1858 1044 1904 Ostensum
1073 1869 1140 1903 est
1175 1869 1328 1904 autem
1366 1875 1499 1918 supra
1535 1862 1595 1920 (c.
1628 1860 1718 1919 30.)
1755 1861 1977 1920 quasdam
2014 1876 2084 1906 res

31 1916 53 1951 ‘3
125 1933 298 1971 creatas
324 1938 437 1981 esse,
462 1924 510 1969 in
545 1939 738 1984 quarum
763 1935 923 1970 natura
959 1940 1054 1970 non
1086 1936 1153 1970 est
1178 1926 1451 1985 possibilitas
1484 1927 1540 1971 ad
1572 1941 1665 1971 non
1693 1941 1806 1982 esse,
1834 1928 1950 1972 sicut
1979 1938 2086 1972 sunt

123 1992 399 2038 substantiae
423 1991 765 2047 immateriales,
791 2002 836 2037 et
868 1993 1035 2052 absque
1069 1994 1402 2038 contrarietate.
1438 1994 1722 2039 Substantias
1754 1995 1891 2053 igitur
1923 2009 2084 2039 eorum

121 2056 403 2119 impossibile
429 2068 498 2104 est
523 2073 622 2105 esse
650 2073 676 2103 a
702 2073 824 2103 casu.
853 2059 969 2104 Sunt
995 2070 1147 2104 autem
1173 2075 1255 2119 per
1287 2075 1419 2105 suam
1455 2061 1753 2106 substantiam
1792 2063 1848 2106 ad
1883 2062 2083 2107 invicem

12 2123 55 2145 ²
122 2122 374 2171 distinctae.
400 2125 571 2171 Earum
596 2126 733 2186 igitur
758 2126 987 2172 distinctio
1014 2141 1108 2172 non
1136 2138 1203 2172 est
1230 2142 1255 2171 a
1278 2142 1400 2172 casu.

209 2191 442 2253 Amplius:
470 2207 576 2237 cum
604 2207 736 2238 casus
758 2193 815 2238 sit
834 2203 1012 2238 tantum
1047 2194 1093 2237 in
1120 2195 1408 2254 possibilibus
1446 2195 1574 2240 aliter
1610 2210 1658 2240 se
1694 2196 1884 2251 habere;
1920 2197 2081 2255 princi-

115 2258 246 2320 pium
272 2271 425 2304 autem
455 2259 590 2319 hujus
616 2259 926 2318 possibilitatis
954 2270 1021 2304 est
1046 2262 1249 2315 materia,
1275 2276 1369 2306 non
1403 2272 1556 2307 autem
1587 2262 1750 2317 forma,
1783 2277 1900 2330 quae
1933 2264 2081 2323 magis

45 2313 66 2378 ’
117 2324 392 2378 determinat
410 2326 756 2387 possibilitatem
784 2327 1001 2372 materiae
1024 2327 1079 2371 ad
1112 2343 1279 2384 unum;
1306 2343 1359 2373 ea
1377 2339 1531 2374 autem
1549 2344 1745 2389 quorum
1765 2325 1994 2375 distinctio
2013 2341 2082 2376 est

113 2388 147 2439 fa
169 2388 334 2448 ferma,
358 2407 452 2438 non
479 2393 814 2454 distinguuntur
841 2408 866 2438 a
901 2409 1023 2448 casu,
1050 2395 1129 2439 sed
1155 2394 1271 2440 forte
1289 2410 1343 2440 ea
1369 2411 1565 2456 quorum
1598 2398 1827 2441 distinctio
1848 2407 1916 2442 est
1943 2412 1968 2441 a
1989 2412 2082 2442 ma-

112 2455 255 2516 'teria3
271 2460 533 2538 specierum
561 2471 712 2505 autem
740 2461 969 2505 distinctio
1003 2471 1071 2506 est
1103 2476 1127 2505 a
1153 2461 1327 2518 forma3
1360 2463 1659 2522 singularium
1693 2474 1846 2508 autem
1873 2465 2079 2524 ejusdem

0 2551 2 2573 ÷
118 2527 285 2587 speciei
311 2541 335 2571 a
361 2527 564 2572 materia.
590 2528 836 2572 Distinctio
862 2528 998 2587 igitur
1023 2543 1175 2573 rerum
1202 2530 1451 2574 secundum
1475 2532 1675 2590 speciem
1702 2546 1796 2575 non
1813 2542 1963 2591 potest
1981 2546 2079 2577 esse

0 2602 1 2609 ἵ
118 2607 146 2638 a
171 2607 303 2649 casu3
330 2594 408 2639 sed
433 2593 549 2639 forte
576 2594 835 2654 aliquorum
861 2595 1201 2640 individuorum
1235 2611 1366 2641 casus
1392 2608 1542 2656 potest
1569 2612 1666 2643 esse
1693 2598 1988 2644 distinctivus.

205 2661 393 2705 Adhuc:
413 2675 518 2705 cum
535 2661 725 2706 materia
742 2662 799 2706 sit
815 2662 1084 2721 principium
1105 2673 1149 2707 et
1166 2677 1302 2708 causa
1320 2678 1472 2708 rerum
1492 2665 1758 2723 casualium,
1776 2674 1824 2709 ut
1842 2676 2076 2729 ostensum

117 2736 186 2772 est
209 2728 379 2787 (praec.
405 2737 487 2772 rat.
490 2727 561 2784 )‚
550 2743 596 2772 1n
624 2741 784 2772 eorum
809 2728 1007 2773 factione
1033 2739 1182 2788 potest
1208 2744 1305 2774 esse
1332 2745 1462 2775 casus
1489 2745 1604 2790 quae
1638 2746 1691 2775 ex
1724 2733 1913 2776 materia
1946 2746 2079 2791 gene

48 2796 283 2855 {irantur
311 2794 564 2840 Ostensum
591 2804 658 2839 est
689 2805 843 2839 autem
868 2810 1002 2855 supra
1024 2797 1084 2854 (e.
1118 2795 1182 2841 16.
1185 2795 1220 2853 ),
1248 2797 1369 2855 quod
1396 2798 1542 2856 prima
1574 2813 1724 2843 rerum
1758 2799 1997 2858 productio
2029 2800 2076 2843 in

116 2873 216 2906 esse
240 2874 335 2906 non
362 2871 429 2906 est
450 2875 505 2906 ex
531 2862 738 2906 materia.
760 2861 811 2905 In
835 2876 888 2906 ea
905 2863 1041 2920 igitur
1058 2877 1190 2907 casus
1207 2863 1362 2908 locum
1381 2865 1548 2909 habere
1570 2880 1664 2910 non
1691 2876 1853 2925 potest.
1878 2866 2076 2925 Oportet

61 2923 85 2947 ³
117 2934 271 2972 autem
295 2928 418 2988 quod
444 2929 590 2987 prima
616 2943 767 2972 rerum
794 2929 1033 2988 productio
1062 2944 1168 2973 cum
1195 2930 1483 2976 distinctione
1515 2931 1665 2987 suerit,
1699 2947 1805 2977 cum
1838 2933 1982 2977 multa
2013 2933 2075 2977 in-

116 2994 353 3039 veniantur
377 2996 424 3039 in
449 2995 581 3040 rebus
599 2996 759 3040 creatis
778 3010 893 3055 quae
910 3010 1058 3055 neque
1078 3011 1132 3040 ex
1148 2997 1347 3041 invicem
1369 3009 1655 3057 generantur,
1674 3014 1822 3058 neque
1844 3014 1897 3044 ex
1920 2999 2072 3059 aliquo

116 3072 208 3106 uno
235 3062 484 3117 communi,
511 3062 616 3122 quia
641 3076 736 3106 non
764 3065 1040 3108 conveniunt
1064 3063 1111 3107 in
1134 3065 1339 3109 materia.
1357 3065 1465 3109 Non
1484 3075 1549 3110 est
1566 3066 1701 3125 igitur
1720 3059 1935 3126 possibile
1950 3067 2073 3126 quod

114 3139 268 3186 terum
294 3128 522 3174 distinctio
549 3129 606 3173 sit
631 3143 656 3173 a
684 3144 804 3174 casu.

49 3191 75 3198 ι’
202 3194 341 3240 Item:
370 3209 506 3240 causa
531 3210 611 3255 per
635 3210 698 3250 se,
725 3197 848 3256 prior
875 3207 942 3242 est
968 3211 1020 3242 ea
1047 3212 1162 3257 quae
1197 3208 1262 3243 est
1294 3213 1373 3257 per
1409 3199 1634 3244 accidens.
1673 3200 1723 3244 Si
1755 3184 1892 3258 igitur
1927 3210 2075 3260 poste-

16 3250 31 3262 ὲ
105 3258 236 3325 ,tiara
258 3259 349 3306 s‘int
374 3275 399 3306 a
426 3276 562 3307 causa
587 3277 666 3322 per
691 3277 740 3307 se
766 3263 1078 3319 determinata,
1105 3265 1430 3310 inconveniens
1457 3276 1524 3310 est
1549 3267 1699 3311 dicere
1732 3267 1880 3326 priora
1914 3282 2012 3312 esse
2045 3283 2072 3313 a

48 3341 62 3370 <21³
106 3338 252 3379 causa
275 3342 356 3388 per
382 3319 590 3373 accidens
618 3329 979 3375 indeterminata.
1007 3331 1252 3376 Distinctio
1282 3343 1431 3376 autern
1458 3347 1607 3376 rerum
1635 3334 1866 3391 praecedit
1895 3345 2073 3380 natura-

105 3380 217 3454 liter
238 3404 392 3440 motus
418 3404 464 3439 et
492 3395 781 3454 operationes
807 3411 984 3443 rerum:
1018 3397 1303 3442 determinati
1352 3399 1475 3443 enim
1512 3409 1664 3444 motus
1701 3409 1744 3444 et
1780 3402 2068 3459 operationes
2130 3424 2141 3434 ·

78 3469 220 3514 sunt
245 3474 399 3515 rerum
430 3461 847 3540 determinatarum,
885 3473 930 3509 et
965 3464 1292 3509 distinctarum.
1330 3465 1483 3510 Motus
1520 3477 1670 3511 autem
1705 3476 1749 3512 et
1781 3469 2069 3527 operationes

104 3537 266 3578 ,rerum
290 3537 395 3573 sunt
420 3541 446 3572 a
472 3529 619 3573 causis
644 3542 724 3588 per
750 3543 812 3584 se,
846 3540 890 3575 et
906 3531 1230 3585 determinatis,
1250 3547 1353 3576 cum
1371 3532 1659 3578 inveniantur
1680 3544 1757 3579 aut
1775 3549 1969 3596 semper,
1992 3546 2070 3581 aut

71 3631 78 3647 ἶ
112 3589 161 3636 in
185 3591 386 3653 pluribus
412 3608 467 3640 ex
491 3595 583 3639 suis
605 3596 752 3640 causis
779 3597 942 3642 eodem
970 3598 1111 3642 modo
1138 3598 1399 3657 procedere.
1427 3599 1549 3659 Ergo
1576 3610 1621 3649 et
1651 3600 1881 3647 distinctio
1915 3617 2066 3648 rerum
