2332 3854
772 280 926 320 LIBER
965 280 1041 319 111.
1082 279 1203 319 CAP.
1243 279 1407 319 LXXX.
1959 279 2064 334 405

39 420 42 422 v
114 387 276 447 jusque
318 382 604 444 analogiam3
637 395 821 463 propter
853 385 975 446 quod
1017 394 1061 429 et
1101 397 1347 429 commune
1386 396 1558 428 nomen
1584 381 1770 427 ultimus
1793 381 1906 425 ordo
1940 381 2069 440 quasi

114 451 311 513 speciale
333 451 417 496 sibi
443 451 644 505 assumit,
667 453 769 511 quia
797 451 969 496 scilicet
991 449 1193 496 officium
1217 451 1355 496 habet
1370 450 1501 495 nobis
1517 449 1781 494 immediate
1806 448 2067 502 nuntiandi;

116 516 162 565 e't
186 528 370 578 propter
393 517 484 562 hoc
519 517 780 576 archangeli
807 532 978 562 nomen
1005 518 1314 576 compositum
1338 512 1508 562 habent
1533 530 1584 560 ex
1602 525 1809 574 utroque.
1842 514 2068 558 Dicuntur

120 585 243 630 enim
266 584 542 644 archangeli,
570 585 699 643 quasi
723 585 949 644 principes
978 584 1138 643 angeli.

206 652 424 711 Assignat
461 662 614 696 autern
641 662 684 695 et
727 651 975 709 Gregorius
1004 651 1132 695 aliter
1159 650 1426 695 coelestium
1453 649 1689 709 spirituum
1717 646 2065 693 ordinationem.

0 729 7 752 ⁵
114 717 238 764 Nam
266 720 542 779 principatus
568 719 685 763 inter
698 719 874 763 medios
893 718 1072 777 spiritus
1097 728 1396 763 connumerat
1421 726 1525 776 post
1547 716 1884 761 dominationes
1909 715 2067 758 imme-

120 785 254 840 diate,
279 786 466 831 virtutes
483 799 593 830 vero
620 786 737 830 inter
754 785 950 839 infimos,
978 795 1080 829 ante
1116 785 1429 844 archangelos.
1459 785 1548 829 Sed
1573 783 1812 843 diligenter
1830 782 2069 843 inspicien-

122 846 240 897 tibus
270 862 460 912 utraque
488 852 712 896 ordinatio
738 853 784 896 in
818 852 1002 896 modico
1021 851 1186 906 differt3
1213 865 1320 895 nam
1347 853 1598 896 secundum
1617 850 1893 908 Gregorium
1909 849 2069 909 princi-

113 927 243 978 patus
256 913 466 963 dicuntur
474 932 568 962 non
579 920 652 978 qui
667 919 873 977 gentibus
886 928 1237 976 praeponuntur,
1251 919 1327 962 sed
1340 918 1416 977 qui
1429 918 1566 962 etiam
1579 918 1685 975 ipsis
1697 917 1827 961 bonis
1841 915 2067 976 spiritibus

114 985 435 1046 principantur,
453 986 580 1044 quasi
607 987 727 1043 prius
755 986 1016 1029 exsistentes
1034 985 1078 1028 in
1097 985 1452 1029 ministeriorum
1476 985 1733 1028 divinorum
1761 983 2065 1027 exsecutione.

41 1089 47 1096 .
113 1051 240 1095 Dicit
266 1052 388 1096 enim
415 1052 536 1111 quod
564 1051 806 1111 principari
833 1062 899 1096 est
925 1052 1042 1095 inter
1069 1051 1182 1096 alios
1215 1052 1415 1110 priorem
1443 1051 1670 1095 exsistere.
1699 1050 1801 1094 Hoc
1828 1060 1981 1094 autem
2002 1062 2067 1093 se-

112 1117 314 1166 cundum
341 1119 699 1177 assignationem
728 1129 830 1163 ante
857 1118 1024 1163 dictam
1052 1119 1244 1163 diximus
1269 1120 1323 1162 ad
1340 1119 1557 1163 virtutum
1584 1118 1790 1162 ordinem
1817 1117 2064 1176 pertinere:

109 1184 299 1230 virtutes
326 1195 494 1239 autem,
535 1185 786 1229 secundum
830 1185 1121 1244 Gregorium,
1161 1196 1264 1230 sunt
1290 1199 1405 1245 quae
1439 1186 1493 1228 ad
1527 1184 1746 1244 quasdam
1773 1183 2066 1243 particulares

110 1251 403 1312 operationes
421 1252 700 1306 ordinantur,
719 1266 824 1296 cum
843 1251 995 1311 aliquo
1014 1252 1200 1310 speciali
1219 1266 1326 1296 casu
1349 1261 1524 1312 praeter
1541 1265 1839 1296 communem
1857 1251 2066 1307 ordinem

110 1326 292 1379 oportet
317 1316 485 1377 aliquid
512 1318 786 1363 miraculose
803 1318 913 1363 fieri.
933 1318 1196 1363 Secundum
1215 1332 1352 1378 quam
1369 1318 1596 1363 rationem
1619 1317 1725 1363 satis
1743 1318 2067 1362 convenienter

0 1416 4 1434 Ξ
109 1397 216 1430 cum
239 1384 408 1429 infimis
435 1384 713 1431 ordinantur.

0 1431 23 1521 Ξ
199 1446 405 1511 Utraque
433 1462 585 1496 autem
611 1451 837 1497 ordinatio
865 1466 919 1496 ex
944 1452 1092 1496 verbis
1118 1451 1333 1511 Apostoli
1359 1451 1677 1496 auctoritatem
1707 1451 1877 1496 habere
1903 1460 2063 1510 potest.

0 1518 19 1575 ιζ
110 1517 237 1564 Dicit
262 1518 384 1563 enim
418 1518 552 1579 (Eph.
577 1519 611 1563 Ι.
645 1532 712 1564 20.
742 1529 786 1564 et
811 1521 924 1576 21.):
956 1519 1211 1564 Constituens
1232 1519 1366 1572 illum,
1391 1518 1566 1563 scilicet
1593 1517 1921 1574 Christum,qad
1937 1517 2066 1562 dexte-

108 1598 204 1631 ram
229 1599 348 1630 suam
365 1587 410 1630 in
427 1586 658 1631 coelestibus
682 1594 811 1645 supra
837 1576 997 1630 omnem
1016 1587 1303 1644 principatum
1329 1592 1366 1629 et
1388 1591 1641 1644 potestatem,
1663 1586 1861 1629 virtutem
1883 1591 1922 1630 et
1937 1584 2067 1629 domi-

106 1652 332 1706 nationem.
350 1653 403 1696 In
425 1667 515 1711 quo
542 1662 678 1712 patet,
697 1652 818 1711 quod
839 1651 1142 1706 ascendendo,
1164 1666 1298 1710 supra
1324 1652 1600 1710 principatus
1627 1660 1874 1710 potestates
1898 1650 2064 1708 posuit,

109 1729 156 1765 et
179 1725 312 1780 supra
338 1719 436 1775 has,
461 1720 663 1773 virtutes,
695 1733 829 1778 supra
857 1733 967 1778 quas
999 1719 1336 1763 dominationes
1364 1718 1622 1762 collocavit
1653 1718 1808 1770 Quem
1851 1718 2062 1763 ordinem

110 1783 359 1849 Dionysius
387 1786 658 1849 observavit.
694 1786 767 1830 Ad
796 1786 975 1830 Coloss.
1010 1795 1162 1829 autem
1189 1783 1547 1862 primo-(016.)
1576 1784 1768 1843 loquens
1795 1784 1850 1829 de
1878 1782 2089 1828 Christo'

13 1841 41 1889 ft„
108 1852 234 1898 dicit:
257 1869 281 1895 c<
300 1853 406 1912 Sive
422 1853 590 1930 throni,
609 1853 703 1897 sive
721 1852 1072 1906 dominationes,
1089 1853 1182 1896 sive
1205 1852 1496 1912 principatus,
1514 1851 1608 1896 sive
1627 1861 1888 1911 potestates,
1907 1851 2064 1895 omnia

110 1933 192 1983 per
220 1912 372 1978 ipsum
398 1929 442 1964 et
466 1919 512 1963 in
539 1919 637 1996 ipso
680 1929 830 1964 creata
858 1929 1023 1963 sunt»
1052 1919 1102 1962 ln
1130 1933 1220 1978 quo
1247 1929 1370 1978 patet
1411 1918 1532 1995 quod
1575 1933 1600 1963 a
1640 1918 1817 1962 thronis
1844 1918 2064 1977 incipiens

108 1980 440 2039 descendendo,
473 1986 554 2030 sub
583 1986 646 2030 eis
673 1986 1023 2039 dominationes,
1063 1986 1142 2029 sub
1177 1987 1337 2044 quibus
1379 1986 1669 2044 principatus,
1698 1995 1741 2029 et
1772 1984 1852 2029 sub
1884 1985 1957 2029 his
1988 1998 2066 2044 po-

107 2061 292 2097 testates
318 2053 482 2113 posuit.
512 2052 667 2104 Quem
685 2053 894 2097 ordinem
923 2053 1172 2111 Gregorius
1201 2053 1471 2097 observavit.
1499 2054 1570 2096 De
1589 2053 1818 2110 seraphim
1842 2063 1995 2097 autem
2017 2051 2066 2097 fit

108 2119 439 2182 mentio-Isaiae
455 2119 549 2175 VI.,
567 2119 622 2163 de
640 2120 875 2164 cherubim
892 2119 1116 2163 Ezechiae
1133 2119 1185 2174 1.,
1202 2120 1257 2164 de
1276 2119 1561 2179 archangelis
1584 2120 1630 2163 in
1649 2118 2062 2177 CanonicaJudae:

16 2223 25 2237 ¹.
108 2184 218 2231 Cum
240 2185 425 2230 Michael
445 2187 714 2245 archangelus
735 2202 829 2231 cum
853 2186 1016 2231 diabolo
1041 2186 1266 2247 disputans,
1291 2196 1392 2241 etc„
1419 2187 1474 2231 de
1493 2186 1667 2245 angelis
1686 2196 1838 2231 autern
1863 2187 1910 2230 in
1930 2186 2064 2241 Psa1.,

104 2262 154 2328 ut
179 2251 350 2297 dictum
376 2262 456 2297 est.

6 2376 8 2378 Υ
155 2317 270 2364 Est
300 2329 453 2364 autem
477 2319 524 2363 in
551 2320 761 2364 omnibus
788 2319 1004 2364 ordinatis
1034 2319 1271 2364 virtutibus
1297 2320 1389 2364 hoc
1417 2332 1680 2375 commune,
1719 2320 1824 2380 quia
1850 2320 1898 2364 in
1923 2320 1970 2364 vi
1996 2334 2065 2365 su-

0 2379 46 2430 *4
101 2381 292 2447 pefforis
322 2385 499 2431 virtutis
533 2400 694 2431 omnes
719 2385 956 2430 inferiores
982 2395 1145 2446 agunt3
1172 2387 1291 2431 unde
1314 2387 1358 2432 id
1382 2387 1504 2463 q-uod
1528 2387 1722 2431 diximus
1750 2387 1807 2431 ad
1833 2387 2064 2466 seraphim

0 2429 47 2514 ἓ
101 2446 309 2506 ordinem
334 2453 573 2512 pertinere,
599 2467 761 2498 omnes
793 2452 1029 2497 inferiores
1064 2467 1119 2498 ex
1150 2453 1314 2498 virtute
1337 2455 1475 2513 ipsius
1500 2463 1822 2514 exsequuntur.
1857 2453 1915 2498 Et
1945 2454 2065 2499 simi·

99 2514 200 2565 liter
232 2519 371 2564 etiam
401 2518 450 2564 in
482 2519 581 2564 aliis
608 2520 839 2565 ordinibus
867 2530 934 2565 est
960 2520 1357 2566 considerandum.

2 2703 63 2817 ξ
151 2780 156 2784 μ
609 2705 611 2708 ⁴
808 2719 1062 2778 CAPUT
1097 2718 1355 2778 LXXXI.

6 2816 31 2932 ζ
276 2862 350 2902 οε
393 2862 780 2903 onnmATroNE
820 2863 1080 2906 HoMmUM
1118 2866 1192 2903 AD
1234 2863 1480 2916 INVICEM,
1519 2865 1589 2904 ET
1631 2864 1705 2904 An
1747 2863 1891 2905 AL1A.

190 2978 313 3024 Inter
338 2978 448 3024 alias
473 2993 582 3024 vero
602 2979 932 3026 intellectuales
958 2981 1243 3035 substantias,
1269 2982 1500 3026 humanae
1527 2982 1707 3026 animae
1733 2982 1944 3026 infimum
1966 2997 2063 3042 gra·

12 3046 43 3104 ,ξ
103 3047 213 3092 dum
236 3046 420 3101 habent,
452 3049 571 3107 quia,
597 3049 713 3093 sicut
743 3063 877 3108 supra
902 3051 963 3108 (c.
997 3050 1089 3108 89.)
1118 3050 1289 3094 dictum
1316 3059 1398 3104 est,
1423 3050 1470 3094 in
1497 3051 1642 3109 prima
1674 3051 1743 3094 sui
1779 3050 2060 3097 institutione

24 3145 55 3185 ²}
103 3113 417 3172 cognitionem
443 3114 613 3158 ordinis
647 3115 957 3173 providentiae
991 3114 1168 3160 divinae
1202 3117 1247 3159 in
1280 3116 1380 3160 sola
1405 3117 1601 3175 quadam
1638 3115 1881 3161 universali
1909 3116 2062 3176 cogni-

101 3178 227 3224 tione
242 3179 515 3239 suscipiunt;
535 3180 590 3224 ad
608 3179 854 3239 perfectam
883 3195 992 3225 vero
1015 3183 1184 3226 ordinis
1207 3182 1503 3241 singularium
1532 3182 1846 3241 cognitionem
1880 3193 2062 3241 oportet

18 3239 66 3307 ἓξ
101 3246 224 3305 quod
256 3260 310 3290 ex
335 3246 444 3304 ipsis
470 3247 603 3291 rebus
629 3247 675 3291 in
699 3248 859 3307 quibus
885 3248 999 3292 ordo
1032 3249 1209 3293 divinae
1251 3249 1562 3307 providentiae
1603 3252 1697 3307 jam
1729 3249 2060 3309 particulariter

19 3316 55 3376 337
100 3312 327 3373 institutus
354 3323 435 3366 est,
462 3313 776 3372 perducantur.
818 3314 952 3359 Unde
982 3316 1183 3392 oportuit
1210 3316 1331 3375 quod
1357 3316 1577 3360 haberent
1609 3329 1781 3375 organa
1823 3330 2060 3376 corporea,

102 3391 182 3439 per
206 3392 322 3438 quae
349 3392 374 3423 a
406 3380 537 3423 rebus
555 3380 865 3439 corporalibus
891 3382 1204 3440 cognitionem
1231 3382 1478 3435 haurirent,
1507 3397 1558 3426 ex
1586 3381 1747 3440 quibus
1769 3392 1938 3435 tamen,
1961 3396 2061 3442 pro-

100 3454 199 3505 pter
223 3446 501 3490 debilitatem
533 3446 851 3492 intellectualis
891 3448 1092 3502 luminis,
1133 3449 1379 3526 perfectam
1421 3449 1632 3493 notitiam
1666 3463 1826 3493 eorum
1860 3462 1976 3508 quae
2003 3450 2059 3493 ad

52 3536 61 3540 ⁷,
96 3508 341 3558 Hominem
365 3522 571 3572 spectant
592 3514 778 3573 adipisci
793 3528 887 3560 non
902 3515 1072 3570 valent,
1103 3516 1190 3560 nisi
1207 3530 1287 3575 per
1302 3516 1457 3560 lumen
1475 3516 1719 3576 superioris
1738 3515 1916 3575 spiritus
1939 3515 2062 3578 adju-

34 3599 79 3647 43:
101 3576 278 3634 ventur,
301 3577 394 3624 hoc
416 3579 625 3639 exigente
641 3580 791 3626 divina
809 3581 1122 3643 dispositione,
1148 3592 1197 3627 ut
1221 3582 1459 3628 inferiores
1491 3596 1571 3642 per
1596 3583 1851 3643 superiores
1877 3581 2058 3643 spiritus

0 3677 1 3684 ι
39 3647 66 3706 {⁵3
103 3643 428 3704 perfectionem
455 3647 703 3706 acquirant,
735 3657 784 3692 ut
813 3662 948 3709 supra
980 3650 1040 3707 (c.
1069 3650 1163 3709 79.)
1190 3659 1424 3694 ostensum
1451 3659 1531 3694 est.
