2332 3854
801 246 956 287 ιιΒιιιι
995 247 1029 284 ι.
1070 244 1192 285 CAP.
1234 244 1396 286 LxxV.
2006 250 2069 305 91

837 436 1094 495 CAPUT
1134 436 1363 495 LXXV.

339 556 498 605 QUOD
537 556 680 596 DEUS
718 555 987 597 VOLENDO
1029 558 1107 610 SE,
1147 558 1295 597 VULT
1334 556 1508 597 ETIAM
1546 557 1674 596 ALIA
1712 558 1747 597 A
1788 559 1866 597 SE.

740 645 798 704 (I.
817 652 933 705 part.
961 653 1112 705 quaest.
1139 646 1255 692 XIX.
1283 653 1365 694 art.
1391 647 1468 707 2.).

39 791 69 810 η,
131 777 135 779 -
210 750 329 796 Hinc
357 760 508 795 autem
536 749 714 795 ostendi
739 758 889 809 potest
913 749 1036 809 quod
1062 750 1189 795 Deus
1214 751 1414 798 volendo
1452 766 1513 806 se,
1538 749 1618 796 vul
1644 751 1783 797 etiam
1801 750 1914 806 alia;
1947 752 2077 811 cujus

46 823 52 835 ·’
123 822 190 864 e‘s‘t
208 818 337 864 enim
359 817 478 862 velle
503 816 642 862 finem
667 816 989 877 principaliter,
1017 818 1113 875 ejus
1142 827 1208 872 est
1238 818 1357 862 velle
1385 832 1438 863 ea
1470 832 1586 878 quae
1619 828 1723 863 sunt
1755 818 1811 863 ad
1842 818 1979 863 finem
2013 833 2079 862 ra-

40 879 53 925 ἓ
97 886 247 932 -tione
266 885 381 931 finis.
407 885 487 930 Est
503 896 654 930 autem
676 885 771 943 ipse
787 885 913 928 Deus
931 884 1117 928 ultimus
1134 898 1284 929 rerum
1302 885 1418 940 finis,
1436 895 1484 930 ut
1501 901 1556 931 ex
1573 885 1813 945 praedictis
1831 886 1891 944 (c.
1906 885 2078 946 praec.)

39 965 63 1013 'gs
121 952 404 1013 afiquatenus
429 961 575 1012 patet;
602 965 657 996 ex
681 952 772 996 hoc
799 951 935 1010 igitur
961 951 1083 1010 quod
1109 951 1206 996 vult
1231 966 1279 996 se
1306 965 1418 1007 esse,
1453 953 1589 997 etiam
1626 952 1714 998 alia
1739 952 1850 1008 vult,
1884 966 1999 1013 quae
2031 952 2078 996 in

38 1016 57 1079 f
118 1019 270 1081 ipsum
294 1018 411 1063 sicut
435 1019 481 1062 in
507 1018 647 1063 finem
673 1018 951 1062 ordinantur.

144 1111 147 1113 <
208 1086 346 1131 Item:
373 1085 679 1145 unusquisque
705 1086 800 1143 ejus
828 1084 949 1144 quod
968 1094 1035 1130 est
1059 1095 1243 1145 propter
1259 1086 1459 1145 seipsum
1478 1087 1532 1131 ab
1550 1087 1652 1147 ipso
1675 1086 1870 1132 volitum
1893 1096 1938 1132 et
1959 1100 2081 1133 ama-

34 1171 44 1198 .;
85 1152 216 1199 'mm
239 1152 568 1214 perfectionem
600 1153 850 1207 desiderat;
883 1166 998 1212 quae
1022 1153 1145 1198 enim
1176 1163 1362 1213 propter
1394 1168 1441 1198 se
1475 1168 1699 1209 amamus,
1732 1154 1947 1200 volumus
1980 1162 2079 1200 esse

42 1267 44 1270 ,
118 1222 294 1282 optima
317 1231 364 1266 et
382 1234 563 1280 semper
587 1219 796 1274 meliora,
823 1229 867 1263 et
892 1219 1184 1279 multiplicari
1210 1230 1431 1280 quantum
1457 1221 1673 1281 possibile
1700 1230 1780 1266 est.
1801 1222 1903 1282 Ipse
1927 1230 2080 1266 autem

117 1285 245 1334 Deus
272 1289 516 1334 essentiam
542 1301 672 1332 suam
700 1297 884 1347 propter
910 1287 1109 1346 seipsam
1135 1287 1231 1332 vult
1257 1297 1301 1332 et
1327 1298 1474 1332 amat:
1503 1303 1597 1333 non
1635 1298 1788 1333 autem
1829 1289 2080 1334 secundum

32 1352 49 1419 ”j
110 1352 540 1415 seiug'mentabnis
567 1365 612 1400 et
637 1353 993 1413 multiplicabilis
1021 1365 1103 1409 est,
1126 1365 1175 1400 ut
1201 1369 1255 1399 ex
1281 1355 1547 1415 supradictis
1576 1357 1647 1416 (c.
1669 1354 1765 1414 42.)
1798 1364 1865 1401 est
1895 1353 2082 1400 manife-

112 1425 254 1479 stum,
265 1422 344 1468 sed
354 1422 508 1467 'solum
521 1421 877 1481 multiplicabilis
891 1431 959 1467 est
968 1421 1219 1467 secundum
1230 1436 1361 1467 suam
1378 1422 1736 1477 similitudinem,
1751 1437 1867 1482 quae
1885 1437 1910 1467 a
1927 1422 2081 1467 multis

116 1488 423 1552 participatur.
453 1488 566 1534 Vult
590 1489 727 1549 igitur
756 1489 883 1534 Deus
915 1503 1067 1534 rerum
1099 1489 1454 1545 multitudinem,
1488 1502 1541 1534 ex
1572 1490 1663 1535 hoc
1697 1490 1820 1549 quod
1851 1503 1983 1535 suam
2015 1503 2079 1535 es-

112 1555 311 1604 sentiam
335 1566 383 1603 et
406 1556 735 1618 perfectionem
760 1556 859 1601 vult
883 1566 929 1601 et
955 1566 1092 1601 amat.

132 1621 138 1632 ²
206 1624 442 1685 Amplius:
459 1624 740 1702 quicumque
762 1633 891 1668 amat
913 1623 1081 1683 aliquid
1104 1623 1357 1669 secundum
1378 1636 1426 1668 se
1443 1633 1487 1668 et
1503 1633 1687 1684 propter
1702 1623 1866 1684 ipsum,
1883 1623 1980 1668 vult
2000 1636 2081 1683 per

118 1704 403 1752 consequens
429 1691 587 1737 omnia
611 1691 658 1735 in
684 1691 844 1750 quibus
869 1689 981 1735 illud
1006 1691 1249 1745 invenitur,
1271 1701 1321 1735 ut
1342 1691 1418 1750 qui
1441 1701 1564 1735 amat
1586 1690 1875 1735 dulcedimen
1897 1701 2080 1751 propter

35 1770 40 1799 '1
108 1757 278 1827 ipsam,
304 1768 486 1837 oportet
511 1759 633 1818 quod
660 1758 816 1803 omnia
843 1757 992 1803 dulcia
1019 1768 1154 1803 amet.
1189 1757 1279 1802 Sed
1305 1759 1432 1803 Deus
1463 1772 1597 1802 suum
1624 1771 1721 1802 esse
1748 1758 1999 1803 secundum
2031 1771 2079 1802 se

109 1835 167 1872 et
181 1835 365 1888 propter
384 1826 535 1886 ipsum
559 1825 658 1870 vult
678 1835 723 1870 et
745 1835 882 1879 amat,
907 1834 957 1869 ut
978 1839 1114 1884 supra
1132 1826 1193 1883 (c.
1210 1838 1358 1885 praec.
1361 1826 1381 1882 )
1401 1835 1635 1869 ostensum
1653 1835 1743 1870 est.
1768 1838 1907 1870 omne
1925 1835 2078 1870 autem

52 1911 62 1938 1
117 1892 241 1939 aliud
266 1907 367 1939 esse
393 1903 460 1939 est
485 1893 708 1954 quaedam
735 1894 805 1937 sui
830 1906 929 1938 esse
955 1894 1207 1937 secundum
1233 1893 1579 1937 similitudinem
1611 1893 1912 1951 participatio,
1944 1902 1994 1937 ut
2025 1907 2078 1937 ex

47 1970 49 1973 ·
116 1961 357 2021 praedictis
383 1961 445 2019 (c.
478 1961 573 2022 29.)
600 1961 882 2020 aliquatenus
899 1970 1035 2020 patet.
1052 1960 1366 2020 Relinquitur
1353 1960 1491 2021 igitur
1508 1961 1629 2020 quod
1646 1960 1772 2004 Deus
1794 1974 1848 2005 ex
1868 1960 1988 2005 hoc
1977 1973 2078 2020 ipso

7 2022 14 2098 ι’
118 2028 240 2088 quod
264 2028 363 2073 vult
387 2038 432 2074 et
457 2037 582 2073 amat
606 2043 670 2082 se,
692 2027 789 2072 vult
815 2038 859 2072 et
881 2037 1004 2072 amat
1031 2027 1132 2071 alia.

171 2140 175 2142 ,
206 2094 395 2141 Adhuc:
420 2095 549 2140 Deus
574 2094 774 2139 volendo
805 2109 867 2148 se,
903 2094 1001 2139 vult
1033 2095 1190 2139 omnia
1217 2108 1332 2154 quae
1368 2095 1416 2138 in
1449 2095 1548 2153 ipso
1580 2103 1707 2149 sunt3
1741 2095 1897 2139 omnia
1924 2104 2078 2139 autem

9 2153 11 2156 ⁸
51 2148 59 2205 Ι,
117 2162 463 2224 quodammodo
478 2163 806 2222 praeexsistunt
820 2163 868 2207 in
884 2163 984 2221 ipso
997 2178 1079 2223 per
1089 2164 1294 2222 proprias
1311 2163 1525 2218 rationes,
1543 2173 1592 2207 ut
1607 2177 1741 2223 supra
1760 2164 1820 2220 (c.
1835 2162 1904 2207 28.
1923 2172 1968 2207 et
1987 2163 2076 2219 54.)

55 2251 67 2254 ·“
117 2241 354 2277 ostensum
379 2242 469 2286 est3
495 2232 621 2275 Deus
645 2231 783 2290 igitur
807 2230 1007 2275 volendo
1034 2244 1097 2285 se,
1124 2231 1263 2275 etiam
1290 2230 1378 2275 alia
1403 2231 1512 2275 vult.

205 2297 346 2349 Item:
374 2308 544 2359 quanto
572 2297 741 2358 aliquid
759 2308 826 2343 est
842 2297 1124 2357 perfectioris
1141 2298 1332 2352 virtutis,
1354 2307 1482 2343 tanto
1500 2311 1582 2342 sua
1609 2297 1848 2342 causalitas
1872 2296 1927 2340 ad
1949 2295 2078 2356 plura

105 2359 166 2412 ‘s‘e
185 2366 398 2421 extendit,
419 2376 464 2411 et
483 2365 531 2410 in
552 2366 700 2444 magis
713 2374 908 2420 remota,
933 2375 983 2410 ut
1008 2380 1143 2425 supra
1161 2367 1221 2423 (c.
1241 2366 1332 2424 70.)
1351 2366 1523 2410 dictum
1547 2375 1626 2410 est.
1651 2364 1907 2410 Causalitas
1926 2373 2078 2408 autem

41 2425 244 2498 Ῐχᾎζᾶιιίε
230 2427 279 2478 ιιι
293 2433 385 2478 hoc
404 2433 611 2479 consistit
626 2433 748 2492 quod
770 2445 954 2492 propter
974 2432 1124 2492 ipsum
1148 2432 1237 2477 alia
1253 2432 1577 2477 desiderantur.
1606 2432 1796 2484 Quanto
1822 2432 1959 2491 igitur
1976 2431 2077 2476 finis

91 2495 93 2499 ¹
117 2510 185 2546 est
207 2499 450 2561 perfectior
476 2510 521 2545 et
546 2501 692 2560 magis
719 2499 901 2555 volitus,
927 2509 1054 2544 tanto
1080 2500 1292 2545 voluntas
1318 2499 1511 2544 volentis
1537 2499 1676 2544 finem
1704 2500 1759 2544 ad
1786 2499 1915 2559 plura
1932 2508 2079 2543 exten-

45 2566 62 2591 ²
110 2562 237 2612 *ditur
258 2567 436 2612 ratione
459 2566 562 2612 finis
587 2567 722 2612 illius.
748 2567 917 2612 Divina
950 2577 1103 2613 autern
1135 2567 1329 2612 essentia
1362 2577 1429 2612 est
1461 2566 1792 2627 perfectissima
1823 2567 1870 2610 in
1901 2566 2077 2609 ratione

51 2655 61 2695 33
114 2633 330 2680 bonitatis
361 2645 407 2680 et
437 2634 561 2690 finis;
591 2635 729 2694 igitur
760 2633 980 2680 diffundet
1010 2649 1141 2679 suam
1177 2634 1487 2680 causalitatem
1519 2634 1718 2678 maxime
1751 2633 1807 2678 ad
1838 2633 1996 2687 multa,
2029 2642 2078 2676 ut

41 2706 66 2747 ἶ
112 2711 301 2761 propter
312 2701 460 2762 ipsam
483 2701 625 2747 multa
647 2702 737 2747 sint
755 2701 913 2757 volita,
931 2712 975 2747 et
995 2702 1238 2773 praecipue
1256 2717 1281 2746 a
1297 2703 1416 2758 Deo,
1440 2703 1514 2762 qui
1538 2716 1641 2746 eam
1658 2701 1910 2746 secundum
1930 2711 2076 2746 totam

47 2767 71 2815 ,ἶ
95 2778 249 2826 ‘suam
272 2768 487 2814 virtutem
513 2766 712 2828 perfecte
736 2768 847 2817 vult.
1367 2788 1378 2798 -

123 2844 129 2854 ‘
204 2831 468 2881 Praeterea.
494 2836 708 2881 voluntas
733 2837 1026 2896 consequitur
1050 2835 1364 2881 intellectum·
1355 2872 1366 2891 ,
1388 2835 1467 2881 sed
1492 2836 1619 2881 Deus
1648 2835 1881 2880 intellectu
1903 2848 1987 2879 suo
2012 2835 2077 2879 in-

46 2890 91 2949 ζ.
117 2902 281 2964 telligit
305 2918 354 2949 se
379 2903 699 2964 principaliter,
726 2914 771 2948 et
796 2906 842 2948 in
868 2918 915 2949 se
941 2904 1152 2964 intelligit
1186 2904 1342 2949 omnia
1369 2903 1486 2959 alia;
1518 2904 1655 2964 igitur
1685 2903 1893 2948 similiter
1916 2902 2077 2963 princi-

0 3011 2 3013 ,
117 2969 278 3028 paliter
301 2970 398 3015 vult
422 2985 485 3024 se,
512 2981 557 3016 et
580 2970 779 3015 volendo
806 2985 854 3015 se
886 2971 983 3015 vult
1014 2972 1170 3016 omnia
1202 2971 1304 3016 alia.

206 3036 309 3083 Hoc
340 3048 494 3083 autem
529 3038 799 3083 auctoritate
819 3052 975 3083 sacrae
997 3037 1257 3097 Scripturae
1279 3037 1596 3083 confirmatur:
1621 3037 1784 3082 dicitur
1806 3037 1927 3082 enim
1946 3036 2074 3097 (Sap.

0 3084 3 3142 1L
58 3109 78 3165 J
99 3095 196 3148 'XL
223 3104 341 3163 25.):
366 3105 523 3164 Diligis
554 3107 696 3151 omnia
721 3120 825 3165 quae
855 3111 964 3160 sunt,
992 3111 1028 3150 et
1059 3106 1165 3150 nihil
1196 3105 1316 3150 odisti
1347 3119 1490 3151 eorum
1509 3120 1612 3165 quae
1624 3106 1776 3164 fecisti.

815 3253 1078 3311 'CAPUT
1120 3253 1375 3310 LXXVI.

157 3371 315 3419 Quon
350 3373 491 3412 nnus
523 3373 639 3413 uno
675 3374 829 3414 ‹ac‘ru
867 3374 1223 3416 νοιυΝΤΑτιε
1266 3376 1326 3414 SE
1366 3374 1438 3414 ET
1478 3374 1653 3414 OMNIA
1692 3373 1819 3413 ALIA
1851 3373 2033 3414 vem.

640 3460 699 3519 (Ι.
724 3467 840 3520 part.
867 3468 1022 3521 quaest.
1053 3463 1170 3506 XIX.
1203 3468 1287 3507 art.
1311 3476 1352 3507 2.
1379 3461 1433 3506 ad
1455 3463 1535 3521 4)

206 3558 311 3607 Hoc
344 3570 496 3607 autem
527 3561 700 3617 habito,
731 3563 932 3624 sequitur
964 3565 1086 3625 quod
1117 3565 1244 3610 Deus
1276 3577 1369 3610 uno
1403 3574 1505 3611 actu
1536 3563 1784 3611 voluntatis
1819 3579 1868 3612 se
1904 3575 1949 3611 et
1985 3565 2073 3611 alia

116 3610 243 3672 velit.
271 3626 438 3675 Omnis
464 3629 587 3674 enim
611 3629 752 3675 virtus
773 3642 863 3675 una
889 3631 1169 3690 operatione,
1194 3630 1268 3676 vel
1293 3644 1387 3677 uno
1420 3641 1524 3677 actu
1550 3631 1723 3678 fertur
1711 3646 1757 3677 m
1780 3633 2008 3692 objectum
2029 3644 2074 3679 et
