2332 3854
262 202 370 271 580
942 216 1096 254 LIBER
1136 217 1210 255 1v.
1252 215 1371 254 CAP.
1412 216 1544 254 xvu.

254 332 376 363 eum.
406 318 454 362 Si
483 332 592 377 ergo
619 319 733 364 haec
759 318 910 361 nullus
934 317 1045 360 vidit
1066 326 1243 375 praeter
1268 317 1437 371 Deum,
1460 326 1509 361 ut
1530 317 1670 372 Isajas
1693 317 1816 372 dicit,
1836 317 2138 372 manifestum
2148 329 2219 374 ost

258 385 477 444 Spiritum
507 385 725 428 Sanctum
753 385 905 428 Deum
933 397 1044 427 esse.
2140 416 2141 419 ,

347 453 486 495 Item:
521 453 628 509 (Isa.
656 451 733 495 VI.
769 452 830 505 8.)
865 451 1048 493 dicitur:
1083 449 1246 494 Audivi
1276 465 1421 495 vocem
1454 452 1539 494 Dei
1571 451 1764 496 dicentis.-
1800 451 1936 507 Quem
1966 453 2146 506 mittam,
2178 458 2219 501 et

256 521 346 577 quis
366 521 446 563 ibit
466 520 583 562 nobis
602 521 622 563 ?
647 520 703 562 Et
728 518 844 560 dixi:
870 518 973 561 Ecce
996 531 1080 574 ego,
1104 519 1218 560 mitte
1240 533 1315 563 me.
1342 519 1399 562 Et
1425 518 1558 562 dixit:
1590 518 1716 571 Vade,
1739 525 1776 562 et
1797 517 1903 562 dices
1918 520 2073 578 popule
2090 516 2216 573 buia}

254 586 408 631 Audite
435 586 642 629 audientes
667 591 705 628 et
725 585 848 627 nolite
879 583 1116 640 intelligere.
1141 583 1267 627 Haec
1295 594 1448 628 autem
1475 585 1611 628 verba
1639 584 1807 628 Paulus
1835 584 2020 642 Spiritui
2043 580 2221 642 Sancto:

256 653 474 703 attribuit3
510 651 627 693 unde
662 651 824 692 dicitur
857 651 980 707 (Act.
1015 649 1226 693 XXVIII.
1262 651 1353 708 25.)
1381 651 1502 710 quod
1534 650 1702 694 Paulus
1737 651 1847 694 dixit
1866 650 2072 708 Judaeis÷
2103 653 2215 707 Beue

247 720 427 778 Spiritus
451 719 624 761 Sanctus
646 717 804 760 locutus
826 723 881 760 est
897 725 974 774 per
989 717 1148 760 Isaiam
1163 717 1417 774 prophetam
1440 718 1601 762 dicens:
1632 717 1740 761 Vade
1763 717 1816 761 ad
1832 718 2050 776 populum
2064 720 2211 775 istum,

241 793 279 830 et
310 785 374 828 dic
400 784 452 827 ad
485 799 573 827 eos:
603 784 718 826 4u1e
752 782 873 826 audie
863 784 942 835 tis,
978 789 1016 826 et
1041 797 1124 826 non
1158 783 1405 842 intelligetis.
1435 783 1725 828 Manifestum
1755 794 1822 828 est
1847 797 1959 843 ergo
1981 783 2211 843 Spiritum

242 852 461 895 Sanctum
487 851 639 893 Deum
668 864 780 893 esse.
2143 886 2146 890 ,

330 917 517 961 Adhuc:
548 932 601 959 ex
624 917 762 959 sacris
789 915 1032 974 Scripturis
1061 927 1248 975 apparet
1274 918 1427 961 Deum
1455 931 1555 961 esse
1583 917 1659 975 qui
1685 916 1865 962 locutus
1892 927 1960 962 est
1990 931 2072 976 per
2096 895 2207 981 pro-

240 985 425 1043 phetas;
453 984 614 1027 dicitur
643 983 765 1027 enim
793 983 953 1042 (Num.
981 984 1081 1027 XII.
1115 983 1178 1041 6.)
1207 998 1260 1029 ex
1287 999 1366 1029 ore
1393 986 1503 1030 Dei:
1531 986 1577 1029 Si
1609 986 1698 1042 quis
1715 985 1854 1043 fuerit
1875 986 1984 1030 iuter
2008 998 2082 1030 vos
2103 994 2205 1045 pro-

234 1052 361 1109 pheta
379 1053 572 1104 Domini,
592 1052 636 1093 in
657 1052 818 1094 visione
839 1052 1044 1109 apparebo
1068 1052 1119 1104 ei,
1138 1052 1205 1095 vel
1219 1060 1297 1111 per
1312 1054 1534 1105 somnium,
1555 1051 1598 1094 id
1616 1061 1684 1095 est
1700 1065 1780 1110 per
1799 1051 2017 1110 Spiritum
2031 1066 2204 1107 meum,

241 1119 390 1176 loquar
411 1118 464 1161 ad
487 1118 634 1168 illum,·
664 1127 709 1160 et
741 1117 933 1174 (Psalm.
954 1117 1202 1162 LXXXIV.
1223 1120 1285 1176 9.)
1305 1119 1490 1162 dicitur:
1525 1117 1712 1162 Audiam
1736 1118 1836 1176 quid
1856 1118 2052 1176 loquatur
2071 1121 2116 1170 in
2140 1134 2205 1164 me
2276 1160 2279 1164 .

238 1186 448 1229 Dominus
483 1186 608 1228 Deus.
641 1183 879 1227 Manifeste
909 1195 1060 1228 autern
1094 1186 1346 1229 ostenditur
1373 1184 1591 1243 Spiritum
1622 1184 1843 1228 Sanctum
1869 1184 2077 1230 locutum
2102 1199 2202 1232 esse

240 1252 285 1295 in
314 1251 544 1310 prophetis
563 1267 573 1304 3
596 1250 759 1294 dicitur
784 1250 908 1293 enim
931 1250 1056 1309 (Act.
1079 1252 1112 1294 I.
1142 1250 1251 1308 16.):
1283 1253 1459 1310 Oportet
1483 1253 1593 1296 enim
1616 1251 1785 1310 impleri
1804 1253 2058 1311 scripturam
2076 1266 2207 1311 quam

230 1319 450 1379 praedixit
474 1320 655 1375 Spiritus
680 1319 852 1363 Sanctus
874 1327 953 1377 per
979 1334 1020 1362 os
1046 1319 1196 1362 David
1205 1335 1220 1370 ,·
1249 1329 1293 1362 et
1323 1319 1504 1376 (Matth.
1533 1318 1680 1361 XXII.
1699 1317 1793 1375 43.)
1817 1318 2048 1363 Dominus
2068 1319 2205 1364 dicit:

238 1386 497 1438 Quomodo
525 1385 681 1429 dicunt
704 1385 889 1429 Scribae
918 1384 1155 1429 Christum
1182 1385 1326 1429 filium
1355 1385 1504 1429 David
1529 1385 1663 1429 esse?
1686 1385 1783 1444 ipse
1811 1385 1934 1437 enim
1957 1385 2137 1437 dicebat
2156 1386 2204 1431 in

237 1453 409 1511 Spiritu
438 1453 636 1496 Sancto:
662 1454 789 1496 Dixit
821 1453 1031 1496 Dominus
1059 1453 1244 1496 Domino
1266 1467 1382 1497 meo:
1414 1451 1501 1497 sede
1527 1466 1553 1506 a
1575 1451 1729 1496 dextris
1751 1453 1874 1504 meis;
1900 1461 1946 1501 et
1976 1452 2055 1509 (ΙΙ.
2082 1451 2206 1498 Petr.

237 1520 271 1563 Ι.
298 1519 391 1576 21.)
415 1520 597 1563 dicitur:
631 1520 730 1563 Non
762 1521 871 1563 enim
901 1519 1115 1563 voluntate
1146 1519 1331 1563 humana
1363 1520 1492 1563 allata
1524 1525 1578 1563 est
1609 1517 1835 1577 aliquando
1860 1519 2106 1578 prophetia5
2127 1518 2208 1573 sed

235 1587 395 1645 Spiritu
420 1587 570 1631 Sancto
602 1587 815 1644 inspirati,
842 1586 967 1630 locuti
990 1593 1085 1630 sunt
1107 1588 1240 1630 sancti
1267 1587 1350 1630 Dei
1375 1587 1570 1630 homines.
1598 1584 1837 1631 Manifeste
1871 1599 1983 1644 ergo
2007 1585 2056 1631 in
2084 1585 2199 1669 Scri·

237 1655 380 1711 pturis
407 1652 637 1711 colligitur
666 1653 886 1711 Spiritum
914 1653 1135 1696 Sanctum
1162 1653 1316 1697 Deum
1343 1668 1455 1698 esse.

323 1722 462 1764 Item.
487 1719 705 1764 revelatio
730 1719 1052 1778 mysteriorum
1074 1721 1309 1779 proprium
1333 1735 1448 1778 opus
1471 1721 1560 1764 Dei
1584 1719 1873 1765 ostenditur
1861 1733 1909 1764 m
1933 1698 2210 1778 Scripturis3

237 1787 400 1831 dicitur
426 1788 549 1831 enim
577 1787 716 1843 (Dan.
743 1787 801 1830 II.
830 1787 945 1843 28.):
973 1787 1048 1831 Est
1073 1789 1188 1831 Deus
1212 1789 1257 1831 in
1283 1788 1390 1831 coelo
1417 1787 1602 1831 revelans
1633 1789 1843 1845 mysteria.
1875 1786 2202 1846 Mysteriorum

232 1864 386 1898 autem
426 1852 644 1897 revelatio
678 1867 793 1911 opus
829 1853 1022 1911 Spiritus
1052 1853 1207 1897 Sancti
1235 1854 1509 1898 ostenditur:
1545 1854 1707 1897 dicitur
1740 1853 1952 1912 enim-(L
1986 1852 2198 1905 Corinna.

232 1921 288 1964 II.
322 1922 433 1977 10..)
462 1921 594 1965 Nobis
614 1920 819 1964 revelavit
835 1921 948 1963 Deus
966 1927 1045 1978 per
1073 1921 1280 1978 Spiritum
1296 1936 1443 1972 suum,·
1469 1931 1512 1964 et
1530 1920 1607 1977 (ib.
1635 1920 1759 1963 XIV.
1777 1920 1871 1977 2):
1893 1919 2080 1967 dicitur:
2106 1921 2198 1980 Spi-

231 1989 338 2032 ritus
364 1989 549 2046 loquitur
573 1988 781 2045 mysteria.
811 1987 1002 2045 Spiritus
1029 2001 1140 2045 ergo
1169 1987 1364 2031 Sanctus
1390 1987 1516 2030 Deus
1547 1995 1627 2030 est.

319 2054 584 2098 Praeterea:
613 2053 799 2099 interius
825 2053 992 2097 docere
1019 2054 1255 2112 proprium
1278 2068 1393 2112 opus
1420 2054 1509 2098 Dei
1536 2064 1627 2107 est;
1661 2053 1824 2098 dicitur
1853 2053 1978 2097 enim
2004 2022 2199 2112 (Psalm.

236 2121 404 2166 XCIII.
437 2120 526 2177 10.)
554 2120 609 2164 de
635 2121 762 2164 Deo:
794 2122 883 2177 Qui
905 2121 1020 2165 docet
1046 2122 1252 2166 hominem
1283 2123 1525 2172 scientiam;
1555 2130 1599 2164 et
1624 2120 1765 2179 (Dan.
1791 2120 1850 2165 II.
1877 2119 1996 2177 21.-):
2022 2121 2116 2167 Dat
2137 2134 2200 2165 sa-

222 2190 430 2247 pientiam
454 2189 705 2246 sapientibus
726 2194 762 2232 et
783 2190 996 2233 scientiam
1021 2189 1340 2246 intelligentibus
1365 2188 1643 2247 disciplinam.
1664 2187 1766 2232 Hoc
1784 2197 1945 2233 autem
1963 2201 2200 2247 proprium

229 2269 343 2313 opus
385 2255 577 2313 Spiritus
620 2254 778 2298 Sancti
819 2266 918 2299 esse
962 2255 1255 2299 manifestum
1297 2266 1388 2310 est;
1427 2255 1535 2299 dicit
1571 2255 1695 2299 enim
1732 2255 1963 2301 Dominus
2002 2254 2198 2314 (Joann.

227 2321 350 2366 XIV.
378 2320 494 2377 26.:)
522 2322 610 2365 Par
613 2321 700 2379 acl)
705 2327 767 2365 tus
796 2321 974 2380 Spiritus
1005 2323 1194 2376 Sanctus,
1213 2337 1332 2380 quem
1354 2323 1488 2366 mittet
1509 2323 1637 2366 Pater
1662 2324 1708 2365 in
1732 2322 1899 2370 nomine
1914 2320 2037 2376 meo,
2033 2321 2108 2367 ille
2121 2336 2197 2370 vos

227 2388 384 2432 docebit
409 2390 565 2431 omnia.
594 2387 787 2446 Spiritus
815 2402 924 2445 ergo
956 2387 1150 2432 Sanctus
1180 2399 1248 2433 est
1275 2389 1455 2433 divinae
1480 2398 1686 2432 naturae.
2070 2421 2074 2430 ‚
2196 2421 2200 2427 ,

317 2455 507 2498 Adhuc:
543 2468 737 2513 quorum
764 2465 832 2498 est
858 2455 1019 2499 eadem
1042 2456 1249 2512 operatio
1278 2465 1459 2514 oportet
1486 2469 1583 2499 esse
1617 2439 1833 2499 eamdem
1857 2464 2095 2509 naturam.·
2113 2420 2195 2500 Est

226 2532 382 2566 autem
409 2522 570 2565 eadem
598 2522 804 2579 operatio
831 2521 933 2564 Filii
960 2532 1003 2565 et
1030 2522 1223 2579 Spiritus
1252 2522 1434 2576 Sancti3
1468 2522 1591 2580 quod
1625 2522 1747 2565 enirn
1783 2521 1991 2567 Christus
2022 2521 2088 2575 in
2094 2535 2200 2567 san-

239 2589 322 2633 ctis
350 2588 575 2647 loquatur,
609 2588 862 2645 Apostolus
895 2589 1093 2632 ostendit
1125 2590 1202 2645 (ΙΙ.
1240 2589 1450 2634 Corinth.
1477 2589 1600 2631 XIII.
1631 2588 1691 2645 3.)
1719 2587 1900 2632 dicens:
1931 2589 2016 2634 An.
2036 2590 2199 2648 experi-

229 2662 413 2699 mentum
451 2656 651 2713 quaeritis
675 2657 761 2712 ejus
793 2656 865 2713 qui
897 2656 942 2698 in
974 2670 1038 2699 me
1071 2656 1254 2713 loquitur
1288 2656 1478 2700 Christus
1497 2657 1518 2700 ?
1550 2655 1652 2698 Hoc
1686 2654 1972 2714 etiam„opus
2004 2653 2199 2715 Spiritus

229 2722 386 2766 Sancti
409 2736 506 2765 esse
533 2721 771 2765 manifeste
804 2731 1013 2779 apparet;
1031 2722 1194 2766 dicitur
1220 2723 1342 2767 enim
1369 2722 1552 2780 (Matth.
1579 2721 1637 2766 X.
1660 2721 1778 2778 20.):
1797 2721 1896 2767 Non
1919 2722 2198 2781 vosestis'qui

227 2789 464 2847 loquimini,
490 2788 556 2833 sed
572 2789 751 2847 Spiritus
771 2789 912 2832 Patris
928 2791 1056 2833 vestri
1083 2790 1154 2847 qui
1180 2789 1365 2848 loquitur
1387 2791 1432 2833 in
1453 2790 1583 2834 vobis.
1611 2788 1690 2832 Est
1715 2801 1826 2847 ergo
1844 2788 2006 2841 eadem
2031 2797 2194 2841 natura

225 2855 328 2899 Filii
354 2866 399 2899 et
421 2855 612 2914 Spiritus
633 2855 803 2908 Sancti,
831 2865 876 2899 et
907 2869 986 2914 per
1010 2869 1295 2914 consequens
1314 2856 1472 2910 Patris,
1497 2869 1639 2914 quum
1666 2864 1905 2900 ostensum
1929 2855 1987 2900 sit
2007 2854 2195 2909 Patrem

232 2933 277 2966 et
299 2922 473 2969 Filium
506 2936 646 2966 unam
677 2932 887 2966 naturam
921 2922 1103 2966 habere.
1156 2955 1163 2959 -

317 2988 552 3047 Amplius:
571 2989 824 3032 inhabitare
844 2999 1019 3033 mentes
1036 2999 1302 3033 sanctorum
1324 2989 1558 3047 proprium
1575 2989 1661 3032 Dei
1684 2997 1776 3043 est;
1802 2950 1921 3036 unde
1939 2986 2194 3048 Apostolus

226 3055 334 3100 dicit
361 3055 438 3112 (II.
469 3055 576 3099 Cor.
609 3054 687 3099 VI.
721 3053 836 3112 16.):
878 3056 954 3100 Vos
980 3057 1070 3100 estis
1092 3055 1285 3114 templum
1310 3056 1393 3099 Dei
1413 3056 1522 3109 vivi,
1554 3056 1660 3099 sicut
1681 3054 1783 3099 dicit
1811 3054 2051 3100 Dominus:
2080 3055 2197 3112 Quo·

222 3123 340 3166 niam
364 3122 607 3166 inhabitabo
633 3123 679 3166 in
705 3122 800 3166 illis.
825 3122 926 3165 Hoc
955 3133 1108 3167 autem
1125 3122 1248 3166 idem
1275 3121 1528 3198 Apostolus
1556 3120 1743 3180 Spiritui
1766 3121 1937 3167 Sancto
1957 3120 2194 3175 atti-thuin

223 3188 332 3233 dicit
355 3188 476 3232 enim
499 3188 553 3264 (Ι.
584 3188 793 3232 Corinth.
823 3189 898 3231 ΙΙΙ.
923 3187 1033 3245 16.):
1057 3189 1236 3233 Nescitis
1262 3191 1361 3246 quia
1387 3189 1581 3247 templum
1604 3189 1689 3233 Dei
1709 3189 1814 3243 estis,
1833 3194 1872 3234 et
1885 3184 2081 3247 Spiritus
2087 3187 2196 3245 Syn«-

223 3261 308 3300 ctus
340 3255 501 3300 habitat
533 3257 576 3299 in
601 3257 752 3301 vobis?
778 3255 856 3300 Est
883 3270 994 3313 ergo
1022 3256 1216 3314 Spiritus
1244 3256 1438 3300 Sanctus
1456 3256 1597 3301 Deus.

314 3321 455 3366 Item:
483 3335 581 3366 esse
608 3322 774 3380 ubique
801 3323 1034 3381 proprium
1068 3322 1157 3366 Dei
1190 3332 1269 3376 est,
1296 3322 1374 3382 qui
1399 3322 1508 3366 dicit
1534 3302 2065 3398 §Jerem.XX111.24·)·
2092 3320 2193 3375 ξων

222 3387 309 3431 lum
322 3395 358 3433 et
371 3395 606 3446 terramego
620 3389 780 3447 impleo
795 3388 851 3432 Et
863 3389 953 3432 hoc
969 3388 1155 3447 Spiritui
1169 3388 1341 3434 Sancto
1355 3389 1590 3443 convenit3
1609 3386 2049 3448 diciturenimffiap.
2061 3388 2096 3432 1.
2109 3388 2191 3446 7.)t

219 3454 399 3512 Spiritus
424 3455 606 3499 Domini
627 3455 801 3514 replevit
828 3456 969 3499 orbem
996 3462 1233 3508 terrarum;
1263 3466 1309 3500 et
1334 3454 2045 3514 (Psa1.CXXXV111.7.):Quo‚
2067 3455 2137 3509 ibo
2161 3468 2189 3500 a

220 3522 372 3579 spiritu
400 3522 504 3566 tuo?
529 3527 568 3566 et
584 3535 662 3579 quo
690 3536 716 3565 a
732 3523 847 3580 facie
865 3527 937 3566 tua
948 3522 1120 3581 fugiam
1137 3524 1158 3568 Ρ
1175 3532 1241 3567 et:
1272 3522 1318 3567 Si
1339 3522 1588 3568 ascendero
1572 3538 1617 3566 m
1634 3522 1805 3577 coelum,
1821 3526 1869 3567 tu
1883 3520 1980 3590 illic.
1996 3533 2055 3577 ιθ,
2074 3528 2186 3569 etc-t

221 3586 449 3631 Dominus
475 3587 613 3632 etiarn
639 3586 870 3647 discipulis
903 3588 1012 3634 dicit
1037 3587 1161 3648 (Act.
1195 3588 1344 3647 1.8.:)
1377 3589 1601 3649 Accipietis
1631 3590 1832 3635 virtutem
1852 3569 2187 3647 supervenientis
