2332 3854
284 209 385 278 382
929 221 1083 262 LIBER
1123 220 1200 261 111.
1242 220 1361 259 cap.
1404 219 1589 261 vam.

279 337 389 382 tam,
416 336 597 386 oportet
633 326 755 385 quod
781 325 838 369 sit
864 323 1043 382 ubique.
1078 322 1330 368 Ostensum
1354 332 1422 368 est
1443 331 1597 367 autem
1626 322 1685 367 in
1699 323 1848 382 primo
1879 322 2246 409 (c.43.)l).e.⁴tt1r1⁴

282 407 380 439 esse
408 393 609 438 infinitae
635 392 824 436 virtutis.
852 390 931 434 Est
954 389 1091 447 igitur
1117 389 2169 447 ubique..
2182 420 2187 430 .-

368 461 557 505 Adhuc:
585 460 700 503 sicut
726 472 774 502 se
797 457 933 500 habet
965 469 1102 500 causa
1127 454 1412 514 particularis
1431 456 1486 500 ad
1504 456 1823 514 particularem
1851 456 2080 511 effectum,
2101 457 2166 503 ita
2184 471 2236 504 se

280 528 418 573 habet
444 540 580 570 causa
598 523 863 568 universalis
882 522 938 566 ad
955 521 1262 566 universalem
1280 521 1506 567 effectum.
1527 523 1726 582 Oportet
1751 532 1921 567 autem·
1936 537 2125 571 causam
2139 538 2237 583 par

279 594 518 638 ticularem
560 591 742 650 proprio
781 588 962 633 effectui
1001 587 1261 647 particulari
1302 588 1458 633 adesse
1490 589 1651 643 simul;
1684 590 1801 633 sicut
1831 589 1949 648 ignis
1988 604 2068 648 per
2092 604 2238 649 <suam

283 660 523 705 essentiam
554 655 776 709 calefacit,
814 665 859 699 et
897 655 1050 698 anima
1086 669 1166 712 per
1203 667 1334 699 suam
1371 656 1614 700 essentiam
1647 656 1789 700 vitam
1827 650 2010 715 corpori
2034 655 2238 705 confert.

284 726 441 777 Quum
465 725 601 783 igitur
626 724 752 766 Deus
769 722 823 765 sit
842 735 979 766 causa
996 720 1417 768 universalis-totius
1435 737 1547 776 esse,
1564 732 1613 766 ut
1630 732 1865 767 ostensum
1882 732 1951 768 est
1965 723 2012 767 in
2037 716 2238 771 secundo

282 795 340 849 (c.
375 791 454 847 6.),
489 799 668 847 oportet
694 788 815 848 quod
856 789 903 831 in
935 802 1227 847 quocumque
1254 799 1321 832 est
1345 788 1548 834 invenire
1582 803 1695 843 esse,
1722 789 1764 833 ei
1790 789 1906 835 adsit
1930 789 2082 837 divina
2112 804 2239 848 prae-

281 868 438 903 sentia.

370 923 605 982 Amplius:
634 922 956 981 quodcumque
980 935 1119 980 agens
1146 931 1214 966 est
1238 936 1449 981 praesens
1465 931 1641 967 tantum
1668 922 1748 966 uni
1771 936 1960 968 suorum
1977 923 2240 978 effectuum,

284 993 379 1049 ejus
407 990 527 1034 actio
553 1004 647 1033 non
679 998 831 1047 potest
857 988 1061 1032 derivare
1089 989 1144 1033 ad
1176 988 1265 1032 alia
1296 989 1384 1033 nisi
1409 988 1488 1033 illo
1520 989 1766 1043 mediante,
1792 1003 1849 1034 eo
1875 990 1999 1049 quod
2031 999 2170 1049 agens
2197 999 2242 1036 et

283 1058 456 1117 patiens
489 1066 670 1115 oportet
703 1059 802 1100 esse
829 1054 990 1109 simul;
1017 1055 1135 1099 sicut
1170 1056 1236 1099 vis
1275 1056 1447 1100 motiva
1478 1070 1573 1100 non
1605 1066 1763 1100 movet
1799 1056 1887 1101 alia
1918 1058 2125 1102 membra
2148 1057 2237 1102 nisi

284 1126 513 1173 mediante
541 1125 692 1168 corde.
718 1124 767 1167 Si
788 1123 924 1182 igitur
952 1123 1078 1168 Deus
1105 1132 1222 1168 esset
1238 1137 1451 1182 praesens
1474 1123 1551 1167 uni
1573 1133 1751 1168 tantum
1771 1123 1962 1169 suorum
1979 1123 2241 1177 effectuum,

283 1203 441 1252 utpote
473 1192 623 1250 primo
649 1190 825 1244 mobili,
858 1190 981 1249 quod
1014 1190 1068 1234 ab
1097 1204 1152 1234 eo
1179 1190 1443 1234 immediate
1469 1200 1693 1243 movetur,
1710 1199 1975 1249 sequeretur
1998 1190 2241 1249 quodejus

285 1261 404 1304 actio
436 1273 530 1303 non
558 1267 712 1317 posset
737 1257 793 1302 ad
821 1256 908 1301 alia
942 1257 1134 1300 derivari
1160 1259 1247 1301 nisi
1278 1256 1358 1300 illo
1391 1257 1633 1301 mediante.
1668 1257 1770 1300 Hoc
1804 1266 1958 1302 autem
1983 1266 2053 1302 est
2081 1256 2237 1303 incon-

283 1328 484 1372 veniens.
518 1326 567 1370 Si
591 1325 713 1370 enim
741 1324 930 1382 alicujus
958 1324 1132 1382 agentis
1160 1324 1280 1368 actio
1314 1338 1408 1368 non
1434 1333 1584 1381 potest
1615 1323 1809 1368 derivari
1840 1323 1899 1367 ad
1926 1322 2245 1371 alianisi'me-

286 1396 438 1439 diante
465 1392 618 1451 aliquo
645 1392 809 1450 primo,
843 1401 1025 1450 oportet
1057 1391 1178 1450 quod
1221 1390 1332 1434 illud
1365 1389 1764 1449 proportionaliter
1788 1390 2065 1450 respondeat
2086 1391 2240 1450 agenti

285 1460 536 1505 secundum
562 1469 707 1503 totam
742 1459 837 1516 ejus
858 1460 1105 1512 ,virtutem3
1133 1457 1263 1502 aliter
1289 1457 1412 1501 enim
1447 1471 1542 1501 non
1573 1466 1729 1516 posset
1764 1470 1905 1516 agens
1929 1466 2134 1503 tota'sua
2156 1458 2246 1502 vir-

284 1537 379 1572 tute
405 1527 485 1581 uti,
512 1526 629 1570 sicut
653 1524 862 1569 videmus
889 1525 1012 1583 quod
1039 1538 1200 1568 omnes
1217 1534 1370 1568 motus
1387 1538 1501 1583 quos
1523 1533 1674 1583 potest
1699 1537 1892 1568 causare>
1906 1523 2049 1569 virtus
2069 1523 2245 1570 motiva

287 1594 457 1653 expleri
499 1602 690 1652 possunt
720 1605 799 1650 per
832 1605 925 1635 cor.
963 1591 1070 1635 Non
1108 1601 1176 1636 est
1211 1601 1365 1636 autern
1403 1590 1555 1649 aliqua
1591 1590 1796 1635 creatura
1821 1605 1901 1650 per
1926 1602 2064 1649 quam
2090 1601 2265 1650 posset-

285 1660 454 1719 expleri
480 1659 697 1719 quidquid
724 1658 877 1702 divina
907 1658 1050 1701 virtus
1085 1658 1234 1702 facere
1263 1667 1427 1717 potest,
1454 1672 1595 1716 quum
1631 1657 1782 1702 divina
1814 1657 1956 1702 virtus
1985 1657 2175 1704 excedat
2196 1658 2245 1702 in

287 1729 515 1778 infinitum
542 1726 791 1786 quamlibet
812 1740 910 1771 rem
938 1736 1153 1779 creatam,
1186 1735 1235 1769 ut
1268 1736 1452 1784 apparet
1483 1739 1536 1769 ex
1562 1724 1632 1770 his
1659 1738 1775 1783 quae
1807 1723 1854 1768 in
1879 1724 2029 1783 primo
2061 1733 2245 1770 ostensa

285 1806 389 1840 sunt
406 1796 466 1852 (c.
495 1795 603 1853 43.).
622 1793 955 1838 Inconveniens
975 1802 1042 1837 est
1062 1792 1198 1850 igitur
1220 1792 1370 1837 dicere
1390 1791 1512 1850 quod
1535 1791 1686 1835 divina
1709 1790 1828 1835 actio
1850 1804 1945 1835 non
1967 1805 2017 1836 se
2035 1791 2246 1837 extendat

286 1865 342 1908 ad
371 1863 459 1906 alia
490 1862 577 1909 nisi
616 1861 846 1909 mediante
881 1874 974 1904 uno
1006 1860 1170 1917 primo.
1207 1859 1315 1904 Non
1352 1869 1420 1903 est
1449 1859 1587 1917 igitur
1617 1871 1830 1918 praesens
1865 1858 2037 1905 inuno
2067 1867 2244 1904 tautum

289 1944 479 1975 suorum
512 1928 771 1982 effectuum,
804 1927 882 1972 sed
909 1928 956 1970 in
982 1926 1214 1981 omnibus;
1242 1926 1403 1970 eadem
1431 1926 1552 1969 enim
1580 1925 1755 1970 ratione
1782 1924 2052 1983 opinabitur,
2077 1924 2116 1969 si
2145 1925 2246 1984 quis

289 1998 410 2041 dicat
436 2010 542 2041 eum
570 1995 747 2039 esse'in
782 1994 1004 2052 aliquibus
1031 2003 1075 2038 et
1106 2007 1199 2036 non
1231 1993 1277 2037 in
1305 1992 1532 2047 omnibus,
1564 1992 1670 2051 quia
1696 2000 1989 2051 quocumque
2014 1991 2155 2038 modo
2179 1990 2246 2037 ef-

286 2063 432 2108 fectus
458 2061 600 2106 divini
636 2061 930 2120 accipiantur,
956 2074 1051 2105 non
1084 2059 1358 2105 sufficienter
1390 2059 1568 2118 explere
1605 2067 1820 2118 poterunt
1854 2058 2034 2103 divinae
2067 2057 2244 2105 vir-tutis

286 2130 641 2176 exsecutionem.
1972 2159 1974 2162 ,
2009 2156 2011 2160 ,
2246 2159 2248 2162 ,

374 2198 639 2241 Praeterea:
666 2208 854 2239 necesse
882 2204 949 2239 est
975 2204 1023 2238 ut
1045 2207 1182 2238 causa
1207 2207 1347 2252 agens
1374 2192 1430 2237 sit
1455 2192 1592 2236 simul
1614 2206 1720 2236 cum
1742 2205 1826 2237 suo
1849 2190 2012 2236 effectu
2031 2168 2244 2251 proximo

288 2275 332 2309 et
357 2263 641 2308 immediato.
674 2262 727 2306 In
755 2261 955 2320 qualibet
980 2271 1133 2305 autem
1165 2275 1213 2305 re
1247 2270 1314 2304 est
1340 2259 1501 2318 aliquis
1527 2259 1712 2304 effectus
1745 2259 1979 2318 proximus
2004 2268 2050 2305 et
2079 2259 2243 2305 imme·
2310 2278 2317 2285 ·

287 2333 432 2375 diatus
460 2330 600 2389 ipsius
626 2329 739 2383 Dei;
768 2338 1002 2372 ostensum
1036 2337 1104 2371 est
1136 2327 1258 2371 enim
1284 2327 1331 2370 in
1357 2327 1558 2370 secundo
1591 2326 1655 2383 (c.
1687 2326 1780 2383 21.)
1815 2325 1938 2384 quod
1963 2324 2089 2370 solus
2119 2325 2246 2369 Deus

288 2412 441 2442 creare
467 2405 640 2456 potest;
667 2396 713 2438 in
741 2394 941 2453 qualibet
967 2404 1120 2438 autem
1146 2408 1194 2438 re
1222 2403 1288 2437 est
1315 2393 1483 2453 aliquid
1516 2392 1638 2451 quod
1670 2406 1749 2450 per
1781 2392 2063 2437 creationem
2088 2405 2246 2436 causa-

285 2476 378 2509 tur:
406 2464 453 2507 in
479 2463 611 2506 rebus
640 2462 825 2520 quidem
858 2459 1188 2520 corporalibus,
1225 2460 1371 2519 prima
1406 2459 1621 2512 materia3
1658 2459 1704 2502 in
1741 2459 1874 2503 rebus
1912 2468 2066 2503 autem
2101 2458 2248 2503 incor—

289 2531 457 2591 poreis,
483 2529 714 2589 simplices
748 2543 903 2572 earum
939 2527 1176 2580 essentiae,
1204 2537 1254 2570 ut
1280 2541 1332 2570 ex
1360 2526 1430 2570 his
1457 2536 1644 2585 apparet
1675 2539 1792 2584 quae
1819 2535 1922 2570 sunt
1947 2525 2249 2570 determinata

287 2598 407 2657 (Lib.
428 2598 482 2641 ΙΙ,
508 2610 545 2640 c.
579 2609 643 2653 15.
677 2605 722 2639 et
747 2595 874 2654 seq.).
896 2594 1094 2653 Oportet
1118 2593 1255 2652 igitur
1281 2592 1418 2637 simul
1443 2593 1597 2636 Deum
1615 2592 1774 2636 adesse
1795 2591 1840 2635 in
1861 2591 2245 2646 omnibusrebus,

290 2664 556 2723 praesertim
583 2677 725 2722 quum
758 2676 811 2706 ea
835 2676 950 2721 quae
978 2662 1032 2705 de
1059 2675 1154 2705 non
1182 2674 1280 2705 esse
1309 2660 1362 2704 ad
1387 2673 1484 2704 esse
1507 2659 1704 2718 prodixit
1737 2658 1956 2703 continuo
1988 2668 2035 2703 et
2061 2671 2249 2718 semper

288 2733 334 2776 in
358 2742 475 2776 esset
509 2740 763 2784 conservet,
790 2740 838 2773 ut
865 2738 1100 2773 ostensum
1129 2737 1196 2772 est
1222 2728 1282 2786 (c.
1307 2725 1413 2783 65).

377 2799 495 2842 Hinc
523 2807 592 2841 est
623 2796 745 2855 quod
778 2796 964 2859 (Jerem.
991 2795 1159 2839 XXIII.
1186 2793 1280 2850 24.)
1307 2794 1492 2838 dicitur:
1524 2793 1695 2838 Coelum
1727 2799 1763 2837 et
1784 2799 1943 2838 terram
1967 2806 2046 2851 ego
2070 2792 2246 2852 implam·

290 2875 335 2910 et
358 2865 498 2922 (Psal.
525 2863 819 2908 CXXXVIII.
856 2863 942 2919 8).
979 2863 1025 2907 Si
1056 2861 1273 2906 ascendero
1305 2863 1349 2904 in
1377 2861 1548 2915 coelum,
1583 2866 1624 2904 tu
1658 2859 1743 2905 illic
1769 2875 1832 2910 es,·
1862 2860 1898 2904 si
1928 2859 2164 2905 descendero
2193 2859 2249 2904 iad

288 2934 519 2991 infernum,
554 2931 660 2975 ades.

377 3001 464 3043 Per
489 2998 579 3042 hoc
613 3010 767 3042 autem
794 2995 1046 3040 excluditur
1069 3009 1194 3039 error
1219 2994 1524 3053 quorumdam
1557 2993 1806 3038 dicentium
1828 2993 1996 3041 Deum
2024 2991 2072 3037 in
2097 2992 2248 3053 aliqua

286 3077 412 3127 parte
441 3066 599 3109 mundi
625 3063 925 3108 determinata
953 3077 1065 3115 esse,
1087 3072 1195 3121 puta
1220 3061 1268 3105 in
1294 3061 1442 3120 primo
1461 3060 1593 3105 coelo
1622 3070 1667 3104 et
1692 3062 1738 3104 in
1762 3069 1888 3119 parte
1903 3059 2117 3136 orientis,
2127 3059 2248 3104 unde

289 3144 358 3178 est
382 3132 654 3192 principium
681 3141 834 3175 motus
867 3129 999 3174 coeli
1029 3129 1245 3181 Quorum
1270 3138 1426 3172 tamen
1452 3127 1625 3171 dictum
1651 3127 1859 3172 sustineri
1884 3136 2054 3186 posset,
2070 3125 2125 3172 si
2134 3139 2245 3171 sane

288 3200 549 3259 accipiatur,
572 3207 621 3242 ut
646 3197 822 3242 scilicet
846 3211 940 3240 non
957 3195 1267 3254 intelligamus
1285 3195 1436 3238 Deum
1456 3194 1607 3252 aliqua
1625 3193 1924 3238 determinata
1946 3192 2105 3237 mundi
2121 3198 2261 3252 parte

287 3281 385 3311 esse
413 3266 700 3319 conclusum,
727 3265 804 3308 sed
838 3264 943 3323 quia
976 3264 1184 3307 omnium
1219 3274 1545 3320 corporearum
1576 3262 1836 3305 motionum
1868 3259 2157 3319 principium,
2180 3273 2250 3304 se-

287 3334 486 3377 cundum
505 3343 692 3376 naturae
716 3331 938 3389 ordinem,
963 3331 1016 3373 ab
1045 3330 1195 3387 aliqua
1218 3328 1517 3372 determinata
1543 3327 1701 3386 incipit
1717 3337 1858 3387 parte,
1882 3326 1987 3372 Deo
2009 3335 2250 3380 movent&

288 3411 472 3459 propter
498 3400 619 3458 quod
654 3409 697 3442 et
718 3399 765 3441 in
798 3411 926 3442 sacra
954 3396 1185 3454 Scriptura
1211 3395 1338 3439 Deus
1364 3394 1526 3438 dicitur
1552 3393 1825 3453 specialiter
1826 3406 1927 3438 esse
1952 3393 1999 3437 in
2025 3390 2161 3438 coelo
2183 3406 2250 3437 se-

290 3467 490 3510 cundum
517 3465 628 3509 illud
656 3466 763 3523 (Isa.
798 3463 960 3508 ultimo
995 3463 1076 3519 1.:)
1106 3462 1277 3506 Coelum
1299 3475 1389 3505 mea
1413 3461 1547 3513 sedem
1577 3471 1622 3505 et
1648 3459 1985 3517 (Psa1.CX111.
2007 3457 2131 3516 16.·:-)
2149 3457 2250 3504 Coa-
2318 3504 2332 3529 ἡ

290 3534 376 3577 lum
410 3534 510 3577 coeli
545 3534 748 3577 Domino.
780 3531 869 3575 Sed
898 3545 950 3575 ex
983 3531 1073 3574 hoc
1106 3529 1244 3588 quod,
1276 3538 1454 3587 praeter
1485 3537 1671 3572 naturae
1699 3527 1938 3582 ordinem,
1934 3525 2089 3572 ettam
2113 3525 2160 3569 in
2186 3525 2249 3570 in

290 3600 409 3644 fimis
437 3600 700 3658 corporibus
727 3600 853 3643 Deus
881 3597 1048 3656 aliquid
1077 3605 1289 3655 operatur
1321 3595 1441 3654 quod
1476 3594 1638 3639 virtute
1668 3591 2116 3659 coelestis-corporis
2147 3598 2260 3637 cau&
2312 3594 2330 3611 ”’
