<?xml version="1.0" encoding="UTF-8"?>
<!DOCTYPE html PUBLIC "-//W3C//DTD XHTML 1.0 Transitional//EN"
    "http://www.w3.org/TR/xhtml1/DTD/xhtml1-transitional.dtd">
<html xmlns="http://www.w3.org/1999/xhtml" xml:lang="en" lang="en">
 <head>
  <title>
</title>
<meta http-equiv="Content-Type" content="text/html;charset=utf-8" />
  <meta name='ocr-system' content='tesseract 3.04.00' />
  <meta name='ocr-capabilities' content='ocr_page ocr_carea ocr_par ocr_line ocrx_word'/>
</head>
<body>
  <div class='ocr_page' id='page_1' title='image "./divithomaeaquina00thom_0119.png"; bbox 0 0 2332 3854; ppageno 0'>
   <div class='ocr_carea' id='block_1_1' title="bbox 832 259 2080 316">
    <p class='ocr_par' dir='ltr' id='par_1_1' title="bbox 832 259 2080 316">
     <span class='ocr_line' id='line_1_1' title="bbox 832 259 2080 316; baseline 0.001 -16"><span class='ocrx_word' id='word_1_1' title='bbox 832 260 990 301; x_wconf 83' lang='lat' dir='ltr'>LIBER</span> <span class='ocrx_word' id='word_1_2' title='bbox 1028 260 1067 302; x_wconf 86' lang='lat'><strong>1.</strong></span> <span class='ocrx_word' id='word_1_3' title='bbox 1106 261 1228 300; x_wconf 75' lang='lat' dir='ltr'><strong>CAP.</strong></span> <span class='ocrx_word' id='word_1_4' title='bbox 1267 259 1377 299; x_wconf 78' lang='lat' dir='ltr'>xct.</span> <span class='ocrx_word' id='word_1_5' title='bbox 1973 261 2080 316; x_wconf 88' lang='lat'>-107</span> 
     </span>
    </p>
   </div>
   <div class='ocr_carea' id='block_1_2' title="bbox 15 360 2137 3680">
    <p class='ocr_par' dir='ltr' id='par_1_2' title="bbox 15 360 2087 2016">
     <span class='ocr_line' id='line_1_2' title="bbox 127 360 2083 424; baseline 0 -17"><span class='ocrx_word' id='word_1_6' title='bbox 127 362 314 424; x_wconf 68' lang='lat' dir='ltr'>proprie</span> <span class='ocrx_word' id='word_1_7' title='bbox 339 361 538 407; x_wconf 84' lang='lat' dir='ltr'><strong>dicimur</strong></span> <span class='ocrx_word' id='word_1_8' title='bbox 568 372 738 407; x_wconf 81' lang='lat' dir='ltr'>amare.</span> <span class='ocrx_word' id='word_1_9' title='bbox 765 362 898 407; x_wconf 85' lang='lat' dir='ltr'>Aliae</span> <span class='ocrx_word' id='word_1_10' title='bbox 929 363 1065 422; x_wconf 83' lang='lat' dir='ltr'>igitur</span> <span class='ocrx_word' id='word_1_11' title='bbox 1093 362 1387 422; x_wconf 78' lang='lat' dir='ltr'>operationes</span> <span class='ocrx_word' id='word_1_12' title='bbox 1418 360 1671 405; x_wconf 84' lang='lat' dir='ltr'>secundum</span> <span class='ocrx_word' id='word_1_13' title='bbox 1703 360 1856 405; x_wconf 80' lang='lat' dir='ltr'>solum</span> <span class='ocrx_word' id='word_1_14' title='bbox 1890 363 2083 407; x_wconf 85' lang='lat' dir='ltr'>actionis</span> 
     </span>
     <span class='ocr_line' id='line_1_3' title="bbox 66 427 2084 495; baseline 0 -22.995"><span class='ocrx_word' id='word_1_15' title='bbox 66 464 77 491; x_wconf 49' lang='lat'><em>3</em></span> <span class='ocrx_word' id='word_1_16' title='bbox 132 427 355 495; x_wconf 86' lang='lat' dir='ltr'>vigorem,</span> <span class='ocrx_word' id='word_1_17' title='bbox 378 428 630 473; x_wconf 90' lang='lat' dir='ltr'>secundum</span> <span class='ocrx_word' id='word_1_18' title='bbox 651 428 799 487; x_wconf 89' lang='lat' dir='ltr'>magis</span> <span class='ocrx_word' id='word_1_19' title='bbox 821 439 865 472; x_wconf 93' lang='lat' dir='ltr'>et</span> <span class='ocrx_word' id='word_1_20' title='bbox 886 430 1036 473; x_wconf 89' lang='lat' dir='ltr'>minus</span> <span class='ocrx_word' id='word_1_21' title='bbox 1059 429 1291 474; x_wconf 89' lang='lat' dir='ltr'>dicuntur.</span> <span class='ocrx_word' id='word_1_22' title='bbox 1319 428 1474 487; x_wconf 92' lang='lat' dir='ltr'>quod</span> <span class='ocrx_word' id='word_1_23' title='bbox 1462 441 1510 471; x_wconf 87' lang='lat' dir='ltr'>m</span> <span class='ocrx_word' id='word_1_24' title='bbox 1532 428 1634 471; x_wconf 92' lang='lat' dir='ltr'>Deo</span> <span class='ocrx_word' id='word_1_25' title='bbox 1659 428 1865 472; x_wconf 90' lang='lat' dir='ltr'>accidere</span> <span class='ocrx_word' id='word_1_26' title='bbox 1885 441 1979 472; x_wconf 90' lang='lat' dir='ltr'>non</span> <span class='ocrx_word' id='word_1_27' title='bbox 2006 443 2084 487; x_wconf 92' lang='lat' dir='ltr'>po-</span> 
     </span>
     <span class='ocr_line' id='line_1_4' title="bbox 63 494 2083 554; baseline -0 -14"><span class='ocrx_word' id='word_1_28' title='bbox 63 495 71 546; x_wconf 60' lang='lat' dir='ltr'>‘s</span> <span class='ocrx_word' id='word_1_29' title='bbox 130 502 231 540; x_wconf 63' lang='lat' dir='ltr'>teet.</span> <span class='ocrx_word' id='word_1_30' title='bbox 256 494 378 539; x_wconf 86' lang='lat' dir='ltr'>Na&#39;m</span> <span class='ocrx_word' id='word_1_31' title='bbox 404 494 537 553; x_wconf 87' lang='lat' dir='ltr'>vigor</span> <span class='ocrx_word' id='word_1_32' title='bbox 562 494 768 548; x_wconf 85' lang='lat' dir='ltr'>actionis,</span> <span class='ocrx_word' id='word_1_33' title='bbox 793 495 1046 539; x_wconf 89' lang='lat' dir='ltr'>secundum</span> <span class='ocrx_word' id='word_1_34' title='bbox 1068 496 1280 540; x_wconf 87' lang='lat' dir='ltr'>virtutem</span> <span class='ocrx_word' id='word_1_35' title='bbox 1299 509 1389 554; x_wconf 84' lang='lat' dir='ltr'>qua</span> <span class='ocrx_word' id='word_1_36' title='bbox 1411 495 1572 553; x_wconf 85' lang='lat' dir='ltr'>agitur,</span> <span class='ocrx_word' id='word_1_37' title='bbox 1589 504 1891 539; x_wconf 84' lang='lat' dir='ltr'><strong>mensuratur.</strong></span> <span class='ocrx_word' id='word_1_38' title='bbox 1916 494 2083 539; x_wconf 90' lang='lat' dir='ltr'>Omnis</span> 
     </span>
     <span class='ocr_line' id='line_1_5' title="bbox 59 560 2081 619; baseline -0 -14"><span class='ocrx_word' id='word_1_39' title='bbox 59 560 89 576; x_wconf 79' lang='grc'>··’</span> <span class='ocrx_word' id='word_1_40' title='bbox 129 569 283 605; x_wconf 69' lang='lat' dir='ltr'>autem</span> <span class='ocrx_word' id='word_1_41' title='bbox 307 560 460 604; x_wconf 83' lang='lat' dir='ltr'>divina</span> <span class='ocrx_word' id='word_1_42' title='bbox 492 561 612 605; x_wconf 90' lang='lat' dir='ltr'>actio</span> <span class='ocrx_word' id='word_1_43' title='bbox 644 561 786 605; x_wconf 88' lang='lat' dir='ltr'>unius</span> <span class='ocrx_word' id='word_1_44' title='bbox 810 571 856 605; x_wconf 91' lang='lat' dir='ltr'>et</span> <span class='ocrx_word' id='word_1_45' title='bbox 886 562 1092 619; x_wconf 85' lang='lat' dir='ltr'>ejusdem</span> <span class='ocrx_word' id='word_1_46' title='bbox 1127 562 1302 606; x_wconf 88' lang='lat' dir='ltr'>virtutis</span> <span class='ocrx_word' id='word_1_47' title='bbox 1340 571 1429 606; x_wconf 83' lang='lat' dir='ltr'>est·</span> <span class='ocrx_word' id='word_1_48' title='bbox 1464 575 1596 606; x_wconf 86' lang='lat' dir='ltr'>amor</span> <span class='ocrx_word' id='word_1_49' title='bbox 1630 570 1785 605; x_wconf 89' lang='lat' dir='ltr'>autem</span> <span class='ocrx_word' id='word_1_50' title='bbox 1825 562 2081 606; x_wconf 86' lang='lat' dir='ltr'>secundum</span> 
     </span>
     <span class='ocr_line' id='line_1_6' title="bbox 52 626 2083 687; baseline 0 -16"><span class='ocrx_word' id='word_1_51' title='bbox 52 639 77 663; x_wconf 72' lang='grc'>-’</span> <span class='ocrx_word' id='word_1_52' title='bbox 125 626 280 685; x_wconf 55' lang='lat' dir='ltr'>magis</span> <span class='ocrx_word' id='word_1_53' title='bbox 296 636 342 671; x_wconf 86' lang='lat' dir='ltr'>et</span> <span class='ocrx_word' id='word_1_54' title='bbox 361 627 512 671; x_wconf 84' lang='lat' dir='ltr'>minus</span> <span class='ocrx_word' id='word_1_55' title='bbox 526 626 767 686; x_wconf 80' lang='lat' dir='ltr'>dupliciter</span> <span class='ocrx_word' id='word_1_56' title='bbox 787 627 877 670; x_wconf 89' lang='lat' dir='ltr'>dici</span> <span class='ocrx_word' id='word_1_57' title='bbox 894 637 1065 686; x_wconf 89' lang='lat' dir='ltr'>potest:</span> <span class='ocrx_word' id='word_1_58' title='bbox 1092 642 1186 673; x_wconf 90' lang='lat' dir='ltr'>uno</span> <span class='ocrx_word' id='word_1_59' title='bbox 1205 628 1388 687; x_wconf 88' lang='lat' dir='ltr'>quidem</span> <span class='ocrx_word' id='word_1_60' title='bbox 1409 627 1568 682; x_wconf 82' lang='lat' dir='ltr'>modo;</span> <span class='ocrx_word' id='word_1_61' title='bbox 1584 641 1638 672; x_wconf 89' lang='lat' dir='ltr'>ex</span> <span class='ocrx_word' id='word_1_62' title='bbox 1655 627 1780 671; x_wconf 89' lang='lat' dir='ltr'>bono</span> <span class='ocrx_word' id='word_1_63' title='bbox 1802 628 1923 686; x_wconf 86' lang='lat' dir='ltr'>quod</span> <span class='ocrx_word' id='word_1_64' title='bbox 1947 627 2083 672; x_wconf 85' lang='lat' dir='ltr'>alicui</span> 
     </span>
     <span class='ocr_line' id='line_1_7' title="bbox 57 691 2081 753; baseline 0.001 -19"><span class='ocrx_word' id='word_1_65' title='bbox 57 711 86 736; x_wconf 54' lang='grc' dir='ltr'>μ</span> <span class='ocrx_word' id='word_1_66' title='bbox 129 691 361 747; x_wconf 79' lang='lat' dir='ltr'>volumus,</span> <span class='ocrx_word' id='word_1_67' title='bbox 387 694 639 737; x_wconf 89' lang='lat' dir='ltr'>secundum</span> <span class='ocrx_word' id='word_1_68' title='bbox 665 693 787 752; x_wconf 91' lang='lat' dir='ltr'>quod</span> <span class='ocrx_word' id='word_1_69' title='bbox 813 692 925 737; x_wconf 88' lang='lat' dir='ltr'>illud</span> <span class='ocrx_word' id='word_1_70' title='bbox 953 694 1100 751; x_wconf 87' lang='lat' dir='ltr'>magis</span> <span class='ocrx_word' id='word_1_71' title='bbox 1127 694 1315 753; x_wconf 89' lang='lat' dir='ltr'>diligere</span> <span class='ocrx_word' id='word_1_72' title='bbox 1347 694 1556 748; x_wconf 86' lang='lat' dir='ltr'>dicimur,</span> <span class='ocrx_word' id='word_1_73' title='bbox 1583 694 1657 738; x_wconf 91' lang='lat' dir='ltr'>cui</span> <span class='ocrx_word' id='word_1_74' title='bbox 1686 693 1901 738; x_wconf 80' lang='lat' dir='ltr'>volumus</span> <span class='ocrx_word' id='word_1_75' title='bbox 1933 695 2081 752; x_wconf 87' lang='lat' dir='ltr'>magis</span> 
     </span>
     <span class='ocr_line' id='line_1_8' title="bbox 52 758 2083 820; baseline 0 -17"><span class='ocrx_word' id='word_1_76' title='bbox 52 779 75 802; x_wconf 64' lang='lat' dir='ltr'>z</span> <span class='ocrx_word' id='word_1_77' title='bbox 129 758 328 804; x_wconf 88' lang='lat' dir='ltr'>bonum:</span> <span class='ocrx_word' id='word_1_78' title='bbox 363 758 455 803; x_wconf 91' lang='lat' dir='ltr'>alio</span> <span class='ocrx_word' id='word_1_79' title='bbox 477 759 619 803; x_wconf 89' lang='lat' dir='ltr'>modo</span> <span class='ocrx_word' id='word_1_80' title='bbox 646 773 700 803; x_wconf 88' lang='lat' dir='ltr'>ex</span> <span class='ocrx_word' id='word_1_81' title='bbox 720 759 879 818; x_wconf 89' lang='lat' dir='ltr'>vigore</span> <span class='ocrx_word' id='word_1_82' title='bbox 909 760 1116 814; x_wconf 89' lang='lat' dir='ltr'>actionis,</span> <span class='ocrx_word' id='word_1_83' title='bbox 1143 762 1395 805; x_wconf 88' lang='lat' dir='ltr'>secundum</span> <span class='ocrx_word' id='word_1_84' title='bbox 1422 761 1545 820; x_wconf 91' lang='lat' dir='ltr'>quod</span> <span class='ocrx_word' id='word_1_85' title='bbox 1567 761 1762 805; x_wconf 89' lang='lat' dir='ltr'>dicimur</span> <span class='ocrx_word' id='word_1_86' title='bbox 1785 759 1917 804; x_wconf 91' lang='lat' dir='ltr'>illum</span> <span class='ocrx_word' id='word_1_87' title='bbox 1937 761 2083 819; x_wconf 89' lang='lat' dir='ltr'>magis</span> 
     </span>
     <span class='ocr_line' id='line_1_9' title="bbox 50 824 2081 885; baseline 0.001 -15.998"><span class='ocrx_word' id='word_1_88' title='bbox 50 824 71 828; x_wconf 75' lang='grc'><strong>’</strong></span> <span class='ocrx_word' id='word_1_89' title='bbox 130 824 333 884; x_wconf 89' lang='lat' dir='ltr'>diligere,</span> <span class='ocrx_word' id='word_1_90' title='bbox 360 825 434 869; x_wconf 90' lang='lat' dir='ltr'>cui</span> <span class='ocrx_word' id='word_1_91' title='bbox 465 825 549 869; x_wconf 91' lang='lat' dir='ltr'>etsi</span> <span class='ocrx_word' id='word_1_92' title='bbox 581 839 675 869; x_wconf 90' lang='lat' dir='ltr'>non</span> <span class='ocrx_word' id='word_1_93' title='bbox 707 826 854 883; x_wconf 88' lang='lat' dir='ltr'>majus</span> <span class='ocrx_word' id='word_1_94' title='bbox 901 826 1090 880; x_wconf 85' lang='lat' dir='ltr'>bonum,</span> <span class='ocrx_word' id='word_1_95' title='bbox 1125 826 1313 885; x_wconf 81' lang='lat' dir='ltr'>aequale</span> <span class='ocrx_word' id='word_1_96' title='bbox 1351 837 1507 871; x_wconf 88' lang='lat' dir='ltr'>tamen</span> <span class='ocrx_word' id='word_1_97' title='bbox 1539 827 1713 871; x_wconf 90' lang='lat' dir='ltr'>bonum</span> <span class='ocrx_word' id='word_1_98' title='bbox 1758 825 2003 871; x_wconf 83' lang='lat' dir='ltr'>ferventius</span> <span class='ocrx_word' id='word_1_99' title='bbox 2037 836 2081 871; x_wconf 92' lang='lat' dir='ltr'>et</span> 
     </span>
     <span class='ocr_line' id='line_1_10' title="bbox 130 889 2084 952; baseline -0.001 -14.074"><span class='ocrx_word' id='word_1_100' title='bbox 130 889 359 936; x_wconf 88' lang='lat' dir='ltr'>efficacius</span> <span class='ocrx_word' id='word_1_101' title='bbox 389 890 619 936; x_wconf 88' lang='lat' dir='ltr'>volumus.</span> <span class='ocrx_word' id='word_1_102' title='bbox 656 891 812 935; x_wconf 90' lang='lat' dir='ltr'>Primo</span> <span class='ocrx_word' id='word_1_103' title='bbox 845 891 1028 951; x_wconf 90' lang='lat' dir='ltr'>quidem</span> <span class='ocrx_word' id='word_1_104' title='bbox 1070 892 1207 951; x_wconf 88' lang='lat' dir='ltr'>igitur</span> <span class='ocrx_word' id='word_1_105' title='bbox 1247 894 1388 937; x_wconf 90' lang='lat' dir='ltr'>modo</span> <span class='ocrx_word' id='word_1_106' title='bbox 1421 894 1535 937; x_wconf 88' lang='lat' dir='ltr'>nihil</span> <span class='ocrx_word' id='word_1_107' title='bbox 1567 893 1778 952; x_wconf 89' lang='lat' dir='ltr'>prohibet</span> <span class='ocrx_word' id='word_1_108' title='bbox 1818 893 1922 948; x_wconf 91' lang='lat' dir='ltr'>dici,</span> <span class='ocrx_word' id='word_1_109' title='bbox 1962 893 2084 952; x_wconf 91' lang='lat' dir='ltr'>quod</span> 
     </span>
     <span class='ocr_line' id='line_1_11' title="bbox 51 957 2083 1019; baseline 0 -16"><span class='ocrx_word' id='word_1_110' title='bbox 51 973 76 997; x_wconf 67' lang='lat'>³:</span> <span class='ocrx_word' id='word_1_111' title='bbox 130 957 257 1003; x_wconf 89' lang='lat' dir='ltr'>Deus</span> <span class='ocrx_word' id='word_1_112' title='bbox 282 957 452 1016; x_wconf 85' lang='lat' dir='ltr'>aliquid</span> <span class='ocrx_word' id='word_1_113' title='bbox 475 957 566 1003; x_wconf 87' lang='lat' dir='ltr'>alio</span> <span class='ocrx_word' id='word_1_114' title='bbox 594 958 740 1016; x_wconf 75' lang='lat' dir='ltr'>magis</span> <span class='ocrx_word' id='word_1_115' title='bbox 766 957 939 1017; x_wconf 87' lang='lat' dir='ltr'>diligat,</span> <span class='ocrx_word' id='word_1_116' title='bbox 969 960 1223 1005; x_wconf 82' lang='lat' dir='ltr'>secundum</span> <span class='ocrx_word' id='word_1_117' title='bbox 1256 960 1378 1018; x_wconf 91' lang='lat' dir='ltr'>quod</span> <span class='ocrx_word' id='word_1_118' title='bbox 1411 960 1453 1004; x_wconf 90' lang='lat' dir='ltr'>ei</span> <span class='ocrx_word' id='word_1_119' title='bbox 1484 961 1631 1019; x_wconf 87' lang='lat' dir='ltr'>majus</span> <span class='ocrx_word' id='word_1_120' title='bbox 1661 960 1759 1007; x_wconf 91' lang='lat' dir='ltr'>vult</span> <span class='ocrx_word' id='word_1_121' title='bbox 1789 960 1985 1004; x_wconf 90' lang='lat' dir='ltr'>bonum:</span> <span class='ocrx_word' id='word_1_122' title='bbox 2019 973 2083 1004; x_wconf 90' lang='lat' dir='ltr'>se-</span> 
     </span>
     <span class='ocr_line' id='line_1_12' title="bbox 38 1022 2052 1085; baseline 0.001 -17"><span class='ocrx_word' id='word_1_123' title='bbox 38 1022 59 1083; x_wconf 56' lang='grc' dir='ltr'>ζῃ</span> <span class='ocrx_word' id='word_1_124' title='bbox 131 1024 282 1069; x_wconf 91' lang='lat' dir='ltr'>cundo</span> <span class='ocrx_word' id='word_1_125' title='bbox 308 1026 461 1069; x_wconf 85' lang='lat' dir='ltr'>autem</span> <span class='ocrx_word' id='word_1_126' title='bbox 488 1025 629 1069; x_wconf 89' lang='lat' dir='ltr'>modo</span> <span class='ocrx_word' id='word_1_127' title='bbox 656 1025 746 1068; x_wconf 90' lang='lat' dir='ltr'>dici</span> <span class='ocrx_word' id='word_1_128' title='bbox 770 1039 864 1069; x_wconf 90' lang='lat' dir='ltr'>non</span> <span class='ocrx_word' id='word_1_129' title='bbox 890 1035 1055 1084; x_wconf 89' lang='lat' dir='ltr'>potest,</span> <span class='ocrx_word' id='word_1_130' title='bbox 1082 1026 1244 1070; x_wconf 91' lang='lat' dir='ltr'>eadem</span> <span class='ocrx_word' id='word_1_131' title='bbox 1270 1027 1446 1070; x_wconf 90' lang='lat' dir='ltr'>ratione</span> <span class='ocrx_word' id='word_1_132' title='bbox 1474 1041 1589 1085; x_wconf 90' lang='lat' dir='ltr'>quae</span> <span class='ocrx_word' id='word_1_133' title='bbox 1617 1027 1672 1070; x_wconf 94' lang='lat' dir='ltr'>de</span> <span class='ocrx_word' id='word_1_134' title='bbox 1700 1026 1798 1071; x_wconf 89' lang='lat' dir='ltr'>aliis</span> <span class='ocrx_word' id='word_1_135' title='bbox 1824 1027 1945 1071; x_wconf 91' lang='lat' dir='ltr'>dicta</span> <span class='ocrx_word' id='word_1_136' title='bbox 1971 1036 2052 1071; x_wconf 91' lang='lat' dir='ltr'>est.</span> 
     </span>
     <span class='ocr_line' id='line_1_13' title="bbox 59 1089 2083 1152; baseline 0.001 -16.989"><span class='ocrx_word' id='word_1_137' title='bbox 59 1089 61 1091; x_wconf 63' lang='grc'><strong><em>’</em></strong></span> <span class='ocrx_word' id='word_1_138' title='bbox 85 1123 91 1130; x_wconf 88' lang='grc'>.</span> <span class='ocrx_word' id='word_1_139' title='bbox 148 1104 150 1106; x_wconf 90' lang='grc'><em>·</em></span> <span class='ocrx_word' id='word_1_140' title='bbox 217 1090 510 1150; x_wconf 68' lang='lat' dir='ltr'>Patetigitur</span> <span class='ocrx_word' id='word_1_141' title='bbox 535 1104 590 1135; x_wconf 88' lang='lat' dir='ltr'>ex</span> <span class='ocrx_word' id='word_1_142' title='bbox 620 1091 875 1149; x_wconf 88' lang='lat' dir='ltr'>praedictis,</span> <span class='ocrx_word' id='word_1_143' title='bbox 893 1092 1016 1150; x_wconf 92' lang='lat' dir='ltr'>quod</span> <span class='ocrx_word' id='word_1_144' title='bbox 1042 1092 1098 1136; x_wconf 92' lang='lat' dir='ltr'>de</span> <span class='ocrx_word' id='word_1_145' title='bbox 1123 1092 1290 1136; x_wconf 89' lang='lat' dir='ltr'>nostris</span> <span class='ocrx_word' id='word_1_146' title='bbox 1317 1091 1632 1137; x_wconf 87' lang='lat' dir='ltr'>affectionibus</span> <span class='ocrx_word' id='word_1_147' title='bbox 1663 1093 1788 1137; x_wconf 90' lang='lat' dir='ltr'>nulla</span> <span class='ocrx_word' id='word_1_148' title='bbox 1810 1103 1879 1138; x_wconf 90' lang='lat' dir='ltr'>est</span> <span class='ocrx_word' id='word_1_149' title='bbox 1899 1107 2016 1152; x_wconf 87' lang='lat' dir='ltr'>quae</span> <span class='ocrx_word' id='word_1_150' title='bbox 2037 1093 2083 1137; x_wconf 90' lang='lat' dir='ltr'>in</span> 
     </span>
     <span class='ocr_line' id='line_1_14' title="bbox 54 1156 2084 1218; baseline 0.001 -16.988"><span class='ocrx_word' id='word_1_151' title='bbox 54 1212 64 1217; x_wconf 32' lang='grc' dir='ltr'><strong>μ</strong></span> <span class='ocrx_word' id='word_1_152' title='bbox 125 1156 233 1202; x_wconf 71' lang='lat' dir='ltr'>Deo</span> <span class='ocrx_word' id='word_1_153' title='bbox 252 1157 439 1217; x_wconf 70' lang='lat' dir='ltr'>&lt;proprie</span> <span class='ocrx_word' id='word_1_154' title='bbox 464 1157 610 1217; x_wconf 87' lang='lat' dir='ltr'><strong>possit</strong></span> <span class='ocrx_word' id='word_1_155' title='bbox 634 1171 748 1211; x_wconf 89' lang='lat' dir='ltr'>esse,</span> <span class='ocrx_word' id='word_1_156' title='bbox 772 1158 861 1202; x_wconf 90' lang='lat' dir='ltr'>nisi</span> <span class='ocrx_word' id='word_1_157' title='bbox 887 1158 1104 1216; x_wconf 88' lang='lat' dir='ltr'>gaudium</span> <span class='ocrx_word' id='word_1_158' title='bbox 1137 1169 1182 1203; x_wconf 93' lang='lat' dir='ltr'>et</span> <span class='ocrx_word' id='word_1_159' title='bbox 1214 1172 1357 1213; x_wconf 91' lang='lat' dir='ltr'>amor,</span> <span class='ocrx_word' id='word_1_160' title='bbox 1390 1160 1599 1218; x_wconf 88' lang='lat' dir='ltr'>quamvis</span> <span class='ocrx_word' id='word_1_161' title='bbox 1631 1160 1746 1204; x_wconf 85' lang='lat' dir='ltr'>haec</span> <span class='ocrx_word' id='word_1_162' title='bbox 1779 1161 1917 1204; x_wconf 86' lang='lat' dir='ltr'>etiarn</span> <span class='ocrx_word' id='word_1_163' title='bbox 1942 1160 1996 1203; x_wconf 88' lang='lat' dir='ltr'>in</span> <span class='ocrx_word' id='word_1_164' title='bbox 2026 1172 2084 1204; x_wconf 88' lang='lat' dir='ltr'>eo</span> 
     </span>
     <span class='ocr_line' id='line_1_15' title="bbox 56 1218 2084 1284; baseline -0.001 -12.012"><span class='ocrx_word' id='word_1_165' title='bbox 56 1229 62 1233; x_wconf 75' lang='grc'>”</span> <span class='ocrx_word' id='word_1_166' title='bbox 124 1218 225 1269; x_wconf 59' lang='lat' dir='ltr'>non</span> <span class='ocrx_word' id='word_1_167' title='bbox 244 1218 502 1268; x_wconf 62' lang='lat' dir='ltr'>&#39;seeundum</span> <span class='ocrx_word' id='word_1_168' title='bbox 523 1224 802 1283; x_wconf 81' lang='lat' dir='ltr'><strong>passionem,</strong></span> <span class='ocrx_word' id='word_1_169' title='bbox 825 1225 943 1268; x_wconf 85' lang='lat' dir='ltr'>sicut</span> <span class='ocrx_word' id='word_1_170' title='bbox 968 1225 1014 1268; x_wconf 90' lang='lat' dir='ltr'>in</span> <span class='ocrx_word' id='word_1_171' title='bbox 1039 1225 1186 1278; x_wconf 88' lang='lat' dir='ltr'>nobis,</span> <span class='ocrx_word' id='word_1_172' title='bbox 1209 1226 1311 1270; x_wconf 91' lang='lat' dir='ltr'>sint.</span> <span class='ocrx_word' id='word_1_173' title='bbox 1336 1226 1478 1279; x_wconf 86' lang='lat' dir='ltr'>Quod</span> <span class='ocrx_word' id='word_1_174' title='bbox 1500 1236 1655 1270; x_wconf 90' lang='lat' dir='ltr'>autem</span> <span class='ocrx_word' id='word_1_175' title='bbox 1686 1226 1734 1269; x_wconf 90' lang='lat' dir='ltr'>in</span> <span class='ocrx_word' id='word_1_176' title='bbox 1758 1226 1862 1270; x_wconf 91' lang='lat' dir='ltr'>Deo</span> <span class='ocrx_word' id='word_1_177' title='bbox 1888 1226 2084 1284; x_wconf 81' lang='lat' dir='ltr'>sitgau·</span> 
     </span>
     <span class='ocr_line' id='line_1_16' title="bbox 123 1289 2087 1350; baseline 0.001 -15.919"><span class='ocrx_word' id='word_1_178' title='bbox 123 1289 258 1335; x_wconf 56' lang='lat' dir='ltr'>&amp;um</span> <span class='ocrx_word' id='word_1_179' title='bbox 283 1289 359 1335; x_wconf 81' lang='lat' dir='ltr'>vel</span> <span class='ocrx_word' id='word_1_180' title='bbox 376 1290 626 1335; x_wconf 75' lang='lat' dir='ltr'>delectatio</span> <span class='ocrx_word' id='word_1_181' title='bbox 664 1291 932 1335; x_wconf 84' lang='lat' dir='ltr'>auctoritate</span> <span class='ocrx_word' id='word_1_182' title='bbox 954 1305 1111 1336; x_wconf 89' lang='lat' dir='ltr'>sacrae</span> <span class='ocrx_word' id='word_1_183' title='bbox 1138 1291 1399 1350; x_wconf 88' lang='lat' dir='ltr'>Scripturae</span> <span class='ocrx_word' id='word_1_184' title='bbox 1425 1292 1745 1336; x_wconf 87' lang='lat' dir='ltr'>confirmatur:</span> <span class='ocrx_word' id='word_1_185' title='bbox 1779 1292 1944 1336; x_wconf 90' lang='lat' dir='ltr'>dicitur</span> <span class='ocrx_word' id='word_1_186' title='bbox 1963 1292 2087 1336; x_wconf 90' lang='lat' dir='ltr'>enim</span> 
     </span>
     <span class='ocr_line' id='line_1_17' title="bbox 126 1354 2082 1417; baseline 0.002 -16.839"><span class='ocrx_word' id='word_1_187' title='bbox 126 1354 226 1417; x_wconf 62' lang='lat' dir='ltr'>(rs.</span> <span class='ocrx_word' id='word_1_188' title='bbox 251 1356 353 1401; x_wconf 87' lang='lat' dir='ltr'>XV.</span> <span class='ocrx_word' id='word_1_189' title='bbox 385 1357 497 1414; x_wconf 89' lang='lat'><strong>11.):</strong></span> <span class='ocrx_word' id='word_1_190' title='bbox 529 1357 831 1403; x_wconf 79' lang='lat' dir='ltr'>Delectationes</span> <span class='ocrx_word' id='word_1_191' title='bbox 858 1359 902 1401; x_wconf 88' lang='lat' dir='ltr'>in</span> <span class='ocrx_word' id='word_1_192' title='bbox 924 1358 1093 1403; x_wconf 80' lang='lat' dir='ltr'>dextera</span> <span class='ocrx_word' id='word_1_193' title='bbox 1120 1365 1193 1403; x_wconf 85' lang='lat' dir='ltr'>tua</span> <span class='ocrx_word' id='word_1_194' title='bbox 1223 1374 1346 1416; x_wconf 87' lang='lat' dir='ltr'>usque</span> <span class='ocrx_word' id='word_1_195' title='bbox 1371 1361 1417 1403; x_wconf 85' lang='lat' dir='ltr'>in</span> <span class='ocrx_word' id='word_1_196' title='bbox 1438 1360 1596 1417; x_wconf 89' lang='lat' dir='ltr'>finem;</span> <span class='ocrx_word' id='word_1_197' title='bbox 1631 1359 1788 1417; x_wconf 87' lang='lat' dir='ltr'>(Prov.</span> <span class='ocrx_word' id='word_1_198' title='bbox 1814 1358 1937 1403; x_wconf 91' lang='lat' dir='ltr'><strong>VIII.</strong></span> <span class='ocrx_word' id='word_1_199' title='bbox 1967 1358 2082 1417; x_wconf 87' lang='lat'><strong>30.).·</strong></span> 
     </span>
     <span class='ocr_line' id='line_1_18' title="bbox 48 1421 2086 1487; baseline 0 -18"><span class='ocrx_word' id='word_1_200' title='bbox 48 1457 59 1487; x_wconf 54' lang='lat'>..¹</span> <span class='ocrx_word' id='word_1_201' title='bbox 128 1421 385 1469; x_wconf 58' lang='lat' dir='ltr'>Ddecia‘bar</span> <span class='ocrx_word' id='word_1_202' title='bbox 397 1431 471 1482; x_wconf 82' lang='lat' dir='ltr'>per</span> <span class='ocrx_word' id='word_1_203' title='bbox 485 1424 663 1482; x_wconf 79' lang='lat' dir='ltr'>singulos</span> <span class='ocrx_word' id='word_1_204' title='bbox 687 1424 784 1476; x_wconf 83' lang='lat' dir='ltr'>dies,</span> <span class='ocrx_word' id='word_1_205' title='bbox 817 1424 956 1468; x_wconf 84' lang='lat' dir='ltr'>ludens</span> <span class='ocrx_word' id='word_1_206' title='bbox 978 1438 1123 1469; x_wconf 83' lang='lat' dir='ltr'>coram</span> <span class='ocrx_word' id='word_1_207' title='bbox 1147 1439 1210 1477; x_wconf 89' lang='lat' dir='ltr'>eo,</span> <span class='ocrx_word' id='word_1_208' title='bbox 1238 1425 1347 1469; x_wconf 91' lang='lat' dir='ltr'>dicit</span> <span class='ocrx_word' id='word_1_209' title='bbox 1372 1426 1524 1468; x_wconf 89' lang='lat' dir='ltr'>divina</span> <span class='ocrx_word' id='word_1_210' title='bbox 1547 1425 1795 1483; x_wconf 87' lang='lat' dir='ltr'>Sapientia,</span> <span class='ocrx_word' id='word_1_211' title='bbox 1821 1438 1938 1483; x_wconf 87' lang='lat' dir='ltr'>quae</span> <span class='ocrx_word' id='word_1_212' title='bbox 1960 1425 2086 1469; x_wconf 88' lang='lat' dir='ltr'>Deus</span> 
     </span>
     <span class='ocr_line' id='line_1_19' title="bbox 99 1490 2087 1551; baseline 0 -16"><span class='ocrx_word' id='word_1_213' title='bbox 99 1496 212 1545; x_wconf 43' lang='lat' dir='ltr'>s&#39;ost,</span> <span class='ocrx_word' id='word_1_214' title='bbox 237 1499 288 1535; x_wconf 72' lang='lat' dir='ltr'>ut</span> <span class='ocrx_word' id='word_1_215' title='bbox 304 1500 548 1535; x_wconf 87' lang='lat' dir='ltr'>ostensum</span> <span class='ocrx_word' id='word_1_216' title='bbox 575 1500 668 1546; x_wconf 91' lang='lat' dir='ltr'>est;</span> <span class='ocrx_word' id='word_1_217' title='bbox 693 1491 828 1549; x_wconf 90' lang='lat' dir='ltr'>(Luc.</span> <span class='ocrx_word' id='word_1_218' title='bbox 856 1490 957 1534; x_wconf 90' lang='lat' dir='ltr'>XV.</span> <span class='ocrx_word' id='word_1_219' title='bbox 990 1491 1102 1547; x_wconf 89' lang='grc' dir='ltr'>ιο.).</span> <span class='ocrx_word' id='word_1_220' title='bbox 1129 1491 1345 1536; x_wconf 84' lang='lat' dir='ltr'>Gaudium</span> <span class='ocrx_word' id='word_1_221' title='bbox 1371 1493 1451 1536; x_wconf 85' lang='lat' dir='ltr'>erit</span> <span class='ocrx_word' id='word_1_222' title='bbox 1481 1493 1527 1535; x_wconf 87' lang='lat' dir='ltr'>in</span> <span class='ocrx_word' id='word_1_223' title='bbox 1548 1492 1655 1536; x_wconf 82' lang='lat' dir='ltr'>coelo</span> <span class='ocrx_word' id='word_1_224' title='bbox 1681 1499 1806 1551; x_wconf 86' lang='lat' dir='ltr'>super</span> <span class='ocrx_word' id='word_1_225' title='bbox 1835 1506 1918 1535; x_wconf 85' lang='lat' dir='ltr'>uno</span> <span class='ocrx_word' id='word_1_226' title='bbox 1938 1498 2087 1550; x_wconf 86' lang='lat' dir='ltr'>pecca-</span> 
     </span>
     <span class='ocr_line' id='line_1_20' title="bbox 15 1550 2085 1617; baseline -0 -15"><span class='ocrx_word' id='word_1_227' title='bbox 15 1609 19 1612; x_wconf 38' lang='lat'>,</span> <span class='ocrx_word' id='word_1_228' title='bbox 47 1552 78 1596; x_wconf 53' lang='grc' dir='ltr'>ν’</span> <span class='ocrx_word' id='word_1_229' title='bbox 111 1550 219 1602; x_wconf 65' lang='lat' dir='ltr'>‘bore</span> <span class='ocrx_word' id='word_1_230' title='bbox 235 1558 536 1616; x_wconf 69' lang='lat' dir='ltr'>poenitentiam</span> <span class='ocrx_word' id='word_1_231' title='bbox 552 1563 704 1616; x_wconf 80' lang='lat' dir='ltr'>agente.</span> <span class='ocrx_word' id='word_1_232' title='bbox 722 1556 1031 1616; x_wconf 86' lang='lat' dir='ltr'><strong>Philosophus</strong></span> <span class='ocrx_word' id='word_1_233' title='bbox 1055 1557 1195 1601; x_wconf 89' lang='lat' dir='ltr'>etiam</span> <span class='ocrx_word' id='word_1_234' title='bbox 1217 1557 1326 1601; x_wconf 86' lang='lat' dir='ltr'>dicit</span> <span class='ocrx_word' id='word_1_235' title='bbox 1351 1558 1548 1617; x_wconf 89' lang='lat' dir='ltr'>septimo</span> <span class='ocrx_word' id='word_1_236' title='bbox 1574 1557 1721 1602; x_wconf 88' lang='lat' dir='ltr'>Ethic</span> <span class='ocrx_word' id='word_1_237' title='bbox 1749 1559 1811 1616; x_wconf 91' lang='lat' dir='ltr'>(c.</span> <span class='ocrx_word' id='word_1_238' title='bbox 1839 1557 1941 1614; x_wconf 90' lang='lat' dir='ltr'>ult.)</span> <span class='ocrx_word' id='word_1_239' title='bbox 1964 1558 2085 1616; x_wconf 91' lang='lat' dir='ltr'>quod</span> 
     </span>
     <span class='ocr_line' id='line_1_21' title="bbox 15 1617 1402 1684; baseline -0.001 -16"><span class='ocrx_word' id='word_1_240' title='bbox 15 1617 19 1620; x_wconf 71' lang='grc'><strong>’</strong></span> <span class='ocrx_word' id='word_1_241' title='bbox 44 1630 74 1634; x_wconf 75' lang='grc'><strong>’</strong></span> <span class='ocrx_word' id='word_1_242' title='bbox 124 1623 263 1668; x_wconf 85' lang='lat' dir='ltr'>Deus</span> <span class='ocrx_word' id='word_1_243' title='bbox 280 1637 461 1684; x_wconf 85' lang='lat' dir='ltr'><strong>semper</strong></span> <span class='ocrx_word' id='word_1_244' title='bbox 482 1624 649 1683; x_wconf 86' lang='lat' dir='ltr'>gaudet</span> <span class='ocrx_word' id='word_1_245' title='bbox 673 1637 763 1667; x_wconf 91' lang='lat' dir='ltr'>una</span> <span class='ocrx_word' id='word_1_246' title='bbox 789 1633 834 1668; x_wconf 90' lang='lat' dir='ltr'>et</span> <span class='ocrx_word' id='word_1_247' title='bbox 858 1623 1054 1682; x_wconf 84' lang='lat' dir='ltr'>simplici</span> <span class='ocrx_word' id='word_1_248' title='bbox 1086 1623 1402 1668; x_wconf 87' lang='lat' dir='ltr'>delectatione.</span> 
     </span>
     <span class='ocr_line' id='line_1_22' title="bbox 127 1690 2084 1749; baseline -0.001 -14"><span class='ocrx_word' id='word_1_249' title='bbox 127 1718 130 1721; x_wconf 60' lang='lat'><em>&gt;</em></span> <span class='ocrx_word' id='word_1_250' title='bbox 221 1690 446 1735; x_wconf 79' lang='lat' dir='ltr'>Amorem</span> <span class='ocrx_word' id='word_1_251' title='bbox 472 1690 613 1735; x_wconf 87' lang='lat' dir='ltr'>etiam</span> <span class='ocrx_word' id='word_1_252' title='bbox 638 1691 730 1735; x_wconf 91' lang='lat' dir='ltr'>Dei</span> <span class='ocrx_word' id='word_1_253' title='bbox 752 1690 985 1749; x_wconf 87' lang='lat' dir='ltr'>Scriptura</span> <span class='ocrx_word' id='word_1_254' title='bbox 1022 1701 1362 1734; x_wconf 88' lang='lat' dir='ltr'>commemorat</span> <span class='ocrx_word' id='word_1_255' title='bbox 1385 1690 1544 1748; x_wconf 93' lang='lat' dir='ltr'>(Deut.</span> <span class='ocrx_word' id='word_1_256' title='bbox 1570 1690 1785 1734; x_wconf 88' lang='lat' dir='ltr'><strong>XXXIII.</strong></span> <span class='ocrx_word' id='word_1_257' title='bbox 1811 1690 1894 1749; x_wconf 83' lang='lat'><strong>3.):</strong></span> <span class='ocrx_word' id='word_1_258' title='bbox 1921 1691 2084 1734; x_wconf 83' lang='lat' dir='ltr'>Dilexit</span> 
     </span>
     <span class='ocr_line' id='line_1_23' title="bbox 127 1755 2087 1819; baseline -0.001 -17"><span class='ocrx_word' id='word_1_259' title='bbox 127 1757 302 1819; x_wconf 81' lang='lat' dir='ltr'>populos</span> <span class='ocrx_word' id='word_1_260' title='bbox 311 1772 329 1810; x_wconf 89' lang='lat'><em>;</em></span> <span class='ocrx_word' id='word_1_261' title='bbox 357 1756 467 1815; x_wconf 91' lang='lat' dir='ltr'>(Jer.</span> <span class='ocrx_word' id='word_1_262' title='bbox 493 1755 660 1800; x_wconf 91' lang='lat' dir='ltr'><strong>XXXI.</strong></span> <span class='ocrx_word' id='word_1_263' title='bbox 698 1757 782 1815; x_wconf 82' lang='lat'><strong>3.):</strong></span> <span class='ocrx_word' id='word_1_264' title='bbox 814 1757 865 1801; x_wconf 82' lang='lat' dir='ltr'>In</span> <span class='ocrx_word' id='word_1_265' title='bbox 896 1758 1070 1802; x_wconf 81' lang='lat' dir='ltr'>caritate</span> <span class='ocrx_word' id='word_1_266' title='bbox 1094 1763 1301 1816; x_wconf 83' lang='lat' dir='ltr'>perpetua</span> <span class='ocrx_word' id='word_1_267' title='bbox 1332 1757 1459 1801; x_wconf 72' lang='lat' dir='ltr'>dilexi</span> <span class='ocrx_word' id='word_1_268' title='bbox 1484 1764 1519 1802; x_wconf 84' lang='lat' dir='ltr'>te</span> <span class='ocrx_word' id='word_1_269' title='bbox 1529 1772 1547 1815; x_wconf 85' lang='lat'>,·</span> <span class='ocrx_word' id='word_1_270' title='bbox 1574 1757 1665 1815; x_wconf 90' lang='lat' dir='ltr'><strong>(Jo.</strong></span> <span class='ocrx_word' id='word_1_271' title='bbox 1698 1756 1821 1801; x_wconf 88' lang='lat' dir='ltr'>XVI.</span> <span class='ocrx_word' id='word_1_272' title='bbox 1847 1756 1966 1815; x_wconf 88' lang='lat'><strong>27.):</strong></span> <span class='ocrx_word' id='word_1_273' title='bbox 1998 1757 2087 1816; x_wconf 84' lang='lat' dir='ltr'>Ipse</span> 
     </span>
     <span class='ocr_line' id='line_1_24' title="bbox 124 1822 2086 1882; baseline -0.001 -14"><span class='ocrx_word' id='word_1_274' title='bbox 124 1824 242 1869; x_wconf 73' lang='lat' dir='ltr'>enim</span> <span class='ocrx_word' id='word_1_275' title='bbox 263 1824 388 1868; x_wconf 78' lang='lat' dir='ltr'>Pater</span> <span class='ocrx_word' id='word_1_276' title='bbox 411 1830 528 1868; x_wconf 81' lang='lat' dir='ltr'>amat</span> <span class='ocrx_word' id='word_1_277' title='bbox 550 1838 637 1868; x_wconf 85' lang='lat' dir='ltr'>vos.</span> <span class='ocrx_word' id='word_1_278' title='bbox 663 1822 934 1881; x_wconf 88' lang='lat' dir='ltr'>Philosophi</span> <span class='ocrx_word' id='word_1_279' title='bbox 967 1825 1106 1868; x_wconf 88' lang='lat' dir='ltr'>etiam</span> <span class='ocrx_word' id='word_1_280' title='bbox 1138 1823 1324 1882; x_wconf 90' lang='lat' dir='ltr'>quidam</span> <span class='ocrx_word' id='word_1_281' title='bbox 1355 1833 1605 1882; x_wconf 91' lang='lat' dir='ltr'>posuerunt</span> <span class='ocrx_word' id='word_1_282' title='bbox 1634 1837 1787 1867; x_wconf 86' lang='lat' dir='ltr'>rerum</span> <span class='ocrx_word' id='word_1_283' title='bbox 1812 1823 2086 1882; x_wconf 87' lang='lat' dir='ltr'>principium</span> 
     </span>
     <span class='ocr_line' id='line_1_25' title="bbox 127 1889 2083 1949; baseline -0.001 -14"><span class='ocrx_word' id='word_1_284' title='bbox 127 1889 221 1935; x_wconf 77' lang='lat' dir='ltr'>‘Dei</span> <span class='ocrx_word' id='word_1_285' title='bbox 246 1903 469 1945; x_wconf 76' lang='lat' dir='ltr'>amorem,</span> <span class='ocrx_word' id='word_1_286' title='bbox 482 1890 561 1935; x_wconf 82' lang='lat' dir='ltr'>cui</span> <span class='ocrx_word' id='word_1_287' title='bbox 577 1900 802 1935; x_wconf 85' lang='lat' dir='ltr'>consonat</span> <span class='ocrx_word' id='word_1_288' title='bbox 821 1890 1034 1949; x_wconf 88' lang='lat' dir='ltr'>Dionysii</span> <span class='ocrx_word' id='word_1_289' title='bbox 1053 1890 1245 1934; x_wconf 91' lang='lat' dir='ltr'>verbum</span> <span class='ocrx_word' id='word_1_290' title='bbox 1262 1890 1362 1949; x_wconf 91' lang='lat' dir='ltr'><strong>(IV.</strong></span> <span class='ocrx_word' id='word_1_291' title='bbox 1385 1905 1484 1949; x_wconf 91' lang='lat' dir='ltr'>cap.</span> <span class='ocrx_word' id='word_1_292' title='bbox 1505 1891 1579 1934; x_wconf 91' lang='lat' dir='ltr'>De</span> <span class='ocrx_word' id='word_1_293' title='bbox 1604 1889 1693 1934; x_wconf 90' lang='lat' dir='ltr'>div.</span> <span class='ocrx_word' id='word_1_294' title='bbox 1709 1891 1860 1949; x_wconf 89' lang='lat' dir='ltr'>nom.)</span> <span class='ocrx_word' id='word_1_295' title='bbox 1878 1890 2083 1943; x_wconf 87' lang='lat' dir='ltr'>dicentis,</span> 
     </span>
     <span class='ocr_line' id='line_1_26' title="bbox 123 1956 1641 2016; baseline -0.001 -14"><span class='ocrx_word' id='word_1_296' title='bbox 123 1956 254 2016; x_wconf 82' lang='lat' dir='ltr'>quod</span> <span class='ocrx_word' id='word_1_297' title='bbox 287 1957 464 2002; x_wconf 82' lang='lat' dir='ltr'>divinus</span> <span class='ocrx_word' id='word_1_298' title='bbox 485 1970 617 2001; x_wconf 85' lang='lat' dir='ltr'>amor</span> <span class='ocrx_word' id='word_1_299' title='bbox 639 1971 735 2001; x_wconf 92' lang='lat' dir='ltr'>non</span> <span class='ocrx_word' id='word_1_300' title='bbox 767 1957 972 2016; x_wconf 87' lang='lat' dir='ltr'>permisit</span> <span class='ocrx_word' id='word_1_301' title='bbox 995 1957 1147 2016; x_wconf 89' lang='lat' dir='ltr'>ipsum</span> <span class='ocrx_word' id='word_1_302' title='bbox 1172 1957 1269 2001; x_wconf 90' lang='lat' dir='ltr'>sine</span> <span class='ocrx_word' id='word_1_303' title='bbox 1295 1957 1500 2015; x_wconf 87' lang='lat' dir='ltr'>germine</span> <span class='ocrx_word' id='word_1_304' title='bbox 1527 1971 1641 2001; x_wconf 90' lang='lat' dir='ltr'>esse.</span> 
     </span>
    </p>

    <p class='ocr_par' dir='ltr' id='par_1_3' title="bbox 123 2022 2086 2283">
     <span class='ocr_line' id='line_1_27' title="bbox 218 2022 2084 2083; baseline -0.001 -15"><span class='ocrx_word' id='word_1_305' title='bbox 218 2023 467 2068; x_wconf 89' lang='lat' dir='ltr'>Sciendum</span> <span class='ocrx_word' id='word_1_306' title='bbox 491 2034 647 2068; x_wconf 91' lang='lat' dir='ltr'>tamen</span> <span class='ocrx_word' id='word_1_307' title='bbox 675 2025 813 2068; x_wconf 80' lang='lat' dir='ltr'>etiam</span> <span class='ocrx_word' id='word_1_308' title='bbox 835 2023 947 2068; x_wconf 87' lang='lat' dir='ltr'>alias</span> <span class='ocrx_word' id='word_1_309' title='bbox 967 2022 1284 2083; x_wconf 83' lang='lat' dir='ltr'>perfectiones,</span> <span class='ocrx_word' id='word_1_310' title='bbox 1311 2038 1426 2083; x_wconf 89' lang='lat' dir='ltr'>quae</span> <span class='ocrx_word' id='word_1_311' title='bbox 1453 2024 1706 2068; x_wconf 89' lang='lat' dir='ltr'>secundum</span> <span class='ocrx_word' id='word_1_312' title='bbox 1733 2023 1935 2082; x_wconf 90' lang='lat' dir='ltr'>speciem</span> <span class='ocrx_word' id='word_1_313' title='bbox 1953 2037 2084 2068; x_wconf 90' lang='lat' dir='ltr'>suam</span> 
     </span>
     <span class='ocr_line' id='line_1_28' title="bbox 123 2090 2086 2151; baseline -0.002 -15"><span class='ocrx_word' id='word_1_314' title='bbox 123 2091 311 2136; x_wconf 76' lang='lat' dir='ltr'>divinae</span> <span class='ocrx_word' id='word_1_315' title='bbox 342 2090 612 2151; x_wconf 66' lang='lat' dir='ltr'>perfectioni</span> <span class='ocrx_word' id='word_1_316' title='bbox 643 2101 911 2150; x_wconf 88' lang='lat' dir='ltr'>repugnant,</span> <span class='ocrx_word' id='word_1_317' title='bbox 942 2090 990 2134; x_wconf 92' lang='lat' dir='ltr'>in</span> <span class='ocrx_word' id='word_1_318' title='bbox 1021 2104 1151 2135; x_wconf 92' lang='lat' dir='ltr'>sacra</span> <span class='ocrx_word' id='word_1_319' title='bbox 1182 2090 1416 2150; x_wconf 88' lang='lat' dir='ltr'>Scriptura</span> <span class='ocrx_word' id='word_1_320' title='bbox 1446 2090 1502 2134; x_wconf 92' lang='lat' dir='ltr'>de</span> <span class='ocrx_word' id='word_1_321' title='bbox 1533 2091 1636 2134; x_wconf 93' lang='lat' dir='ltr'>Deo</span> <span class='ocrx_word' id='word_1_322' title='bbox 1659 2090 1763 2144; x_wconf 91' lang='lat' dir='ltr'>dici,</span> <span class='ocrx_word' id='word_1_323' title='bbox 1789 2103 1883 2133; x_wconf 92' lang='lat' dir='ltr'>non</span> <span class='ocrx_word' id='word_1_324' title='bbox 1901 2090 2086 2148; x_wconf 91' lang='lat' dir='ltr'>quidem</span> 
     </span>
     <span class='ocr_line' id='line_1_29' title="bbox 124 2156 2080 2218; baseline -0.001 -15.991"><span class='ocrx_word' id='word_1_325' title='bbox 124 2157 330 2218; x_wconf 72' lang='lat' dir='ltr'>proprie,</span> <span class='ocrx_word' id='word_1_326' title='bbox 361 2167 410 2201; x_wconf 90' lang='lat' dir='ltr'>ut</span> <span class='ocrx_word' id='word_1_327' title='bbox 441 2156 681 2216; x_wconf 89' lang='lat' dir='ltr'>probatum</span> <span class='ocrx_word' id='word_1_328' title='bbox 714 2167 781 2202; x_wconf 90' lang='lat' dir='ltr'>est</span> <span class='ocrx_word' id='word_1_329' title='bbox 815 2159 876 2216; x_wconf 89' lang='lat' dir='ltr'>(c.</span> <span class='ocrx_word' id='word_1_330' title='bbox 913 2171 981 2216; x_wconf 83' lang='lat'><strong>30.</strong></span> <span class='ocrx_word' id='word_1_331' title='bbox 983 2158 1019 2215; x_wconf 87' lang='lat'>),</span> <span class='ocrx_word' id='word_1_332' title='bbox 1044 2157 1125 2202; x_wconf 92' lang='lat' dir='ltr'>sed</span> <span class='ocrx_word' id='word_1_333' title='bbox 1162 2158 1491 2216; x_wconf 86' lang='lat' dir='ltr'>metaphorice,</span> <span class='ocrx_word' id='word_1_334' title='bbox 1517 2167 1701 2216; x_wconf 91' lang='lat' dir='ltr'>propter</span> <span class='ocrx_word' id='word_1_335' title='bbox 1732 2156 2080 2201; x_wconf 88' lang='lat' dir='ltr'>similitudinem</span> 
     </span>
     <span class='ocr_line' id='line_1_30' title="bbox 131 2223 1440 2283; baseline -0.001 -14"><span class='ocrx_word' id='word_1_336' title='bbox 131 2223 206 2269; x_wconf 83' lang='lat' dir='ltr'>vel</span> <span class='ocrx_word' id='word_1_337' title='bbox 231 2223 491 2280; x_wconf 90' lang='lat' dir='ltr'>effectuum,</span> <span class='ocrx_word' id='word_1_338' title='bbox 516 2223 591 2268; x_wconf 90' lang='lat' dir='ltr'>vel</span> <span class='ocrx_word' id='word_1_339' title='bbox 617 2224 807 2282; x_wconf 87' lang='lat' dir='ltr'>alicujus</span> <span class='ocrx_word' id='word_1_340' title='bbox 835 2223 1086 2269; x_wconf 88' lang='lat' dir='ltr'>affectionis</span> <span class='ocrx_word' id='word_1_341' title='bbox 1113 2225 1440 2283; x_wconf 89' lang='lat' dir='ltr'>praecedentis.</span> 
     </span>
    </p>

    <p class='ocr_par' dir='ltr' id='par_1_4' title="bbox 0 2289 2137 3680">
     <span class='ocr_line' id='line_1_31' title="bbox 143 2289 2082 2350; baseline -0.001 -15"><span class='ocrx_word' id='word_1_342' title='bbox 143 2320 147 2325; x_wconf 68' lang='lat'><em>,</em></span> <span class='ocrx_word' id='word_1_343' title='bbox 218 2291 339 2336; x_wconf 86' lang='lat' dir='ltr'>Dico</span> <span class='ocrx_word' id='word_1_344' title='bbox 365 2300 518 2336; x_wconf 86' lang='lat' dir='ltr'>autem</span> <span class='ocrx_word' id='word_1_345' title='bbox 549 2289 810 2345; x_wconf 85' lang='lat' dir='ltr'>effectuum,</span> <span class='ocrx_word' id='word_1_346' title='bbox 842 2292 947 2350; x_wconf 88' lang='lat' dir='ltr'>quia</span> <span class='ocrx_word' id='word_1_347' title='bbox 979 2291 1206 2335; x_wconf 84' lang='lat' dir='ltr'>interdum</span> <span class='ocrx_word' id='word_1_348' title='bbox 1237 2290 1449 2336; x_wconf 90' lang='lat' dir='ltr'>voluntas</span> <span class='ocrx_word' id='word_1_349' title='bbox 1484 2306 1539 2336; x_wconf 81' lang='lat' dir='ltr'>ex</span> <span class='ocrx_word' id='word_1_350' title='bbox 1564 2291 1813 2350; x_wconf 88' lang='lat' dir='ltr'>sapientiae</span> <span class='ocrx_word' id='word_1_351' title='bbox 1845 2290 2004 2335; x_wconf 89' lang='lat' dir='ltr'>ordine</span> <span class='ocrx_word' id='word_1_352' title='bbox 2037 2291 2082 2334; x_wconf 91' lang='lat' dir='ltr'>in</span> 
     </span>
     <span class='ocr_line' id='line_1_32' title="bbox 83 2350 2137 2417; baseline -0.001 -14"><span class='ocrx_word' id='word_1_353' title='bbox 83 2368 93 2377; x_wconf 62' lang='lat'>‘“</span> <span class='ocrx_word' id='word_1_354' title='bbox 121 2356 261 2403; x_wconf 67' lang='lat' dir='ltr'>*illum</span> <span class='ocrx_word' id='word_1_355' title='bbox 277 2356 500 2403; x_wconf 78' lang='lat' dir='ltr'>effectum</span> <span class='ocrx_word' id='word_1_356' title='bbox 525 2357 682 2411; x_wconf 88' lang='lat' dir='ltr'>tendit,</span> <span class='ocrx_word' id='word_1_357' title='bbox 704 2357 751 2402; x_wconf 91' lang='lat' dir='ltr'>in</span> <span class='ocrx_word' id='word_1_358' title='bbox 777 2371 914 2417; x_wconf 90' lang='lat' dir='ltr'>quem</span> <span class='ocrx_word' id='word_1_359' title='bbox 933 2356 1095 2416; x_wconf 90' lang='lat' dir='ltr'>aliquis</span> <span class='ocrx_word' id='word_1_360' title='bbox 1120 2371 1175 2402; x_wconf 88' lang='lat' dir='ltr'>ex</span> <span class='ocrx_word' id='word_1_361' title='bbox 1200 2360 1412 2417; x_wconf 86' lang='lat' dir='ltr'>passione</span> <span class='ocrx_word' id='word_1_362' title='bbox 1430 2357 1654 2403; x_wconf 89' lang='lat' dir='ltr'>defectiva</span> <span class='ocrx_word' id='word_1_363' title='bbox 1670 2358 1926 2402; x_wconf 89' lang='lat' dir='ltr'>inclinatur.</span> <span class='ocrx_word' id='word_1_364' title='bbox 1939 2357 2083 2415; x_wconf 85' lang='lat' dir='ltr'>Judex</span> <span class='ocrx_word' id='word_1_365' title='bbox 2133 2350 2137 2355; x_wconf 66' lang='grc'><strong>”</strong></span> 
     </span>
     <span class='ocr_line' id='line_1_33' title="bbox 132 2422 2083 2483; baseline -0.002 -13"><span class='ocrx_word' id='word_1_366' title='bbox 132 2422 256 2470; x_wconf 85' lang='lat' dir='ltr'>enim</span> <span class='ocrx_word' id='word_1_367' title='bbox 296 2438 351 2469; x_wconf 87' lang='lat' dir='ltr'>ex</span> <span class='ocrx_word' id='word_1_368' title='bbox 400 2424 568 2483; x_wconf 80' lang='lat' dir='ltr'>iustitia</span> <span class='ocrx_word' id='word_1_369' title='bbox 609 2424 750 2483; x_wconf 91' lang='lat' dir='ltr'>punit,</span> <span class='ocrx_word' id='word_1_370' title='bbox 791 2425 907 2468; x_wconf 88' lang='lat' dir='ltr'>sicut</span> <span class='ocrx_word' id='word_1_371' title='bbox 948 2434 993 2468; x_wconf 88' lang='lat' dir='ltr'>et</span> <span class='ocrx_word' id='word_1_372' title='bbox 1031 2425 1170 2468; x_wconf 87' lang='lat' dir='ltr'>iratus</span> <span class='ocrx_word' id='word_1_373' title='bbox 1212 2438 1268 2469; x_wconf 83' lang='lat' dir='ltr'>ex</span> <span class='ocrx_word' id='word_1_374' title='bbox 1311 2427 1391 2469; x_wconf 87' lang='lat' dir='ltr'>ira.</span> <span class='ocrx_word' id='word_1_375' title='bbox 1437 2425 1617 2469; x_wconf 89' lang='lat' dir='ltr'>Dicitur</span> <span class='ocrx_word' id='word_1_376' title='bbox 1653 2425 1791 2483; x_wconf 89' lang='lat' dir='ltr'>igitur</span> <span class='ocrx_word' id='word_1_377' title='bbox 1839 2423 2083 2483; x_wconf 87' lang='lat' dir='ltr'>aliquando</span> 
     </span>
     <span class='ocr_line' id='line_1_34' title="bbox 103 2490 2084 2550; baseline -0.002 -13"><span class='ocrx_word' id='word_1_378' title='bbox 103 2490 258 2537; x_wconf 59' lang='lat' dir='ltr'>&#39;Deus</span> <span class='ocrx_word' id='word_1_379' title='bbox 289 2491 444 2545; x_wconf 82' lang='lat' dir='ltr'>iratus,</span> <span class='ocrx_word' id='word_1_380' title='bbox 469 2491 516 2535; x_wconf 89' lang='lat' dir='ltr'>in</span> <span class='ocrx_word' id='word_1_381' title='bbox 548 2501 770 2550; x_wconf 89' lang='lat' dir='ltr'>quantum</span> <span class='ocrx_word' id='word_1_382' title='bbox 813 2505 866 2535; x_wconf 87' lang='lat' dir='ltr'>ex</span> <span class='ocrx_word' id='word_1_383' title='bbox 907 2491 1066 2536; x_wconf 88' lang='lat' dir='ltr'>ordine</span> <span class='ocrx_word' id='word_1_384' title='bbox 1108 2505 1217 2536; x_wconf 89' lang='lat' dir='ltr'>suae</span> <span class='ocrx_word' id='word_1_385' title='bbox 1254 2493 1502 2550; x_wconf 87' lang='lat' dir='ltr'>sapientiae</span> <span class='ocrx_word' id='word_1_386' title='bbox 1543 2491 1742 2550; x_wconf 76' lang='lat' dir='ltr'>aliquem</span> <span class='ocrx_word' id='word_1_387' title='bbox 1774 2491 1872 2535; x_wconf 84' lang='lat' dir='ltr'>vult</span> <span class='ocrx_word' id='word_1_388' title='bbox 1910 2491 2084 2550; x_wconf 86' lang='lat' dir='ltr'>punire,</span> 
     </span>
     <span class='ocr_line' id='line_1_35' title="bbox 94 2557 2086 2616; baseline -0.001 -13"><span class='ocrx_word' id='word_1_389' title='bbox 94 2558 380 2603; x_wconf 66' lang='lat' dir='ltr'>*secundum</span> <span class='ocrx_word' id='word_1_390' title='bbox 414 2557 525 2601; x_wconf 85' lang='lat' dir='ltr'>illud</span> <span class='ocrx_word' id='word_1_391' title='bbox 557 2557 653 2616; x_wconf 88' lang='lat' dir='ltr'><strong>(Ps.</strong></span> <span class='ocrx_word' id='word_1_392' title='bbox 698 2557 755 2602; x_wconf 89' lang='lat' dir='ltr'><strong>II.</strong></span> <span class='ocrx_word' id='word_1_393' title='bbox 799 2558 907 2616; x_wconf 85' lang='lat'><strong>13.):</strong></span> <span class='ocrx_word' id='word_1_394' title='bbox 951 2558 1061 2603; x_wconf 87' lang='lat' dir='ltr'>Cum</span> <span class='ocrx_word' id='word_1_395' title='bbox 1101 2561 1303 2603; x_wconf 80' lang='lat' dir='ltr'>exarserit</span> <span class='ocrx_word' id='word_1_396' title='bbox 1337 2561 1383 2602; x_wconf 80' lang='lat' dir='ltr'>in</span> <span class='ocrx_word' id='word_1_397' title='bbox 1425 2560 1541 2603; x_wconf 85' lang='lat' dir='ltr'>brevi</span> <span class='ocrx_word' id='word_1_398' title='bbox 1581 2561 1651 2603; x_wconf 86' lang='lat' dir='ltr'>ira</span> <span class='ocrx_word' id='word_1_399' title='bbox 1681 2561 1792 2616; x_wconf 87' lang='lat' dir='ltr'>ejus,·</span> <span class='ocrx_word' id='word_1_400' title='bbox 1825 2558 2086 2602; x_wconf 90' lang='lat' dir='ltr'>misericors</span> 
     </span>
     <span class='ocr_line' id='line_1_36' title="bbox 125 2620 2089 2688; baseline 0 -20"><span class='ocrx_word' id='word_1_401' title='bbox 125 2635 237 2669; x_wconf 67' lang='lat' dir='ltr'>vero</span> <span class='ocrx_word' id='word_1_402' title='bbox 281 2625 460 2678; x_wconf 88' lang='lat' dir='ltr'>dicitur,</span> <span class='ocrx_word' id='word_1_403' title='bbox 505 2624 552 2668; x_wconf 90' lang='lat' dir='ltr'>in</span> <span class='ocrx_word' id='word_1_404' title='bbox 593 2634 814 2683; x_wconf 87' lang='lat' dir='ltr'>quantum</span> <span class='ocrx_word' id='word_1_405' title='bbox 857 2639 911 2669; x_wconf 89' lang='lat' dir='ltr'>ex</span> <span class='ocrx_word' id='word_1_406' title='bbox 949 2639 1048 2669; x_wconf 73' lang='lat' dir='ltr'>sua·</span> <span class='ocrx_word' id='word_1_407' title='bbox 1070 2624 1389 2688; x_wconf 67' lang='lat' dir='ltr'>benevolentia</span> <span class='ocrx_word' id='word_1_408' title='bbox 1420 2620 1628 2669; x_wconf 83' lang='lat' dir='ltr'>miserias</span> <span class='ocrx_word' id='word_1_409' title='bbox 1668 2624 1914 2668; x_wconf 89' lang='lat' dir='ltr'>hominum</span> <span class='ocrx_word' id='word_1_410' title='bbox 1954 2623 2089 2678; x_wconf 89' lang='lat' dir='ltr'>tollit,</span> 
     </span>
     <span class='ocr_line' id='line_1_37' title="bbox 125 2688 2089 2751; baseline -0.002 -15"><span class='ocrx_word' id='word_1_411' title='bbox 125 2688 246 2736; x_wconf 53' lang='lat' dir='ltr'>siout</span> <span class='ocrx_word' id='word_1_412' title='bbox 295 2701 340 2736; x_wconf 89' lang='lat' dir='ltr'>et</span> <span class='ocrx_word' id='word_1_413' title='bbox 377 2704 463 2735; x_wconf 92' lang='lat' dir='ltr'>nos</span> <span class='ocrx_word' id='word_1_414' title='bbox 510 2701 696 2750; x_wconf 90' lang='lat' dir='ltr'>propter</span> <span class='ocrx_word' id='word_1_415' title='bbox 742 2691 1082 2736; x_wconf 87' lang='lat' dir='ltr'>misericordiae</span> <span class='ocrx_word' id='word_1_416' title='bbox 1133 2692 1395 2751; x_wconf 89' lang='lat' dir='ltr'>passionem</span> <span class='ocrx_word' id='word_1_417' title='bbox 1445 2691 1639 2735; x_wconf 86' lang='lat' dir='ltr'>facimus</span> <span class='ocrx_word' id='word_1_418' title='bbox 1685 2691 1832 2735; x_wconf 86' lang='lat' dir='ltr'>idern:</span> <span class='ocrx_word' id='word_1_419' title='bbox 1881 2690 2000 2734; x_wconf 91' lang='lat' dir='ltr'>unde</span> <span class='ocrx_word' id='word_1_420' title='bbox 2042 2690 2089 2733; x_wconf 91' lang='lat' dir='ltr'>in</span> 
     </span>
     <span class='ocr_line' id='line_1_38' title="bbox 103 2755 2087 2816; baseline -0.002 -13"><span class='ocrx_word' id='word_1_421' title='bbox 103 2755 202 2811; x_wconf 67' lang='lat' dir='ltr'><strong>2Fs.</strong></span> <span class='ocrx_word' id='word_1_422' title='bbox 231 2757 334 2805; x_wconf 84' lang='lat' dir='ltr'><strong>CII.</strong></span> <span class='ocrx_word' id='word_1_423' title='bbox 379 2758 444 2803; x_wconf 90' lang='lat'><strong>8.:</strong></span> <span class='ocrx_word' id='word_1_424' title='bbox 488 2758 717 2803; x_wconf 76' lang='lat' dir='ltr'>Miserator</span> <span class='ocrx_word' id='word_1_425' title='bbox 745 2764 785 2803; x_wconf 89' lang='lat' dir='ltr'>et</span> <span class='ocrx_word' id='word_1_426' title='bbox 815 2759 1053 2803; x_wconf 75' lang='lat' dir='ltr'>misericors</span> <span class='ocrx_word' id='word_1_427' title='bbox 1092 2759 1303 2802; x_wconf 75' lang='lat' dir='ltr'>Dominus</span> <span class='ocrx_word' id='word_1_428' title='bbox 1337 2759 1503 2816; x_wconf 82' lang='lat' dir='ltr'>patiens</span> <span class='ocrx_word' id='word_1_429' title='bbox 1546 2763 1581 2801; x_wconf 85' lang='lat' dir='ltr'>et</span> <span class='ocrx_word' id='word_1_430' title='bbox 1622 2756 1800 2801; x_wconf 86' lang='lat' dir='ltr'>multum</span> <span class='ocrx_word' id='word_1_431' title='bbox 1839 2758 2087 2801; x_wconf 81' lang='lat' dir='ltr'>misericors.</span> 
     </span>
     <span class='ocr_line' id='line_1_39' title="bbox 87 2820 2090 2883; baseline -0.001 -14"><span class='ocrx_word' id='word_1_432' title='bbox 87 2820 375 2869; x_wconf 60' lang='lat' dir='ltr'>“Paenitens</span> <span class='ocrx_word' id='word_1_433' title='bbox 416 2825 552 2869; x_wconf 88' lang='lat' dir='ltr'>etiam</span> <span class='ocrx_word' id='word_1_434' title='bbox 586 2824 811 2869; x_wconf 89' lang='lat' dir='ltr'>interdum</span> <span class='ocrx_word' id='word_1_435' title='bbox 855 2825 1019 2869; x_wconf 90' lang='lat' dir='ltr'>dicitur</span> <span class='ocrx_word' id='word_1_436' title='bbox 1051 2825 1096 2868; x_wconf 90' lang='lat' dir='ltr'>in</span> <span class='ocrx_word' id='word_1_437' title='bbox 1127 2834 1348 2883; x_wconf 91' lang='lat' dir='ltr'>quantum</span> <span class='ocrx_word' id='word_1_438' title='bbox 1380 2823 1633 2868; x_wconf 89' lang='lat' dir='ltr'>secundum</span> <span class='ocrx_word' id='word_1_439' title='bbox 1666 2833 1902 2868; x_wconf 88' lang='lat' dir='ltr'>aeternum</span> <span class='ocrx_word' id='word_1_440' title='bbox 1934 2832 1979 2867; x_wconf 89' lang='lat' dir='ltr'>et</span> <span class='ocrx_word' id='word_1_441' title='bbox 2009 2823 2090 2867; x_wconf 90' lang='lat' dir='ltr'>im-</span> 
     </span>
     <span class='ocr_line' id='line_1_40' title="bbox 94 2886 2090 2950; baseline -0.001 -14"><span class='ocrx_word' id='word_1_442' title='bbox 94 2886 103 2905; x_wconf 59' lang='lat'><em>*</em></span> <span class='ocrx_word' id='word_1_443' title='bbox 129 2890 396 2936; x_wconf 83' lang='lat' dir='ltr'>mutabilem</span> <span class='ocrx_word' id='word_1_444' title='bbox 440 2890 751 2950; x_wconf 88' lang='lat' dir='ltr'>providentiae</span> <span class='ocrx_word' id='word_1_445' title='bbox 801 2905 908 2935; x_wconf 91' lang='lat' dir='ltr'>suae</span> <span class='ocrx_word' id='word_1_446' title='bbox 956 2891 1165 2935; x_wconf 90' lang='lat' dir='ltr'>ordinem</span> <span class='ocrx_word' id='word_1_447' title='bbox 1205 2890 1314 2935; x_wconf 88' lang='lat' dir='ltr'>facit</span> <span class='ocrx_word' id='word_1_448' title='bbox 1354 2905 1470 2950; x_wconf 87' lang='lat' dir='ltr'>quae</span> <span class='ocrx_word' id='word_1_449' title='bbox 1515 2891 1636 2950; x_wconf 89' lang='lat' dir='ltr'>prius</span> <span class='ocrx_word' id='word_1_450' title='bbox 1679 2890 1972 2945; x_wconf 85' lang='lat' dir='ltr'>destruxerat,</span> <span class='ocrx_word' id='word_1_451' title='bbox 2012 2888 2090 2934; x_wconf 89' lang='lat' dir='ltr'>vel</span> 
     </span>
     <span class='ocr_line' id='line_1_41' title="bbox 124 2956 2089 3018; baseline -0.001 -15.12"><span class='ocrx_word' id='word_1_452' title='bbox 124 2958 325 3003; x_wconf 56' lang='lat' dir='ltr'>destruit</span> <span class='ocrx_word' id='word_1_453' title='bbox 347 2972 465 3018; x_wconf 86' lang='lat' dir='ltr'>quae</span> <span class='ocrx_word' id='word_1_454' title='bbox 490 2958 613 3017; x_wconf 90' lang='lat' dir='ltr'>prius</span> <span class='ocrx_word' id='word_1_455' title='bbox 637 2957 760 3011; x_wconf 88' lang='lat' dir='ltr'>fecit,</span> <span class='ocrx_word' id='word_1_456' title='bbox 786 2957 906 3002; x_wconf 89' lang='lat' dir='ltr'>sicut</span> <span class='ocrx_word' id='word_1_457' title='bbox 931 2968 975 3002; x_wconf 90' lang='lat' dir='ltr'>et</span> <span class='ocrx_word' id='word_1_458' title='bbox 999 2958 1280 3017; x_wconf 87' lang='lat' dir='ltr'>poenitentia</span> <span class='ocrx_word' id='word_1_459' title='bbox 1306 2958 1422 3002; x_wconf 89' lang='lat' dir='ltr'>moti</span> <span class='ocrx_word' id='word_1_460' title='bbox 1446 2957 1598 3002; x_wconf 87' lang='lat' dir='ltr'>facere</span> <span class='ocrx_word' id='word_1_461' title='bbox 1623 2957 1935 3001; x_wconf 87' lang='lat' dir='ltr'>inveniuntur:</span> <span class='ocrx_word' id='word_1_462' title='bbox 1969 2956 2089 3000; x_wconf 90' lang='lat' dir='ltr'>unde</span> 
     </span>
     <span class='ocr_line' id='line_1_42' title="bbox 124 3022 2094 3083; baseline -0.001 -14.102"><span class='ocrx_word' id='word_1_463' title='bbox 124 3023 273 3082; x_wconf 56' lang='lat' dir='ltr'>(Gen.</span> <span class='ocrx_word' id='word_1_464' title='bbox 294 3024 374 3069; x_wconf 90' lang='lat' dir='ltr'>VI.</span> <span class='ocrx_word' id='word_1_465' title='bbox 399 3023 442 3069; x_wconf 91' lang='lat'>6.</span> <span class='ocrx_word' id='word_1_466' title='bbox 470 3033 513 3069; x_wconf 88' lang='lat' dir='ltr'>et</span> <span class='ocrx_word' id='word_1_467' title='bbox 544 3025 629 3083; x_wconf 87' lang='lat'><strong>7.):</strong></span> <span class='ocrx_word' id='word_1_468' title='bbox 657 3024 840 3069; x_wconf 84' lang='lat' dir='ltr'>Poenitet</span> <span class='ocrx_word' id='word_1_469' title='bbox 861 3039 924 3068; x_wconf 86' lang='lat' dir='ltr'>me</span> <span class='ocrx_word' id='word_1_470' title='bbox 936 3025 1082 3083; x_wconf 84' lang='lat' dir='ltr'>fecisse</span> <span class='ocrx_word' id='word_1_471' title='bbox 1108 3025 1329 3068; x_wconf 82' lang='lat' dir='ltr'>hominem.</span> <span class='ocrx_word' id='word_1_472' title='bbox 1358 3024 1499 3076; x_wconf 87' lang='lat' dir='ltr'>Quod</span> <span class='ocrx_word' id='word_1_473' title='bbox 1526 3034 1680 3068; x_wconf 87' lang='lat' dir='ltr'>autem</span> <span class='ocrx_word' id='word_1_474' title='bbox 1706 3023 1796 3067; x_wconf 90' lang='lat' dir='ltr'>hoc</span> <span class='ocrx_word' id='word_1_475' title='bbox 1819 3023 2001 3082; x_wconf 89' lang='lat' dir='ltr'>proprie</span> <span class='ocrx_word' id='word_1_476' title='bbox 2025 3022 2094 3066; x_wconf 88' lang='lat' dir='ltr'>in-</span> 
     </span>
     <span class='ocr_line' id='line_1_43' title="bbox 20 3089 2090 3152; baseline -0.002 -15"><span class='ocrx_word' id='word_1_477' title='bbox 20 3119 28 3136; x_wconf 47' lang='lat' dir='ltr'>s.</span> <span class='ocrx_word' id='word_1_478' title='bbox 125 3090 272 3151; x_wconf 60' lang='lat' dir='ltr'>affigi</span> <span class='ocrx_word' id='word_1_479' title='bbox 293 3105 389 3136; x_wconf 88' lang='lat' dir='ltr'>non</span> <span class='ocrx_word' id='word_1_480' title='bbox 413 3092 570 3152; x_wconf 88' lang='lat' dir='ltr'>possit,</span> <span class='ocrx_word' id='word_1_481' title='bbox 591 3101 712 3151; x_wconf 89' lang='lat' dir='ltr'>patet</span> <span class='ocrx_word' id='word_1_482' title='bbox 737 3105 817 3150; x_wconf 91' lang='lat' dir='ltr'>per</span> <span class='ocrx_word' id='word_1_483' title='bbox 842 3091 947 3144; x_wconf 90' lang='lat' dir='ltr'>hoc,</span> <span class='ocrx_word' id='word_1_484' title='bbox 974 3091 1097 3150; x_wconf 88' lang='lat' dir='ltr'>quod</span> <span class='ocrx_word' id='word_1_485' title='bbox 1122 3091 1313 3135; x_wconf 89' lang='lat' dir='ltr'>habetur</span> <span class='ocrx_word' id='word_1_486' title='bbox 1339 3092 1394 3149; x_wconf 92' lang='grc' dir='ltr'>(Ι.</span> <span class='ocrx_word' id='word_1_487' title='bbox 1412 3091 1524 3149; x_wconf 88' lang='lat' dir='ltr'>Reg.</span> <span class='ocrx_word' id='word_1_488' title='bbox 1543 3090 1620 3134; x_wconf 93' lang='lat' dir='ltr'>VI.</span> <span class='ocrx_word' id='word_1_489' title='bbox 1640 3091 1757 3150; x_wconf 86' lang='lat'><strong>29.):</strong></span> <span class='ocrx_word' id='word_1_490' title='bbox 1785 3089 2090 3149; x_wconf 85' lang='lat' dir='ltr'>Triumphator</span> 
     </span>
     <span class='ocr_line' id='line_1_44' title="bbox 127 3157 1223 3218; baseline -0.001 -14.104"><span class='ocrx_word' id='word_1_491' title='bbox 127 3158 174 3203; x_wconf 77' lang='lat' dir='ltr'>in</span> <span class='ocrx_word' id='word_1_492' title='bbox 197 3157 328 3203; x_wconf 72' lang='lat' dir='ltr'>Israel</span> <span class='ocrx_word' id='word_1_493' title='bbox 348 3173 431 3202; x_wconf 86' lang='lat' dir='ltr'>non</span> <span class='ocrx_word' id='word_1_494' title='bbox 451 3165 612 3218; x_wconf 78' lang='lat' dir='ltr'>parcet,</span> <span class='ocrx_word' id='word_1_495' title='bbox 631 3157 896 3217; x_wconf 75' lang='lat' dir='ltr'>poenitudine</span> <span class='ocrx_word' id='word_1_496' title='bbox 920 3173 1003 3202; x_wconf 85' lang='lat' dir='ltr'>non</span> <span class='ocrx_word' id='word_1_497' title='bbox 1024 3158 1223 3210; x_wconf 71' lang='lat' dir='ltr'>flectetur.</span> 
     </span>
     <span class='ocr_line' id='line_1_45' title="bbox 27 3223 2090 3283; baseline 0 -17"><span class='ocrx_word' id='word_1_498' title='bbox 27 3226 80 3276; x_wconf 52' lang='lat' dir='ltr'>,q</span> <span class='ocrx_word' id='word_1_499' title='bbox 110 3280 112 3282; x_wconf 12' lang='lat' dir='ltr'>v</span> <span class='ocrx_word' id='word_1_500' title='bbox 140 3254 166 3260; x_wconf 47' lang='lat'>-&gt;</span> <span class='ocrx_word' id='word_1_501' title='bbox 216 3223 337 3268; x_wconf 90' lang='lat' dir='ltr'>Dico</span> <span class='ocrx_word' id='word_1_502' title='bbox 363 3234 516 3268; x_wconf 83' lang='lat' dir='ltr'>autem</span> <span class='ocrx_word' id='word_1_503' title='bbox 542 3237 621 3283; x_wconf 92' lang='lat' dir='ltr'>per</span> <span class='ocrx_word' id='word_1_504' title='bbox 642 3223 987 3268; x_wconf 88' lang='lat' dir='ltr'>similitudinem</span> <span class='ocrx_word' id='word_1_505' title='bbox 1014 3223 1267 3268; x_wconf 84' lang='lat' dir='ltr'>affectionis</span> <span class='ocrx_word' id='word_1_506' title='bbox 1291 3223 1617 3283; x_wconf 88' lang='lat' dir='ltr'>praecedentis,</span> <span class='ocrx_word' id='word_1_507' title='bbox 1640 3236 1749 3267; x_wconf 90' lang='lat' dir='ltr'>nam</span> <span class='ocrx_word' id='word_1_508' title='bbox 1771 3235 1902 3267; x_wconf 90' lang='lat' dir='ltr'>amor</span> <span class='ocrx_word' id='word_1_509' title='bbox 1923 3231 1968 3267; x_wconf 92' lang='lat' dir='ltr'>et</span> <span class='ocrx_word' id='word_1_510' title='bbox 1983 3235 2090 3280; x_wconf 89' lang='lat' dir='ltr'>gau-</span> 
     </span>
     <span class='ocr_line' id='line_1_46' title="bbox 127 3287 2090 3350; baseline -0.001 -15.144"><span class='ocrx_word' id='word_1_511' title='bbox 127 3289 272 3344; x_wconf 63' lang='lat' dir='ltr'>dium,</span> <span class='ocrx_word' id='word_1_512' title='bbox 296 3304 413 3350; x_wconf 88' lang='lat' dir='ltr'>quae</span> <span class='ocrx_word' id='word_1_513' title='bbox 438 3292 485 3335; x_wconf 89' lang='lat' dir='ltr'>in</span> <span class='ocrx_word' id='word_1_514' title='bbox 511 3290 614 3335; x_wconf 92' lang='lat' dir='ltr'>Deo</span> <span class='ocrx_word' id='word_1_515' title='bbox 641 3290 821 3349; x_wconf 89' lang='lat' dir='ltr'>proprie</span> <span class='ocrx_word' id='word_1_516' title='bbox 847 3301 965 3344; x_wconf 91' lang='lat' dir='ltr'>sunt,</span> <span class='ocrx_word' id='word_1_517' title='bbox 991 3290 1212 3349; x_wconf 90' lang='lat' dir='ltr'>principia</span> <span class='ocrx_word' id='word_1_518' title='bbox 1237 3301 1342 3334; x_wconf 91' lang='lat' dir='ltr'>sunt</span> <span class='ocrx_word' id='word_1_519' title='bbox 1368 3290 1577 3333; x_wconf 89' lang='lat' dir='ltr'>omnium</span> <span class='ocrx_word' id='word_1_520' title='bbox 1605 3287 1924 3333; x_wconf 87' lang='lat' dir='ltr'>affectionum:</span> <span class='ocrx_word' id='word_1_521' title='bbox 1958 3301 2090 3333; x_wconf 87' lang='lat' dir='ltr'>amor</span> 
     </span>
     <span class='ocr_line' id='line_1_47' title="bbox 23 3352 2089 3416; baseline -0.001 -14"><span class='ocrx_word' id='word_1_522' title='bbox 23 3354 30 3384; x_wconf 65' lang='lat'>3‘</span> <span class='ocrx_word' id='word_1_523' title='bbox 49 3352 104 3403; x_wconf 56' lang='lat'>42⁴⁷</span> <span class='ocrx_word' id='word_1_524' title='bbox 128 3356 313 3416; x_wconf 83' lang='lat' dir='ltr'>quidem</span> <span class='ocrx_word' id='word_1_525' title='bbox 339 3370 419 3416; x_wconf 87' lang='lat' dir='ltr'>per</span> <span class='ocrx_word' id='word_1_526' title='bbox 443 3355 634 3401; x_wconf 87' lang='lat' dir='ltr'>modum</span> <span class='ocrx_word' id='word_1_527' title='bbox 651 3356 859 3416; x_wconf 87' lang='lat' dir='ltr'>principii</span> <span class='ocrx_word' id='word_1_528' title='bbox 876 3357 1126 3401; x_wconf 87' lang='lat' dir='ltr'>moventis:</span> <span class='ocrx_word' id='word_1_529' title='bbox 1154 3356 1374 3415; x_wconf 87' lang='lat' dir='ltr'>gaudium</span> <span class='ocrx_word' id='word_1_530' title='bbox 1391 3370 1500 3400; x_wconf 91' lang='lat' dir='ltr'>vero</span> <span class='ocrx_word' id='word_1_531' title='bbox 1524 3369 1604 3414; x_wconf 90' lang='lat' dir='ltr'>per</span> <span class='ocrx_word' id='word_1_532' title='bbox 1621 3355 1810 3399; x_wconf 91' lang='lat' dir='ltr'>modum</span> <span class='ocrx_word' id='word_1_533' title='bbox 1829 3354 1942 3399; x_wconf 89' lang='lat' dir='ltr'>finis.</span> <span class='ocrx_word' id='word_1_534' title='bbox 1956 3354 2089 3401; x_wconf 87' lang='lat' dir='ltr'>Unde</span> 
     </span>
     <span class='ocr_line' id='line_1_48' title="bbox 77 3418 2090 3482; baseline -0.001 -15"><span class='ocrx_word' id='word_1_535' title='bbox 77 3418 99 3435; x_wconf 70' lang='lat'><strong>⁸</strong></span> <span class='ocrx_word' id='word_1_536' title='bbox 127 3421 270 3467; x_wconf 76' lang='lat' dir='ltr'>etiam</span> <span class='ocrx_word' id='word_1_537' title='bbox 284 3423 386 3467; x_wconf 89' lang='lat' dir='ltr'>irati</span> <span class='ocrx_word' id='word_1_538' title='bbox 406 3422 645 3482; x_wconf 87' lang='lat' dir='ltr'>punientes</span> <span class='ocrx_word' id='word_1_539' title='bbox 668 3423 879 3482; x_wconf 86' lang='lat' dir='ltr'>gaudent,</span> <span class='ocrx_word' id='word_1_540' title='bbox 901 3424 1030 3482; x_wconf 86' lang='lat' dir='ltr'>quasi</span> <span class='ocrx_word' id='word_1_541' title='bbox 1046 3423 1184 3467; x_wconf 87' lang='lat' dir='ltr'>finem</span> <span class='ocrx_word' id='word_1_542' title='bbox 1207 3423 1416 3467; x_wconf 88' lang='lat' dir='ltr'>assecuti.</span> <span class='ocrx_word' id='word_1_543' title='bbox 1434 3422 1610 3466; x_wconf 89' lang='lat' dir='ltr'>Dicitur</span> <span class='ocrx_word' id='word_1_544' title='bbox 1628 3421 1751 3466; x_wconf 89' lang='lat' dir='ltr'>enim</span> <span class='ocrx_word' id='word_1_545' title='bbox 1767 3421 1894 3466; x_wconf 87' lang='lat' dir='ltr'>Deus</span> <span class='ocrx_word' id='word_1_546' title='bbox 1910 3421 2090 3475; x_wconf 90' lang='lat' dir='ltr'>tristari,</span> 
     </span>
     <span class='ocr_line' id='line_1_49' title="bbox 78 3487 2089 3566; baseline -0 -33"><span class='ocrx_word' id='word_1_547' title='bbox 78 3546 94 3550; x_wconf 24' lang='lat' dir='ltr'><em>w</em></span> <span class='ocrx_word' id='word_1_548' title='bbox 126 3487 180 3533; x_wconf 75' lang='lat' dir='ltr'>in</span> <span class='ocrx_word' id='word_1_549' title='bbox 195 3498 424 3566; x_wconf 80' lang='lat' dir='ltr'>quantum</span> <span class='ocrx_word' id='word_1_550' title='bbox 450 3488 662 3533; x_wconf 79' lang='lat' dir='ltr'>accidunt</span> <span class='ocrx_word' id='word_1_551' title='bbox 686 3488 839 3548; x_wconf 83' lang='lat' dir='ltr'>aliqua</span> <span class='ocrx_word' id='word_1_552' title='bbox 860 3489 1086 3534; x_wconf 86' lang='lat' dir='ltr'>contraria</span> <span class='ocrx_word' id='word_1_553' title='bbox 1111 3489 1182 3532; x_wconf 89' lang='lat' dir='ltr'>his</span> <span class='ocrx_word' id='word_1_554' title='bbox 1209 3502 1324 3547; x_wconf 90' lang='lat' dir='ltr'>quae</span> <span class='ocrx_word' id='word_1_555' title='bbox 1350 3488 1446 3547; x_wconf 89' lang='lat' dir='ltr'>ipse</span> <span class='ocrx_word' id='word_1_556' title='bbox 1479 3499 1604 3533; x_wconf 87' lang='lat' dir='ltr'>amat</span> <span class='ocrx_word' id='word_1_557' title='bbox 1627 3498 1674 3533; x_wconf 86' lang='lat' dir='ltr'>et</span> <span class='ocrx_word' id='word_1_558' title='bbox 1705 3488 1940 3547; x_wconf 86' lang='lat' dir='ltr'>approbat,</span> <span class='ocrx_word' id='word_1_559' title='bbox 1970 3488 2089 3534; x_wconf 84' lang='lat' dir='ltr'>sicut</span> 
     </span>
     <span class='ocr_line' id='line_1_50' title="bbox 101 3550 2089 3614; baseline 0 -15"><span class='ocrx_word' id='word_1_560' title='bbox 101 3550 105 3552; x_wconf 51' lang='lat'><em>⁷</em></span> <span class='ocrx_word' id='word_1_561' title='bbox 129 3562 179 3599; x_wconf 62' lang='lat' dir='ltr'>ut</span> <span class='ocrx_word' id='word_1_562' title='bbox 195 3568 248 3599; x_wconf 84' lang='lat' dir='ltr'>m</span> <span class='ocrx_word' id='word_1_563' title='bbox 269 3555 404 3599; x_wconf 73' lang='lat' dir='ltr'>nobis</span> <span class='ocrx_word' id='word_1_564' title='bbox 426 3555 605 3600; x_wconf 82' lang='lat' dir='ltr'>tristitia</span> <span class='ocrx_word' id='word_1_565' title='bbox 626 3565 699 3600; x_wconf 86' lang='lat' dir='ltr'>est</span> <span class='ocrx_word' id='word_1_566' title='bbox 723 3555 779 3599; x_wconf 92' lang='lat' dir='ltr'>de</span> <span class='ocrx_word' id='word_1_567' title='bbox 800 3555 872 3600; x_wconf 86' lang='lat' dir='ltr'>his</span> <span class='ocrx_word' id='word_1_568' title='bbox 896 3569 1013 3614; x_wconf 86' lang='lat' dir='ltr'>quae</span> <span class='ocrx_word' id='word_1_569' title='bbox 1044 3555 1176 3599; x_wconf 89' lang='lat' dir='ltr'>nobis</span> <span class='ocrx_word' id='word_1_570' title='bbox 1208 3554 1466 3599; x_wconf 90' lang='lat' dir='ltr'>nolentibus</span> <span class='ocrx_word' id='word_1_571' title='bbox 1499 3555 1722 3599; x_wconf 88' lang='lat' dir='ltr'>accidunt.</span> <span class='ocrx_word' id='word_1_572' title='bbox 1756 3554 1813 3600; x_wconf 91' lang='lat' dir='ltr'>Et</span> <span class='ocrx_word' id='word_1_573' title='bbox 1843 3555 1934 3600; x_wconf 92' lang='lat' dir='ltr'>hoc</span> <span class='ocrx_word' id='word_1_574' title='bbox 1964 3564 2089 3613; x_wconf 81' lang='lat' dir='ltr'>patet</span> 
     </span>
     <span class='ocr_line' id='line_1_51' title="bbox 78 3619 2087 3680; baseline 0 -15"><span class='ocrx_word' id='word_1_575' title='bbox 78 3630 80 3634; x_wconf 78' lang='grc'>’</span> <span class='ocrx_word' id='word_1_576' title='bbox 132 3620 218 3666; x_wconf 84' lang='lat' dir='ltr'>Isa.</span> <span class='ocrx_word' id='word_1_577' title='bbox 245 3620 384 3679; x_wconf 91' lang='lat' dir='ltr'><strong>(LIX.</strong></span> <span class='ocrx_word' id='word_1_578' title='bbox 409 3634 474 3679; x_wconf 85' lang='lat'>15.</span> <span class='ocrx_word' id='word_1_579' title='bbox 491 3631 536 3666; x_wconf 92' lang='lat' dir='ltr'>et</span> <span class='ocrx_word' id='word_1_580' title='bbox 562 3619 674 3678; x_wconf 88' lang='lat'><strong>16..)</strong></span> <span class='ocrx_word' id='word_1_581' title='bbox 711 3621 822 3667; x_wconf 81' lang='lat' dir='ltr'>Vidit</span> <span class='ocrx_word' id='word_1_582' title='bbox 846 3622 1073 3675; x_wconf 86' lang='lat' dir='ltr'>Dominus,</span> <span class='ocrx_word' id='word_1_583' title='bbox 1096 3627 1132 3665; x_wconf 85' lang='lat' dir='ltr'>et</span> <span class='ocrx_word' id='word_1_584' title='bbox 1154 3621 1313 3665; x_wconf 88' lang='lat' dir='ltr'>malum</span> <span class='ocrx_word' id='word_1_585' title='bbox 1339 3623 1543 3680; x_wconf 82' lang='lat' dir='ltr'>apparuit</span> <span class='ocrx_word' id='word_1_586' title='bbox 1564 3623 1609 3666; x_wconf 85' lang='lat' dir='ltr'>in</span> <span class='ocrx_word' id='word_1_587' title='bbox 1628 3622 1754 3667; x_wconf 81' lang='lat' dir='ltr'>oculis</span> <span class='ocrx_word' id='word_1_588' title='bbox 1770 3624 1870 3680; x_wconf 79' lang='lat' dir='ltr'>ejus,</span> <span class='ocrx_word' id='word_1_589' title='bbox 1888 3623 1988 3680; x_wconf 86' lang='lat' dir='ltr'>quia</span> <span class='ocrx_word' id='word_1_590' title='bbox 2003 3636 2087 3667; x_wconf 87' lang='lat' dir='ltr'>non</span> 
     </span>
    </p>
   </div>
   <div class='ocr_carea' id='block_1_3' title="bbox 0 3392 153 3854">
    <p class='ocr_par' dir='ltr' id='par_1_5' title="bbox 0 3392 153 3854">
     <span class='ocr_line' id='line_1_52' title="bbox 0 3392 127 3579; baseline 0 -132"><span class='ocrx_word' id='word_1_591' title='bbox 0 3392 127 3579; x_wconf 95' lang='lat' dir='ltr'>    </span> 
     </span>
     <span class='ocr_line' id='line_1_53' title="bbox 0 3579 153 3854; baseline 0 0"><span class='ocrx_word' id='word_1_592' title='bbox 0 3579 153 3854; x_wconf 95' lang='lat' dir='ltr'>   </span> 
     </span>
    </p>
   </div>
  </div>
 </body>
</html>
