2332 3854
259 174 360 226 160
930 187 1086 226 LIBER
1125 187 1182 224 11.
1225 187 1345 225 CAP.
1387 187 1553 227 xxxv.

252 300 454 348 tempus;
485 303 582 334 non
607 299 675 335 est
698 290 836 350 igitur
860 290 976 335 ratio
1004 303 1142 349 quare
1167 303 1289 334 nunc
1317 299 1362 334 et
1387 305 1482 335 non
1508 293 1645 350 prius,
1671 291 1718 336 in
1743 292 1834 337 hoc
1869 294 2215 350 consideranda,

251 357 330 402 sed
362 357 515 402 solum
542 372 683 417 quare
710 372 805 401 non
832 372 1035 415 semper:
1064 357 1180 401 sicut
1204 371 1284 416 per
1310 356 1458 401 simile
1483 358 1530 401 in
1555 357 1663 403 loco
1691 370 1895 419 apparet:
1923 360 2214 419 particularia

251 425 375 469 enim
402 439 609 484 corpora,
637 425 754 469 sicut
785 426 831 468 in
857 434 1065 482 tempore
1093 424 1411 478 determinato,
1437 425 1501 469 ita
1527 425 1666 469 etiam
1691 427 1738 470 in
1764 426 1871 471 loco
1913 427 2214 473 determinato

251 492 585 550 producuntur;
613 502 656 535 et
683 493 786 550 quia
813 491 983 534 habent
1009 500 1132 534 extra
1157 505 1206 534 se
1232 501 1412 550 tempus
1435 501 1479 536 et
1502 491 1659 536 locum
1681 507 1707 536 a
1730 493 1890 551 quibus
1914 494 2216 549 continentur,

251 568 432 617 oportet
459 573 557 603 esse
584 558 809 602 rationem
840 571 979 615 quare
1005 557 1152 616 magis
1179 557 1226 601 in
1251 558 1343 601 hoc
1369 557 1491 612 loco,
1519 568 1564 603 et
1587 560 1634 602 in
1675 559 1767 603 hoc
1798 569 2007 619 ternpore
2048 561 2214 620 produ-

252 635 414 670 cuntur
440 640 578 684 quam
604 626 649 668 in
674 624 778 669 alio.
809 624 861 667 In
886 633 986 668 toto
1014 634 1166 668 autem
1195 623 1343 679 coelo,
1367 635 1493 669 extra
1518 626 1639 684 quod
1661 640 1756 670 non
1783 636 1852 670 est
1876 626 2021 682 locus,
2043 637 2089 672 et
2109 642 2216 672 cum

252 683 343 751 quo
370 691 637 736 universalis
670 691 800 734 locus
829 691 1040 734 omnium
1066 691 1346 749 producitur,
1367 706 1462 736 non
1489 703 1556 736 est
1580 693 1697 736 ratio
1725 693 2055 738 consideranda
2075 708 2215 755 quare

251 760 326 804 hic
361 770 405 803 et
429 774 523 803 non
549 759 610 801 ibi
643 758 940 801 constitutum
967 769 1053 802 est:
1082 772 1220 817 quam
1246 759 1472 802 rationem
1499 760 1604 818 quia
1630 759 1816 818 quidam
1841 761 2218 806 considerandam

251 827 484 886 putabant,
512 825 776 869 deciderunt
801 825 848 868 in
877 838 1094 878 errorem,
1122 834 1170 875 ut
1195 835 1418 884 ponerent
1443 826 1672 870 infinitum
1697 826 1744 870 in
1772 827 2063 886 corporibus;
2089 837 2136 872 et
2160 828 2219 873 si·

252 893 421 937 militer
451 893 497 936 in
524 892 826 951 productione
852 892 991 936 totius
1015 902 1264 946 creaturae,
1292 903 1415 937 extra
1443 907 1581 951 quarn
1607 908 1702 937 non
1729 904 1798 938 est
1821 903 2018 954 tempus,
2045 905 2090 940 et
2112 909 2218 941 cum

254 974 343 1019 qua
369 958 505 1003 simul
535 968 715 1017 tempus
748 958 1026 1017 producitur,
1057 973 1151 1003 non
1179 969 1247 1003 est
1274 960 1545 1004 attendenda
1573 960 1690 1004 ratio
1724 975 1862 1019 quare
1887 975 2025 1016 nunc,
2051 971 2096 1006 et
2122 976 2218 1006 non

252 1027 389 1085 prius,
417 1036 465 1069 ut
490 1039 569 1084 per
594 1026 685 1069 hoc
713 1026 935 1069 ducamur
954 1026 1010 1068 ad
1028 1027 1377 1070 concedendum
1401 1027 1622 1085 temporis
1647 1027 1932 1083 infinitatem,
1959 1029 2039 1073 sed
2065 1028 2216 1074 solum

253 1107 391 1153 quare
417 1107 512 1136 non
538 1106 734 1151 semper,
759 1092 833 1135 vel
859 1106 997 1150 quare
1024 1102 1129 1151 post
1159 1107 1254 1136 non
1281 1107 1392 1147 esse,
1418 1093 1494 1137 vel
1521 1108 1628 1137 cum
1655 1093 1807 1153 aliquo
1840 1095 2078 1154 principio.

341 1160 414 1203 Ad
448 1159 540 1203 hoc
574 1170 726 1203 autem
758 1159 1081 1218 inquirendum
1114 1169 1239 1203 sexta
1270 1160 1386 1204 ratio
1419 1160 1717 1204 inducebatur
1749 1175 1804 1205 ex
1835 1171 1962 1220 parte
1994 1162 2111 1217 finis,
2143 1163 2222 1223 qui

255 1226 379 1271 solus
405 1226 621 1270 inducere
649 1235 801 1284 potest
825 1226 1148 1270 necessitatem
1173 1226 1220 1270 in
1247 1227 1317 1270 his
1345 1241 1461 1286 quae
1487 1226 1722 1271 voluntate
1750 1238 1958 1286 aguntur.
1985 1229 2109 1274 Finis
2142 1244 2220 1274 au-

256 1304 350 1338 tem
384 1294 564 1337 divinae
590 1293 839 1337 voluntatis
870 1307 965 1337 non
1002 1303 1152 1352 potest
1190 1308 1288 1338 esse
1319 1294 1407 1338 nisi
1443 1296 1540 1353 ejus
1575 1295 1780 1338 bonitas:
1813 1309 1908 1340 non
1944 1306 2096 1341 autem
2127 1297 2222 1357 agit

255 1371 440 1421 propter
466 1362 588 1404 hunc
615 1360 755 1404 finem
782 1361 1128 1419 producendum
1155 1362 1202 1404 in
1236 1375 1349 1415 esse,
1376 1362 1493 1406 sicut
1529 1361 1688 1406 artifex
1715 1363 1810 1421 agit
1837 1373 2024 1423 propter
2060 1366 2222 1410 consti-

254 1429 479 1472 tutionem
507 1427 745 1481 artificiati,
773 1442 880 1471 cum
905 1428 1085 1472 bonitas
1113 1429 1209 1486 ejus
1236 1429 1293 1472 sit
1320 1439 1502 1472 aeterna
1529 1439 1573 1473 et
1599 1430 1911 1484 immutabilis,
1936 1431 1999 1474 ita
2030 1431 2154 1490 quod
2179 1431 2222 1475 ei

255 1495 371 1538 nihil
397 1509 659 1539 accrescere
695 1504 856 1553 potest.
884 1495 983 1539 Nec
1022 1496 1161 1539 etiam
1194 1506 1345 1554 potest
1376 1496 1480 1550 dici,
1513 1497 1636 1555 quod
1669 1506 1852 1555 propter
1885 1498 1980 1556 ejus
2007 1497 2222 1543 meliora·

254 1563 431 1606 tionem
457 1562 584 1606 Deus
603 1572 732 1620 agat3
758 1577 844 1606 nec
868 1563 1006 1606 etiam
1033 1563 1128 1620 agit
1148 1573 1331 1622 propter
1349 1563 1471 1607 hunc
1490 1563 1628 1607 finem
1648 1564 1974 1623 acquirendum
1992 1565 2090 1619 sibi,
2106 1565 2223 1610 sicut

260 1644 338 1673 rex
355 1638 541 1687 pugnat,
559 1640 608 1673 ut
625 1629 829 1687 acquirat
847 1629 1100 1674 civitatem:
1122 1629 1217 1688 ipse
1236 1630 1358 1673 enim
1377 1640 1444 1674 est
1461 1645 1543 1674 sua
1559 1631 1752 1674 bonitas.
1773 1630 1930 1676 Restat
1944 1631 2082 1690 igitur
2096 1632 2220 1692 quod

263 1706 368 1754 agat
389 1707 572 1755 propter
593 1696 747 1750 finem,
771 1697 816 1740 in
834 1706 1055 1755 quantum
1073 1695 1285 1740 effectum
1308 1698 1517 1756 producit
1540 1698 1594 1741 ad
1617 1698 2014 1756 participationem
2035 1698 2151 1744 finis.
2167 1698 2220 1743 In

261 1763 556 1822 producendo
583 1764 720 1822 igitur
745 1777 815 1807 res
842 1764 906 1807 sic
934 1774 1118 1823 propter
1142 1764 1296 1818 finem,
1314 1764 1552 1808 uniformis
1571 1765 1790 1809 habitudo
1807 1764 1909 1810 finis
1927 1766 1983 1809 ad
2006 1775 2230 1825 agentem.

259 1845 354 1874 non
381 1841 447 1875 est
473 1831 803 1875 consideranda
835 1841 884 1875 ut
919 1831 1035 1874 ratio
1069 1833 1217 1890 operis
1251 1832 1527 1890 sempiterni,
1559 1832 1638 1875 sed
1674 1832 1821 1891 magis
1855 1842 1922 1876 est
1949 1833 2221 1878 attendenda

258 1898 478 1942 habitudo
504 1898 605 1942 finis
629 1898 684 1941 ad
712 1897 940 1952 effectum,
967 1899 1044 1956 qui
1070 1898 1128 1942 sit
1158 1908 1342 1956 propter
1374 1899 1528 1952 finem,
1555 1909 1604 1942 ut
1635 1898 1787 1943 taliter
1813 1899 2089 1958 producatur
2121 1899 2223 1945 effe-

257 1975 369 2018 ctus,
408 1965 601 2023 qualiter
643 1965 988 2009 convenientius
1027 1965 1259 2009 ordinetur
1300 1966 1356 2009 ad
1393 1965 1560 2009 finem:
1588 1966 1707 2010 unde
1734 1980 1816 2023 per
1841 1966 1933 2010 hoc
1966 1966 2088 2026 quod
2119 1966 2221 2013 finis

256 2031 541 2076 uniformiter
562 2046 610 2076 se
637 2032 775 2076 habet
797 2032 852 2076 ad
880 2042 1108 2091 agentem,
1125 2046 1219 2076 non
1237 2042 1385 2091 potest
1412 2032 1638 2088 concludi,
1666 2033 1790 2091 quod
1816 2032 2002 2078 effectus
2026 2033 2084 2079 sit
2107 2047 2222 2080 sem-

256 2101 473 2159 piternus.

345 2167 442 2211 Nec
470 2176 538 2210 est
561 2166 873 2210 necessarium
900 2165 1114 2211 effectum
1141 2166 1347 2210 divinum
1379 2180 1558 2225 semper
1583 2166 1736 2221 fuisse,
1762 2177 1947 2227 propter
1973 2168 2066 2214 hoc
2096 2168 2221 2228 quod

258 2235 321 2279 sic
351 2234 696 2278 convenientius
724 2234 955 2278 ordinetur
978 2234 1034 2278 ad
1066 2234 1221 2287 finem,
1248 2244 1297 2278 ut
1323 2227 1665 2293 septima'iatio
1692 2235 1940 2292 procedere
1971 2235 2220 2287 videbatur,

257 2301 334 2345 sed
362 2301 706 2345 convenientius
725 2301 959 2345 ordinatur
982 2302 1038 2345 ad
1056 2292 1195 2345 finem
1212 2311 1396 2359 propter
1413 2302 1502 2345 hoc
1521 2302 1644 2359 quod
1662 2311 1730 2346 est
1747 2315 1840 2345 non
1869 2316 2051 2362 semper
2069 2302 2221 2348 fuisse.
2252 2328 2255 2331 ·
2328 2291 2332 2323 ξ

259 2368 415 2413 Omne
429 2369 562 2412 enim
587 2382 725 2427 agens
747 2369 1004 2427 producens
1027 2367 1241 2412 effectum
1259 2369 1304 2411 in
1323 2368 1719 2427 participationem
1742 2383 1850 2414 suae
1871 2368 2064 2424 formae,
2079 2370 2222 2415 inten-

259 2436 322 2479 dit
338 2436 384 2479 in
403 2450 459 2479 eo
480 2435 695 2479 inducere
717 2450 846 2479 suam
866 2435 1224 2480 similitudinem.
1250 2435 1326 2479 Sic
1343 2435 1480 2493 igitur
1503 2435 1682 2479 divinae
1699 2435 1924 2481 voluntati
1944 2437 2220 2482 conveniens

258 2502 341 2546 fuit
362 2503 408 2546 in
435 2496 555 2547 suae'
575 2502 788 2546 bonitatis
823 2503 1222 2561 participationem
1257 2512 1509 2546 creaturam
1546 2503 1813 2561 producere,
1837 2513 1886 2548 ut
1916 2517 1998 2548 sua
2018 2504 2224 2549 similitu-

259 2569 363 2614 dine
377 2570 576 2613 divinam
593 2570 844 2613 bonitatem
862 2579 1232 2628 repraesentaret.
1255 2569 1362 2613 Non
1386 2579 1537 2612 autem
1556 2579 1706 2628 potest
1727 2584 1826 2614 esse
1847 2569 1949 2614 talis
1966 2585 2223 2631 repraesen-

261 2638 370 2681 tatio
397 2651 476 2695 per
503 2637 695 2680 modum
722 2636 1020 2695 aequalitatis,
1048 2637 1164 2680 sicut
1190 2635 1376 2680 effectus
1413 2637 1638 2680 univocus
1673 2651 1804 2681 suam
1839 2651 2024 2682 causam
2049 2652 2223 2698 reprae-

261 2714 422 2757 sentat,
449 2713 498 2747 ut
523 2703 586 2747 sic
615 2713 825 2762 oporteat
851 2704 904 2747 ab
931 2704 1106 2747 infinita
1131 2703 1333 2747 bonitate
1359 2713 1567 2747 aeternos
1587 2703 1774 2748 effectus
1792 2704 1995 2763 produci,
2011 2705 2090 2750 sed
2104 2705 2222 2750 sicut

263 2771 486 2816 excedens
512 2781 874 2829 repraesentatur
901 2772 953 2814 ab
983 2785 1038 2815 eo
1066 2772 1188 2830 quod
1215 2771 1469 2824 exceditur;
1498 2785 1708 2815 excessus
1732 2782 1884 2815 autem
1901 2771 2080 2820 divinae
2097 2772 2224 2817 boni-

260 2839 364 2883 tatis
387 2853 521 2897 supra
550 2849 805 2883 creaturam
830 2853 910 2897 per
936 2839 1027 2882 hoc
1056 2839 1254 2882 maxime
1283 2838 1547 2896 exprimitur
1574 2839 1696 2897 quod
1724 2847 1956 2883 creaturae
1980 2853 2075 2885 non
2107 2853 2223 2884 sem·
2268 2885 2270 2888 ,
2330 2876 2332 2878 .

260 2920 339 2965 per
364 2905 568 2959 fuerunt3
597 2920 651 2949 ex
676 2906 765 2949 hoc
794 2906 916 2949 enim
945 2915 1130 2964 apparet
1153 2919 1361 2963 expresse
1390 2906 1511 2963 quod
1540 2905 1696 2949 omnia
1723 2904 1825 2958 alia,
1852 2915 2031 2964 prae-ter
2053 2906 2222 2965 ipsum,

261 2987 367 3017 eum
393 2973 562 3016 habent
593 2973 663 3016 sui
691 2987 788 3017 esse
817 2983 1067 3026 auctorem,
1096 2983 1140 3017 et
1166 2972 1288 3031 quod
1314 2972 1454 3015 virtus
1482 2973 1578 3030 ejus
1604 2985 1698 3015 non
1725 2971 1952 3030 obligatur
1984 2972 2041 3017 ad
2072 2972 2223 3030 hujus·

260 3041 387 3085 modi
415 3040 602 3085 effectus
634 3041 954 3098 producendos
981 3041 1097 3084 sicut
1128 3050 1288 3083 natura
1314 3039 1370 3082 ad
1397 3038 1583 3083 effectus
1610 3038 1862 3094 naturales;
1886 3048 1931 3083 et
1962 3053 2041 3098 per
2067 3053 2222 3084 conse-

259 3111 401 3166 quens
428 3108 551 3167 quod
585 3119 651 3152 est
676 3108 910 3152 voluntate
954 3123 1093 3166 agens
1127 3117 1171 3151 et
1203 3107 1475 3165 intelligens.
1517 3107 1731 3158 Quorum
1770 3107 1995 3152 contraria
2036 3107 2221 3168 quidam

259 3185 521 3234 posuerunt,
549 3175 865 3220 aeternitatem
892 3185 1202 3219 creaturarum
1229 3183 1548 3233 supponentes.

350 3243 424 3286 Sic
451 3243 588 3301 igitur
613 3257 667 3287 ex
689 3252 814 3303 parte
848 3242 1023 3301 agentis
1053 3241 1169 3285 nihil
1202 3250 1269 3285 est
1300 3241 1421 3299 quod
1449 3240 1764 3285 aeternitatem
1795 3250 2104 3287 creaturarum
2133 3253 2220 3288 nos

260 3323 429 3368 ponere
458 3320 607 3369 cogat.
