2332 3854
291 219 394 273 114
957 217 1111 256 LIBER
1150 217 1185 256 1.
1227 216 1348 255 cAP.
1388 216 1557 256 xcvn.

282 319 550 378 intelligere,
576 330 623 364 et
647 329 873 379 appetere,
900 330 944 364 et
965 320 1145 373 sentire,
1173 319 1377 364 actiones
1397 319 1518 364 vitae
1534 330 1652 367 sunt.
1673 320 1763 366 Sed
1780 322 1906 366 Deus
1924 322 2234 370 maximenon

283 387 337 430 ab
366 387 472 441 alio,
498 387 577 431 sed
600 402 625 430 a
652 388 801 446 seipso
829 396 1052 446 operatur,
1080 400 1186 430 cum
1207 386 1265 430 sit
1290 386 1437 445 prima
1462 395 1788 447 causafagens:
1816 389 2016 434 maxime
2041 389 2253 448 igiturei

282 468 385 498 com
422 455 502 498 etit
525 455 690 498 vivere.

368 470 510 566 1111111.
529 521 733 564 divinum
761 534 859 565 esse
886 534 1075 564 omnem
1101 519 1429 578 perfectionem
1455 521 1633 566 essendi
1659 522 2019 581 comprehendit,-
2036 502 2238 583 utsupra

283 589 343 646 (c.
373 588 465 645 28.)
492 598 726 631 ostensum
754 596 832 631 est.
860 586 1027 630 Vivere
1060 596 1214 630 autem
1239 596 1308 630 est
1338 587 1569 645 quoddam
1602 602 1700 633 esse
1726 587 1999 646 perfectum;
2021 588 2140 634 unde
2169 591 2237 635 vi-

280 655 432 699 ventia
460 657 503 698 in
527 655 683 698 ordine
713 654 886 697 entium
908 668 1020 697 non·
1006 653 1274 697 -viventibus
1300 653 1626 712 praeferuntur.
1643 655 1863 699 Divinum
1889 655 2026 714 igitur
2051 665 2237 707 esseest

280 721 455 765 vivere:
478 722 574 797 ipse
600 721 736 779 igitur
754 730 821 763 est
845 721 1017 763 vivens
2163 756 2167 761 .

368 789 470 832 Hoc
517 788 655 831 etiam
703 787 971 831 auctoritate
1018 786 1198 831 divinae
1246 787 1504 846 Scripturae
1545 788 1862 833 confirmatur:
1909 788 2073 834 dicitur
2112 772 2236 835 enim

281 855 436 911 (Deut.
475 855 662 897 XXXII.
705 854 825 910 40.):
859 854 927 898 Ex
969 867 1047 898 ore
1088 854 1281 899 Domini
1318 854 1481 900 dicam:
1518 856 1622 899 Vivo
1654 870 1723 914 ego
1754 857 1799 900 in
1830 861 2077 910 αεὸινητιηυ
2111 855 2236 903 etin

279 922 351 965 Ps.
375 921 580 965 LXXIII.
608 935 668 979 3.:
701 921 787 965 Cor
811 935 949 966 meum
975 927 1013 966 et
1039 934 1137 966 caro
1163 935 1256 966 mea
1280 922 1591 967 exsultaverunt
1615 924 1661 967 in
1685 923 1826 969 Deum
1846 924 2010 968 vivum.

977 1097 1232 1154 CAPUT
1274 1098 1538 1155 XCVIII.

738 1231 940 1279 QUOD
999 1234 1183 1272 DEUS
1239 1234 1351 1272 SIT
1407 1234 1537 1271 SUA
1588 1233 1779 1272 VITA.

829 1334 882 1392 (I.
903 1341 1020 1395 part.
1046 1341 1170 1394 quest.
1196 1335 1359 1380 XXIII.
1382 1341 1463 1381 art.
1485 1351 1522 1395 3.
1549 1335 1602 1380 ad
1622 1336 1702 1393 2.).

362 1447 429 1492 Ex
454 1447 544 1491 hoc
584 1456 736 1491 autem
764 1446 949 1492 ulterius
976 1457 1100 1507 patet
1134 1447 1257 1507 quod
1282 1447 1409 1492 Deus
1436 1447 1493 1492 sit
1517 1461 1599 1491 sua
1624 1446 1730 1491 vita.
1756 1445 1864 1490 Vita
1895 1445 2020 1491 enim
2044 1445 2236 1491 viventis

275 1524 342 1559 est
364 1515 515 1574 ipsum
540 1514 694 1558 vivere
719 1514 767 1558 in
795 1515 991 1573 quadam
1019 1515 1323 1559 abstractione
1356 1513 1676 1573 significatum,
1709 1515 1826 1557 sicut
1857 1526 2014 1558 cursus
2043 1526 2139 1557 non
2169 1523 2240 1558 est

274 1581 527 1626 secundum
553 1595 652 1625 rem
678 1581 799 1625 aliud
827 1595 966 1640 quam
982 1582 1133 1640 ipsum
1152 1596 1350 1626 currere:
1377 1582 1532 1626 vivere
1551 1591 1703 1626 autem
1719 1581 1986 1636 viventium,
2003 1590 2071 1625 est
2085 1579 2237 1640 ipsum

277 1663 374 1693 esse
403 1662 578 1702 eorum,
606 1658 655 1692 ut
671 1658 794 1706 patet
820 1663 900 1707 per
926 1648 1263 1708 Philosophum
1286 1650 1331 1692 in
1349 1649 1551 1693 secundo
1577 1648 1649 1692 De
1672 1648 1825 1692 anima
1852 1648 1904 1706 (t.
1922 1661 1960 1692 c.
1992 1648 2095 1707 37.).
2115 1646 2235 1693 Cum

274 1717 398 1759 enim
424 1730 479 1759 ex
504 1715 596 1759 hoc
625 1714 795 1758 animal
827 1715 1002 1759 dicatur
1027 1717 1199 1770 vivens,
1239 1715 1362 1775 quod
1392 1715 1531 1759 habet
1564 1715 1780 1769 animam,
1814 1714 2066 1760 secundum
2098 1727 2236 1773 quam

273 1782 411 1826 habet
438 1796 551 1836 esse,
578 1791 734 1841 utpote
753 1783 1005 1826 secundum
1032 1783 1264 1842 propriam
1290 1782 1505 1836 formam,
1523 1791 1703 1840 oportet
1724 1782 1847 1841 quod
1869 1782 2022 1826 vivere
2047 1780 2164 1826 nihil
2179 1781 2236 1826 sit

277 1849 397 1892 aliud
417 1863 554 1908 quarn
580 1849 671 1893 tale
699 1863 797 1893 esse
824 1863 878 1893 ex
903 1848 984 1893 tali
1008 1849 1172 1893 forma
1184 1850 1471 1908 proveniens.
1498 1850 1560 1893 In
1574 1850 1678 1893 Deo
1697 1859 1849 1893 autem
1877 1857 1946 1894 est
1969 1862 2104 1892 suum
2120 1861 2234 1903 esse,

273 1926 322 1960 ut
347 1931 482 1975 supra
510 1918 571 1974 (c.
600 1917 691 1973 22.)
719 1916 961 1975 probatum
990 1926 1078 1970 est;
1107 1926 1175 1960 est
1201 1930 1310 1975 ergo
1334 1930 1468 1960 suum
1494 1916 1662 1970 vivere,
1690 1925 1734 1959 et
1759 1929 1842 1959 sua
1865 1915 1972 1959 vita.

360 1983 529 2027 Item:'
518 1997 669 2040 ipsum
695 1982 949 2041 Intelligere
973 1993 1040 2027 est
1062 1983 1294 2060 quoddam
1314 1983 1482 2036 vivere,
1509 1993 1558 2027 ut
1583 1993 1707 2042 patet
1727 1997 1807 2042 per
1831 1981 2200 2041 Philosophum
2187 1996 2235 2026 in

271 2050 471 2094 secundo
499 2051 569 2093 De
597 2050 749 2094 anima
768 2050 819 2107 (t.
849 2064 885 2093 c.
921 2064 965 2107 13
975 2051 1033 2107 .;)
1052 2064 1160 2095 nam
1186 2051 1339 2094 vivere
1366 2060 1434 2094 est
1460 2060 1586 2094 actus
1613 2050 1820 2094 viventis.
1837 2049 1966 2094 Deus
1993 2059 2146 2097 autem
2167 2059 2237 2094 est

271 2132 404 2161 suurn
431 2116 700 2175 intelligere,
727 2117 844 2161 sicut
881 2131 1016 2176 supra
1042 2117 1103 2175 (c.
1129 2117 1223 2174 45.)
1252 2127 1488 2161 ostensum
1516 2129 1606 2171 est;
1640 2127 1707 2161 est
1737 2117 1875 2176 igitur
1901 2130 2035 2161 suum
2066 2118 2239 2187 vivere,

271 2194 315 2228 et
339 2198 419 2228 sua
445 2185 551 2228 vita.

358 2250 595 2310 Amplius.
625 2251 663 2295 si
698 2251 824 2296 Deus
861 2265 955 2295 non
984 2261 1103 2295 esset
1140 2265 1218 2295 sua
1246 2251 1351 2305 vita,
1391 2265 1497 2295 cum
1524 2252 1580 2295 sit
1604 2252 1776 2305 vivens,
1813 2260 1863 2295 ut
1895 2260 2131 2295 ostensum
2167 2259 2236 2295 est

270 2319 331 2376 (c.
368 2320 558 2377 praec),
587 2328 852 2378 sequeretur
889 2318 1011 2376 quod
1050 2328 1168 2362 esset
1193 2319 1351 2362 vivens
1378 2333 1459 2378 per
1493 2319 1890 2378 participationem
1914 2318 2048 2362 vitae.
2077 2318 2234 2363 Omne

270 2395 422 2429 autern
450 2385 572 2444 quod
601 2395 667 2429 est
693 2399 772 2444 per
798 2385 1208 2444 participationem,
1236 2386 1465 2430 reducitur
1492 2385 1546 2429 ad
1572 2386 1617 2429 id
1645 2386 1767 2445 quod
1795 2395 1864 2430 est
1887 2399 1968 2445 per
1989 2399 2037 2430 se
2066 2385 2233 2444 ipsum.

267 2452 393 2496 Deus
419 2453 554 2511 igitur
581 2452 870 2496 reduceretur
895 2452 942 2494 in
970 2451 1155 2510 aliquod
1181 2453 1318 2510 prius,
1346 2466 1426 2511 per
1453 2453 1576 2511 quod
1603 2444 1791 2506 viveret,
1825 2452 1947 2511 quod
1974 2461 2043 2496 est
2065 2452 2235 2511 impos·

267 2518 410 2572 sibile,
437 2529 486 2563 ut
512 2534 566 2563 ex
594 2519 724 2563 dictis
753 2520 812 2575 (c.
847 2519 933 2576 13.)
962 2528 1098 2577 patet.

358 2587 547 2631 Adhuc:
573 2587 610 2631 si
637 2587 694 2630 sit
719 2587 878 2630 vivens
905 2587 1045 2639 Deus,
1072 2596 1122 2630 ut
1148 2596 1383 2630 ostensum
1411 2597 1478 2631 est
1505 2589 1564 2645 (c.
1593 2587 1702 2647 97.),
1729 2597 1911 2646 oportet
1934 2587 1981 2631 in
2006 2587 2107 2647 ipso
2133 2600 2232 2632 esse

269 2655 424 2697 vitam.
454 2654 503 2698 Si
529 2655 665 2713 igitur
690 2668 786 2698 non
813 2654 869 2697 sit
895 2653 990 2711 ipse
1017 2668 1098 2697 sua
1123 2654 1229 2707 vita,
1258 2654 1340 2697 erit
1367 2654 1535 2713 aliquid
1561 2655 1607 2697 in
1633 2654 1732 2713 ipso
1760 2655 1882 2713 quod
1907 2669 2002 2698 non
2029 2664 2097 2699 est
2121 2654 2232 2713 ipse,

269 2731 313 2764 et
338 2721 402 2764 sic
430 2721 514 2765 erit
541 2721 838 2780 compositus,
867 2720 988 2779 quod
1017 2735 1151 2779 supra
1178 2722 1239 2779 (c.
1272 2721 1360 2778 18.)
1384 2721 1694 2780 improbatum
1721 2731 1800 2766 est.
1828 2721 1908 2766 Est
1930 2721 2068 2781 igitur
2103 2722 2231 2768 Deus

268 2802 348 2831 sua
369 2798 475 2834 vita.

355 2855 411 2900 Et
435 2855 527 2899 hoc
556 2864 625 2900 est
648 2855 772 2914 quod
799 2855 962 2899 dicitur
989 2855 1139 2913 (Joan.
1163 2855 1286 2900 XIV.
1315 2854 1401 2913 6.):
1428 2857 1517 2914 Ego
1542 2871 1633 2901 sum
1657 2857 1764 2901 vita.

976 3011 1231 3066 CAPUT
1274 3011 1481 3067 XCIX.

747 3146 905 3192 QUOD
947 3146 1080 3184 V1TA
1120 3148 1214 3185 DEI
1254 3147 1355 3185 EST
1398 3146 1756 3186 SEMPITERNA.

354 3257 419 3300 Ex
446 3257 536 3300 hoc
565 3266 715 3300 autern
746 3266 932 3316 apparet
967 3256 1089 3316 quod
1114 3256 1207 3301 vita
1233 3259 1329 3315 ejus
1354 3257 1410 3301 sit
1435 3258 1737 3317 sempitema;
1761 3257 1878 3303 nihil
1918 3259 2040 3306 enim
2065 3239 2232 3306 desinit

263 3324 429 3377 vivere,
471 3324 557 3367 nisi
599 3338 677 3383 per
703 3324 1039 3400 separationem
1071 3324 1203 3368 vitae.
1238 3323 1366 3368 Nihil
1399 3334 1552 3368 autem
1586 3339 1612 3368 a
1643 3326 1793 3384 seIpso
1826 3325 2026 3387 separari
2053 3333 2230 3387 potest;

265 3391 415 3434 omnis
433 3393 554 3434 enim
573 3391 807 3468 separatio
821 3390 871 3435 fit
896 3405 973 3450 per
992 3391 1264 3435 divisionem
1282 3390 1470 3450 alicujus
1490 3392 1542 3435 ab
1562 3392 1668 3438 alio.
1692 3391 1980 3452 Impossibile
2006 3400 2077 3438 est
2090 3391 2229 3456 igitux

264 3457 386 3516 quod
413 3457 538 3502 Deus
566 3458 743 3503 desinat
767 3459 934 3513 vivere,
962 3473 1068 3503 cum
1094 3459 1192 3517 ipse
1218 3458 1274 3503 sit
1300 3472 1380 3502 sua
1406 3461 1512 3513 vita,
1536 3469 1584 3504 ut
1610 3469 1847 3505 ostensum
1872 3469 1943 3505 est
1965 3460 2035 3518 (c.
2054 3459 2176 3521 98).

354 3524 492 3568 Item:
518 3539 656 3569 omne
680 3525 791 3570 illud
819 3524 940 3602 quod
968 3525 1241 3585 quandoque
1266 3534 1347 3579 est,
1372 3535 1415 3570 et
1433 3527 1708 3586 quandoque
1733 3540 1838 3573 non
1855 3536 1953 3581 est,
1963 3534 2031 3575 est
2055 3539 2136 3587 per
2152 3509 2231 3579 all

265 3605 402 3650 quam
432 3605 640 3635 causam:
670 3591 783 3636 nihil
819 3593 941 3637 enim
979 3593 1176 3651 seipsum
1206 3592 1262 3637 de
1289 3605 1382 3637 non
1410 3606 1508 3638 esse
1534 3593 1579 3638 in
1613 3606 1711 3639 esse
1747 3584 1957 3650 adducit„
1970 3593 2076 3654 qnia
2102 3589 2230 3654 quod,
2270 3591 2294 3646 ,ζ
2330 3637 2332 3639 ,
