2332 3854
235 203 341 274 278
911 219 1066 259 LIBER
1105 219 1161 257 11.
1204 219 1322 258 CAP.
1364 218 1512 259 xcw.

232 331 465 381 separatae
492 321 710 380 impedire
737 335 830 366 non
857 330 1019 381 potest.
1048 319 1232 365 Localis
1259 322 1381 366 enim
1399 321 1611 367 distantia
1636 337 1717 382 per
1738 336 1787 367 se
1817 332 2110 383 comparatur
2134 324 2191 370 ad

232 403 433 443 sensum,
459 403 553 433 non
581 399 733 433 autem
762 388 817 432 ad
850 388 1149 442 intellectum,
1180 388 1269 433 nisi
1300 402 1378 447 per
1411 388 1636 444 accidens,
1667 389 1714 433 in
1752 399 1973 449 quantum
2000 404 2026 435 a
2051 404 2188 436 sensu

233 456 423 514 accipit;
450 470 560 499 nam
586 454 816 499 sensibilia
842 455 1095 498 secundum
1123 455 1469 500 determinatam
1489 455 1750 500 distantiam
1768 466 1956 501 movent
1981 470 2193 513 sensum3

233 522 537 581 intelligibilia
564 531 716 566 autem
745 531 864 574 actu,
892 521 1144 565 secundum
1177 521 1299 580 quod
1333 532 1521 567 movent
1551 522 1852 578 intellectum,
1883 537 1978 567 non
2010 533 2115 568 sunt
2142 524 2190 568 in

233 589 356 644 loco,
385 604 524 648 quum
551 589 640 632 sint
666 603 691 632 a
724 588 913 631 materia
947 588 1172 648 corporali
1205 599 1424 648 separata.
1460 591 1621 643 Quum
1648 589 1784 647 igitur
1817 589 2093 635 substantiae
2119 603 2190 635 se*

234 666 417 715 paratae
453 670 546 699 non
582 655 806 712 accipiant
842 654 1168 699 intellectivam
1206 657 1522 715 cognitionem
1556 671 1581 701 a
1614 656 1918 713 sensibilibus,
1949 657 1996 701 in
2028 671 2190 702 eorum

235 723 547 781 cognitionem
572 721 782 765 distantia
808 721 968 765 localis
995 721 1110 765 nihil
1136 733 1362 782 operatur
2135 736 2143 742 ”

326 790 487 832 Palam
526 798 591 832 est
635 789 773 831 etiam
810 788 932 847 quod
969 788 1265 834 intellectuali
1302 791 1555 850 operationi
1593 804 1755 836 eorum
1790 805 1885 835 non
1922 791 2196 837 admiscetur

235 866 430 914 tempus.
461 855 588 898 Sicut
615 855 737 898 enim
765 854 1067 914 intelligibilia
1094 866 1196 900 actu
1213 867 1318 901 sunt
1335 858 1502 917 absque
1520 857 1642 913 loco,
1665 860 1725 902 ita
1744 858 1881 903 etiam
1898 868 2003 903 sunt
2019 858 2189 918 absque

237 932 467 981 tempore;
495 936 602 964 nam
628 932 808 981 tempus
835 923 1127 981 consequitur
1152 934 1330 968 motum
1357 924 1569 979 localem,
1596 925 1714 969 unde
1740 939 1835 969 non
1856 935 2090 970 mensurat
2107 925 2197 970 nisi

239 997 292 1034 ea
320 1004 435 1049 quae
463 989 716 1047 aliqualiter
743 999 846 1033 sunt
872 990 918 1033 in
944 989 1065 1034 loco.
1094 990 1149 1034 Et
1174 991 1278 1034 ideo
1302 991 1555 1050 intelligere
1578 992 1852 1037 substantiae
1874 1003 2106 1052 separatae
2128 1002 2197 1037 est

238 1072 374 1116 supra
399 1067 593 1116 tempus.
624 1057 897 1116 Operationi
925 1067 1077 1101 autem
1104 1057 1402 1103 intellectuali
1427 1069 1609 1103 nostrae
1638 1060 1813 1117 adjacet
1837 1070 2031 1118 tempus,
2059 1073 2112 1104 ex
2138 1073 2194 1104 eo

237 1125 359 1183 quod
387 1124 778 1183 phantasmatibus
803 1124 1118 1183 cognitionem
1141 1125 1406 1184 accipimus,
1432 1139 1549 1184 quae
1576 1127 1926 1170 determinatum
1952 1126 2198 1185 respiciunt

234 1202 439 1250 tempus;
463 1201 507 1236 et
532 1191 637 1235 inde
665 1201 732 1236 est
759 1192 896 1251 quod,
923 1193 968 1235 in
997 1192 1334 1251 compositione
1361 1202 1406 1236 et
1428 1193 1663 1247 divisione,
1691 1207 1869 1252 semper
1893 1203 2049 1238 noster
2071 1193 2198 1238 intel-

233 1258 378 1304 lectus
418 1259 625 1317 adjungit
664 1268 844 1317 tempus
886 1259 1194 1318 praeteritum,
1227 1258 1302 1303 vel
1332 1258 1548 1313 futurum,
1580 1273 1675 1303 non
1713 1270 1864 1304 autem
1898 1259 2195 1320 intelligendo

235 1325 342 1385 quod
374 1326 476 1385 quid
507 1332 566 1370 est
574 1341 590 1378 ;
625 1325 840 1384 intelligit
866 1326 990 1369 enim
1017 1325 1125 1385 quod
1156 1326 1256 1384 quid
1276 1332 1332 1370 est
1353 1326 1656 1370 abstrahendo
1684 1325 1986 1386 intelligibilia
2011 1340 2037 1371 a
2062 1329 2198 1372 sensi-

232 1393 391 1437 bilium
426 1393 787 1448 conditionibus;
821 1393 956 1449 unde,
990 1393 1243 1438 secundum
1275 1392 1403 1437 illam
1436 1394 1768 1453 operationem,
1799 1407 1948 1453 neque
1979 1394 2060 1438 sub
2086 1403 2198 1439 tem·

234 1475 344 1519 pore
357 1475 504 1519 neque
523 1461 602 1504 sub
618 1460 769 1519 aliqua
789 1461 1050 1504 conditione
1063 1460 1344 1504 sensibilium
1358 1475 1510 1504 rerum
1528 1460 1811 1519 intelligibile
1829 1457 2198 1521 comprehendit3

236 1528 474 1587 componit
500 1537 653 1572 autem
687 1538 762 1571 aut
796 1528 953 1572 dividit
986 1528 1257 1587 applicando
1290 1527 1595 1587 intelligibilia
1621 1529 1744 1588 prius
1778 1529 2002 1574 abstracta
2027 1527 2083 1574 ad
2108 1543 2207 1584 res,—

236 1604 279 1638 et
303 1594 350 1638 in
371 1594 458 1639 hac
486 1594 790 1654 applicatione
816 1608 1003 1639 necesse
1032 1605 1100 1639 est
1127 1594 1378 1654 cointelligi
1403 1605 1598 1655 tempus.
1632 1645 1636 1649 ,

954 1751 1210 1807 CAPUT
1251 1750 1486 1807 XCVII.

537 1879 696 1926 QUOD
738 1879 1118 1920 INTELLECTUS
1168 1879 1544 1919 SUBSTANTIAE
1585 1878 1898 1919 SEPARATAE

835 1955 1041 1993 SEMPER
1072 1954 1222 1992 ACTU
1263 1954 1600 1994 INTELLIGIT.

325 2063 391 2107 Ex
417 2063 509 2108 hoc
538 2073 691 2108 autem
725 2073 911 2124 apparet
937 2063 1059 2123 quod
1085 2062 1341 2108 intellectus
1367 2063 1644 2108 substantiae
1667 2073 1901 2122 separatae
1928 2072 1996 2108 est
2017 2076 2198 2124 semper

235 2130 495 2190 intelligens
523 2140 640 2175 actu.
1942 2163 1948 2170 .

326 2198 467 2250 Quod
494 2198 617 2242 enim
644 2207 711 2242 est
737 2198 1011 2258 quandoque
1044 2198 1090 2242 in
1129 2208 1246 2252 actu,
1281 2197 1555 2257 quandoque
1587 2197 1635 2241 in
1669 2197 1873 2257 potentia
1909 2206 2199 2242 mensuratur

236 2275 456 2324 tempore.
485 2264 748 2309 Intellectus
776 2275 929 2310 autem
962 2266 1239 2310 substantiae
1271 2275 1505 2323 separatae
1532 2275 1600 2309 est
1631 2279 1766 2324 supra
1797 2274 1993 2323 tempus,
2019 2273 2069 2309 ut
2099 2277 2200 2324 pro-

233 2333 391 2376 batum
433 2342 501 2377 est
536 2334 597 2391 (c.
635 2330 742 2392 96.).
780 2332 889 2378 Non
925 2343 992 2378 est
1032 2333 1169 2391 igitur
1211 2332 1504 2391 quandoque,
1527 2331 1787 2390 intelligens
1825 2341 1943 2386 actu,
1980 2341 2025 2376 et
2060 2345 2200 2391 quan-

237 2399 389 2458 doque
422 2414 530 2444 non.

324 2467 465 2510 Item:
494 2467 644 2512 omnis
671 2467 920 2511 substantia
946 2467 1102 2511 vivens
1128 2466 1266 2511 habet
1293 2466 1493 2525 aliquam
1520 2466 1836 2525 operationem
1868 2465 1988 2509 vitae
2013 2465 2061 2509 in
2093 2475 2197 2510 actu

237 2548 292 2578 ex
317 2548 398 2578 sua
425 2544 599 2589 natura,
632 2549 749 2593 quae
781 2535 898 2579 inest
926 2535 968 2578 ei
1000 2549 1192 2593 semper,
1219 2533 1326 2578 licet
1359 2533 1473 2577 aliae
1507 2533 1780 2592 quandoque
1806 2532 1945 2577 insint
1971 2531 2013 2577 ei
2042 2532 2091 2576 in
2122 2545 2200 2591 po-

236 2601 398 2655 tentia3
422 2603 536 2646 sicut
564 2601 779 2646 animalia
806 2615 984 2661 semper
1009 2603 1280 2655 nutriuntur,
1302 2600 1410 2644 licet
1431 2614 1525 2644 non
1550 2614 1730 2659 semper
1752 2599 1962 2644 sentiant.
1986 2599 2200 2645 Substan-

236 2669 326 2712 tiae
354 2678 507 2712 autem
534 2678 767 2728 separatae
800 2678 903 2713 sunt
935 2669 1211 2713 substantiae
1242 2668 1460 2722 viventes,
1487 2678 1536 2712 ut
1568 2682 1622 2712 ex
1653 2667 1912 2726 praemissis
1943 2676 2080 2726 patet,
2110 2680 2196 2712 nec

237 2735 408 2779 habent
435 2735 573 2779 aliam
600 2736 917 2795 operationem
943 2736 1063 2780 vitae
1089 2736 1175 2779 nisi
1198 2734 1466 2794 intelligere.
1497 2735 1694 2794 Oportet
1723 2734 1860 2794 igitur
1881 2734 2004 2794 quod
2037 2748 2092 2779 ex
2116 2748 2198 2779 sua

236 2813 397 2846 natura
421 2803 509 2846 sint
535 2802 838 2862 intelligentes
866 2813 968 2847 actu
997 2817 1190 2862 semper.

325 2870 464 2914 Item:
492 2870 769 2914 substantiae
797 2879 1030 2928 separatae
1051 2879 1240 2914 movent
1256 2884 1335 2928 per
1352 2868 1636 2913 intellectum
1659 2882 1852 2927 corpora
1875 2867 2107 2924 coelestia,
2129 2881 2199 2912 se·

239 2936 439 2980 cundum
457 2937 839 2996 philosophorum
858 2937 1111 2981 doctrinam
1131 2937 1333 2995 (decimo
1353 2936 1553 2981 secundo
1571 2936 1827 2995 MetaphyS.
1842 2945 1873 2980 t.
1893 2950 1933 2981 c.
1949 2934 2016 2995 36.
2030 2945 2075 2980 et
2093 2936 2198 2994 37.).

238 3003 392 3047 Motus
420 3014 572 3048 autem
599 3017 846 3063 corporum
875 3004 1143 3049 coelestium
1177 3014 1244 3048 est
1270 3017 1450 3063 semper
1477 3005 1732 3048 continuus.
1767 3002 2028 3062 Intelligere
2058 3002 2196 3063 igitur

237 3069 591 3115 substantiarum
622 3081 933 3131 separatarum
966 3081 1032 3115 est
1059 3071 1327 3115 continuum
1355 3081 1398 3114 et
1430 3085 1623 3130 semper.
1658 3070 1759 3116 Hoc
1793 3080 1945 3115 autem
1976 3069 2100 3115 idem
2134 3083 2199 3115 se-

239 3136 402 3195 quitur,
430 3138 511 3182 etsi
538 3152 632 3182 non
669 3148 896 3196 ponantur
933 3149 1172 3183 moventes
1208 3152 1402 3197 corpora
1438 3138 1670 3193 coelestia,
1707 3152 1846 3197 quum
1884 3138 1975 3183 sint
2009 3136 2194 3182 altiores

238 3205 505 3262 corporibus
533 3205 817 3250 coelestibus.
846 3205 995 3259 Unde,
1022 3206 1060 3249 si
1085 3205 1268 3265 propria
1295 3205 1501 3264 operatio
1521 3204 1725 3264 corporis
1744 3203 1969 3259 coelestis,
1991 3218 2108 3265 quae
2131 3213 2198 3250 est

238 3280 390 3315 motus
419 3272 575 3330 ipsius,
602 3282 669 3316 est
691 3273 922 3327 continua,
950 3272 1097 3318 multo
1124 3274 1270 3332 magis
1302 3273 1484 3332 propria
1518 3274 1723 3332 operatio
1755 3272 2108 3318 substantiarum
2132 3284 2197 3318 se-

237 3341 510 3397 paratarum,
539 3354 655 3399 quae
684 3350 749 3384 est
774 3339 1042 3399 intelligere.

325 3405 562 3465 Amplius:
591 3421 730 3451 omne
758 3407 880 3467 quod
912 3406 1187 3467 quandoque
1221 3416 1434 3466 operatur
1468 3417 1512 3452 et
1544 3407 1818 3468 quandoque
1854 3421 1949 3452 non
1981 3412 2195 3470 operatur

238 3482 448 3516 movetur
473 3487 553 3532 per
578 3487 641 3528 se,
667 3473 741 3518 vel
767 3489 847 3533 per
874 3474 1109 3530 accidens;
1135 3474 1254 3518 unde
1281 3484 1326 3519 et
1351 3474 1441 3518 hoc
1469 3474 1591 3534 quod
1617 3488 1703 3520 nos
1730 3474 2004 3553 quandoque
2034 3465 2197 3519 intelli-

236 3538 401 3597 gimus,
429 3540 703 3600 quandoque
734 3554 844 3596 non,
870 3541 1081 3602 provenit
1106 3555 1160 3586 ex
1187 3540 1454 3587 alteratione
1481 3556 1596 3602 quae
1625 3552 1693 3588 est
1718 3541 1839 3588 circa
1862 3549 2039 3602 partem
2060 3540 2198 3587 sensi-

235 3603 390 3660 bilem,
418 3616 467 3651 ut
492 3606 691 3652 dicitur
679 3621 727 3652 m
755 3618 920 3654 octavo
947 3607 1129 3668 Physic.
1157 3608 1209 3668 (t.
1238 3621 1275 3654 c.
1305 3609 1410 3668 5¹·)·
1438 3608 1529 3654 Sed
1556 3608 1833 3655 substantiae
1850 3615 2086 3668 separatae
2100 3620 2196 3653 non

2323 2327 2332 2331 ¹.
2314 2246 2332 2322 adffl'*
2321 2219 2332 2243 ιιι
