2332 3854
224 215 335 270 290
922 216 1075 254 LIBER
1115 215 1192 253 111.
1236 215 1354 254 cAP.
1397 216 1473 255 111.

220 326 401 375 propter
428 317 628 376 aliquam
655 317 1023 361 convenientiam
1051 315 1106 359 ad
1129 316 1291 374 ipsum.
1320 315 1460 368 Quod
1482 325 1635 363 autem
1657 320 1936 365 conveniens
1959 330 2027 365 est
2043 321 2181 366 alicui

222 394 289 429 est
314 383 380 428 illi
404 385 590 428 bonum.
615 385 736 443 Ergo
765 398 902 429 omne
931 397 1069 442 agens
1098 383 1192 441 agit
1216 392 1400 442 propter
1424 384 1612 428 bonum.

310 451 577 496 Praeterea:
608 451 708 495 finis
741 461 809 494 est
840 451 886 493 in
919 463 1009 508 quo
1044 449 1236 508 quiescit
1272 450 1494 508 appetitus
1535 452 1724 509 agentis,
1755 452 1830 497 vel
1860 454 2104 508 moventis,
2136 462 2181 498 et

221 520 320 577 ejus
349 519 471 576 quod
498 528 719 561 movetur.
748 518 850 560 Hoc
878 526 1031 559 autem
1058 525 1126 560 est
1157 516 1212 559 de
1244 518 1419 560 ratione
1444 517 1554 561 boni
1585 527 1634 561 ut
1663 519 1877 563 terminet
1903 520 2180 579 appetitum3

220 600 330 629 nam
354 586 529 629 bonum
556 595 623 628 est
649 584 770 642 quod
794 583 950 627 omnia
969 591 1198 642 appetunt.
1220 582 1387 628 Omnis
1410 597 1520 643 ergo
1540 585 1658 629 actio
1678 595 1721 630 et
1737 595 1890 631 motus
1912 596 1979 631 est
1994 597 2180 646 propter

222 653 409 696 bonum.

311 718 495 762 Adhuc:
528 717 677 760 omnis
706 716 824 759 actio
853 726 897 759 et
924 725 1074 760 motus
1103 715 1156 761 ad
1186 730 1283 760 esse
1310 716 1463 776 aliquo
1491 718 1632 762 modo
1660 719 1860 763 ordinari
1883 719 2075 774 videtur,
2104 720 2181 766 vel

223 795 272 829 ut
298 794 590 828 conservetur
623 783 874 827 secundum
908 784 1125 842 speciem,
1157 782 1232 827 vel
1267 783 1566 838 individuum,
1592 784 1667 829 vel
1702 794 1752 830 ut
1783 786 1839 830 de
1873 799 1998 831 novo
2031 787 2182 846 acqui-

221 862 357 896 ratur.
387 851 488 894 Hoc
517 858 669 893 autem
695 849 845 907 ipsum
874 850 995 908 quod
1023 860 1090 894 est
1116 864 1228 904 esse,
1255 850 1429 894 bonum
1457 861 1536 905 est,
1565 862 1610 895 et
1639 852 1744 897 ideo
1777 852 1935 898 omnia
1966 861 2184 913 appetunt

220 932 331 963 esse.
363 917 529 961 Omnis
556 917 692 974 igitur
719 917 838 960 actio
867 927 911 960 et
938 926 1090 961 motus
1117 926 1184 961 est
1210 927 1393 976 propter
1418 917 1606 962 bonum.

308 983 543 1040 Amplius:
573 983 722 1026 omnis
750 983 868 1027 actio
889 993 932 1027 et
949 993 1101 1027 motus
1119 993 1186 1027 est
1202 993 1386 1042 propter
1405 984 1605 1042 aliquam
1627 985 1980 1045 perfectionem3
2001 986 2181 1032 sienim

218 1051 315 1109 ipsa
343 1052 461 1093 actio
494 1049 551 1092 sit
576 1049 692 1102 finis,
725 1048 1018 1094 manifestum
1051 1059 1118 1093 est
1154 1049 1277 1108 quod
1315 1060 1382 1094 est
1412 1050 1631 1108 perfectio
1669 1053 1870 1097 secunda
1894 1053 2107 1112 'agentis3
2139 1055 2176 1098 si

219 1127 372 1160 autem
398 1116 518 1159 actio
551 1116 608 1159 sit
632 1116 951 1160 transmutatio
987 1116 1220 1160 exterioris
1253 1117 1487 1171 materiae,
1520 1118 1816 1163 manifestum
1842 1130 1911 1164 est
1935 1120 2059 1179 quod
2084 1133 2181 1164 mo-

218 1197 328 1226 vens
354 1182 546 1226 intendit
572 1182 771 1241 aliquam
789 1181 1119 1241 perfectionem
1136 1182 1352 1226 inducere
1371 1183 1416 1226 in
1434 1197 1481 1226 re
1500 1194 1640 1238 mota,
1657 1185 1705 1228 in
1723 1200 1863 1244 quam
1880 1186 2020 1230 etiam
2040 1185 2184 1233 tendit

220 1249 406 1304 mobile,
433 1249 470 1293 si
498 1249 553 1292 sit
579 1259 731 1293 motus
749 1249 980 1293 naturalis.
1000 1249 1101 1293 Hoc
1130 1259 1284 1292 autem
1311 1249 1504 1294 dicimus
1523 1265 1620 1295 esse
1642 1251 1817 1295 bonum
1842 1253 1965 1311 quod
1991 1262 2060 1297 est
2081 1265 2181 1297 esse

219 1316 482 1375 perfectum.
519 1316 686 1360 Omnis
711 1316 849 1374 igitur
872 1316 993 1360 actio
1027 1326 1070 1360 et
1097 1326 1250 1360 motus
1278 1325 1344 1360 est
1377 1326 1562 1375 propter
1586 1318 1775 1362 bonum.

308 1384 448 1427 Item:
477 1397 615 1426 omne
644 1397 784 1440 agens
813 1383 907 1441 agit
933 1383 1185 1427 secundum
1219 1383 1341 1441 quod
1375 1393 1442 1427 est
1474 1394 1600 1428 actu:
1637 1385 1816 1443 agendo
1851 1395 2007 1431 autem
2038 1385 2184 1431 tendit

218 1453 263 1495 in
289 1451 372 1495 sibi
398 1450 570 1504 simile3
596 1450 734 1508 igitur
759 1451 904 1494 tendit
928 1451 975 1494 in
1003 1461 1158 1494 actum
1184 1449 1399 1508 aliquem.
1427 1450 1571 1494 Actus
1602 1461 1756 1496 autem
1779 1452 1931 1498 omnis
1952 1453 2091 1498 habet
2111 1467 2177 1498 ra-

217 1518 392 1561 tionem
418 1517 552 1571 boni;
574 1531 683 1560 nam
712 1516 886 1560 malum
913 1531 1007 1561 non
1035 1517 1261 1561 invenitur
1282 1517 1370 1560 nisi
1394 1517 1441 1560 in
1474 1519 1679 1575 potentia
1712 1518 1949 1565 deficiente
1976 1520 2031 1564 ab
2064 1529 2183 1565 acm.

223 1584 390 1629 Omnis
416 1584 553 1642 igitur
580 1584 700 1627 actio
728 1594 795 1628 est
820 1594 1005 1643 propter
1029 1585 1218 1628 bonum.

309 1651 496 1694 Adhuc:
527 1665 666 1709 agens
689 1665 768 1709 per
794 1650 1079 1695 intellectum
1108 1651 1201 1709 agit
1225 1660 1409 1710 propter
1434 1650 1589 1706 finem,
1617 1646 1734 1696 sicut
1766 1651 2074 1699 determinans
2098 1653 2184 1699 sibi

222 1718 381 1772 finem3
410 1732 550 1775 agens
579 1727 731 1761 autem
758 1732 838 1776 per
863 1728 1089 1771 naturam,
1116 1717 1223 1761 licet
1249 1728 1355 1775 agat
1381 1728 1566 1776 propter
1592 1718 1746 1773 finem,
1771 1729 1821 1764 ut
1845 1720 2088 1778 probatum
2113 1731 2182 1766 est

220 1786 281 1843 (c.
307 1785 493 1844 praec.),
519 1799 612 1828 non
638 1795 793 1828 tamen
821 1785 1090 1829 determinat
1117 1785 1199 1828 sibi
1226 1784 1379 1838 finem,
1398 1799 1539 1843 quum
1565 1799 1658 1829 non
1682 1796 1935 1844 cognoscat
1954 1787 2181 1832 rationem
2224 1802 2231 1805 ⁴

218 1852 334 1907 finis,
361 1852 440 1895 sed
468 1862 679 1895 movetur
704 1851 750 1894 in
777 1851 914 1895 finem
944 1852 1294 1895 determinatum
1322 1851 1406 1895 sibi
1434 1851 1620 1896 abalio.
1653 1853 1810 1911 Agens
1838 1863 1992 1898 autem
2013 1868 2092 1914 per
2116 1855 2180 1899 in-

217 1918 450 1963 tellectum
478 1933 571 1962 non
594 1918 866 1962 determinat
887 1918 970 1961 sibi
997 1918 1136 1976 finem
1163 1918 1247 1961 nisi
1276 1918 1356 1961 sub
1384 1918 1562 1972 ratione
1586 1919 1725 1973 boni;
1752 1919 2035 1979 intelligibile
2057 1920 2182 1966 enim

218 2000 312 2029 non
339 1996 495 2029 movet
515 1986 602 2028 nisi
619 1986 699 2028 sub
719 1985 893 2028 ratione
910 1985 1034 2042 boni,
1058 1984 1181 2044 quod
1204 1994 1271 2028 est
1288 1985 1519 2042 objectum
1538 1985 1809 2041 voluntatis;
1837 2001 1948 2046 ergo
1975 1996 2021 2032 et
2042 2001 2183 2047 agens

220 2067 299 2110 per
325 2063 535 2096 naturam
562 2066 656 2095 non
685 2061 895 2095 movetur
922 2066 1069 2110 neque
1096 2051 1190 2109 agit
1216 2061 1399 2110 propter
1427 2050 1626 2109 aliquem
1652 2051 1806 2106 finem,
1824 2053 1911 2097 nisi
1928 2053 2182 2098 secundum

218 2120 338 2178 quod
368 2129 436 2164 est
459 2120 649 2172 bonum,
676 2133 818 2177 quum
846 2119 999 2177 agenti
1024 2133 1103 2177 per
1125 2128 1336 2161 naturam
1359 2117 1685 2162 determinetur
1710 2118 1811 2164 finis
1837 2119 1892 2163 ab
1921 2119 2076 2179 aliquo
2108 2133 2182 2180 ap-

217 2187 372 2246 petitu.
403 2187 557 2231 Omne
579 2186 715 2244 igitur
743 2200 883 2244 agens
906 2195 1090 2244 propter
1116 2185 1290 2229 bonum
1317 2185 1423 2243 agit.

306 2255 444 2298 Item:
473 2254 679 2312 ejusdem
702 2253 889 2296 rationis
913 2262 979 2296 est
995 2251 1153 2311 fugere
1166 2251 1339 2295 malum
1359 2261 1403 2295 et
1421 2262 1630 2310 appetere
1647 2252 1966 2307 bonum,sicut
1979 2253 2183 2313 ejusdem

216 2321 404 2365 rationis
431 2331 499 2364 est
525 2319 702 2364 moveri
729 2334 754 2362 a
781 2319 998 2363 deorsum
1028 2329 1072 2363 et
1100 2319 1276 2362 moveri
1300 2332 1492 2362 sursum.
1524 2318 1698 2363 Omnia
1716 2329 1870 2363 autem
1891 2319 2183 2366 inveniuntur

218 2388 393 2432 malum
418 2387 599 2445 fugere3
625 2401 734 2430 nam
758 2387 939 2445 agentia
968 2401 1047 2445 per
1078 2385 1362 2430 intellectum
1380 2385 1467 2429 hac
1491 2386 1667 2431 ratione
1687 2386 1856 2446 aliquid
1872 2385 2054 2446 fugiunt
2074 2388 2182 2448 quia

217 2455 562 2514 apprehendunt
586 2453 698 2498 illud
726 2463 774 2497 ut
800 2453 1001 2507 malum;
1029 2453 1187 2496 omnia
1214 2463 1367 2497 autem
1395 2453 1575 2510 agentia
1600 2453 1838 2508 naturalia,
1865 2465 2087 2532 quantum
2106 2455 2183 2500 ha-

217 2524 324 2567 bent
350 2522 406 2566 de
431 2522 610 2575 virtute,
637 2531 816 2565 tantum
842 2521 1056 2564 resistunt
1078 2519 1373 2578 corruptioni,
1397 2534 1513 2578 quae
1537 2530 1603 2564 est
1620 2520 1796 2565 malurn
1812 2521 2180 2610 uniuscujusque.

222 2590 396 2635 Omnia
422 2589 559 2647 igitur
587 2598 727 2647 agunt
752 2597 936 2646 propter
963 2587 1148 2631 bonum.

305 2656 495 2700 Adhuc:
524 2656 647 2714 quod
674 2654 883 2714 provenit
920 2669 973 2698 ex
1011 2653 1200 2711 alicujus
1238 2653 1415 2711 agentis
1451 2653 1631 2697 actione
1668 2663 1844 2713 praeter
1877 2654 2182 2701 intentionem

216 2724 371 2782 ipsius,
399 2723 559 2767 dicitur
587 2737 612 2765 a
646 2736 754 2765 casu
781 2722 854 2765 vel
886 2720 1068 2764 fortuna
1101 2720 1324 2764 accidere.
1350 2720 1572 2764 Videmus
1611 2731 1764 2764 autem
1791 2721 1837 2764 in
1863 2722 2076 2781 operibus
2105 2736 2183 2767 na·

215 2802 357 2844 turae,
384 2789 456 2834 vel
483 2804 679 2848 semper,
705 2787 779 2832 vel
805 2787 1084 2847 frequentius
1112 2787 1235 2846 quod
1262 2786 1425 2831 melius
1452 2797 1540 2842 est3
1568 2787 1684 2831 sicut
1708 2788 1755 2831 in
1782 2787 1946 2847 plantis
1972 2787 2084 2834 folia
2115 2789 2180 2834 sic

218 2872 316 2902 esse
344 2857 562 2916 disposita
589 2866 638 2900 ut
663 2855 917 2915 producant
932 2854 1117 2908 fructus,
1137 2864 1182 2898 et
1203 2864 1351 2912 partes
1376 2853 1642 2898 animalium
1666 2854 1728 2898 sic
1748 2854 1929 2914 disponi
1945 2865 1995 2900 ut
2012 2855 2182 2901 animal

215 2924 382 2968 salvari
408 2924 562 2982 possit.
592 2923 643 2967 Si
669 2936 778 2981 ergo
805 2922 920 2966 haec
961 2922 1176 2966 eveniunt
1202 2931 1377 2980 praeter
1403 2921 1706 2965 intentionem
1732 2921 1951 2967 naturalis
1989 2923 2180 2982 agentia,

216 2992 307 3036 hoc
336 2991 420 3035 erit
446 2990 656 3034 accidens
685 3004 710 3033 a
734 3003 842 3032 casu
868 2988 940 3031 vel
968 2988 1163 3032 fortuna.
1198 2988 1287 3032 Sed
1314 2988 1403 3032 hoc
1432 2999 1498 3031 est
1519 2988 1827 3046 impossibile;
1853 3003 1963 3034 nam
1989 3003 2043 3034 ea
2064 3004 2180 3050 quae

218 3057 430 3103 accidunt
456 3070 636 3116 semper
662 3056 733 3100 vel
765 3055 1026 3114 frequenter
1058 3069 1153 3099 non
1185 3064 1290 3099 sunt
1323 3054 1522 3098 casualia
1554 3069 1701 3115 neque
1734 3055 1932 3110 fortuita,
1958 3056 2038 3101 sed
2063 3071 2181 3117 quae

218 3124 430 3168 accidunt
454 3124 501 3167 in
528 3122 831 3182 paucioribus.
861 3122 1080 3166 Naturale
1107 3136 1217 3180 ergo
1241 3135 1380 3181 agens
1402 3122 1595 3166 intendit
1621 3122 1676 3166 ad
1703 3122 1748 3166 id
1769 3122 1891 3182 quod
1914 3122 2077 3168 melius
2099 3133 2179 3180 est,

217 3201 261 3235 et
289 3190 434 3235 multo
463 3189 747 3234 manifestius
775 3189 897 3248 quod
926 3190 1019 3247 agit
1045 3202 1124 3248 per
1149 3188 1447 3232 intellectum.
1477 3188 1634 3234 Omne
1660 3189 1797 3248 igitur
1822 3203 1962 3250 agens
1987 3189 2205 3253 intendit,

216 3259 390 3301 bonum
415 3258 461 3300 in
494 3256 688 3315 agendo.

306 3325 445 3369 Item:
466 3337 604 3368 omne
621 3323 744 3382 quod
758 3332 968 3367 movetur
982 3321 1158 3366 ducitur
1172 3322 1227 3365 ad
1239 3322 1486 3366 terminum
1501 3333 1653 3367 motus
1667 3337 1692 3367 a
1710 3333 1925 3368 movente
1938 3333 1983 3369 et
1999 3333 2180 3383 agente.

219 3391 416 3450 Oportet
441 3391 579 3449 igitur
597 3404 788 3434 movens
806 3400 849 3435 et
871 3399 1051 3434 motum
1074 3389 1130 3433 ad
1147 3388 1269 3433 idem
1287 3389 1471 3433 tendere
1490 3390 1535 3433 in
1554 3401 1775 3449 quantum
1793 3400 2016 3436 movetur.
2037 3384 2179 3445 Quod

217 3467 371 3501 autem
398 3468 621 3511 movetur,
650 3471 791 3516 quum
819 3458 876 3501 sit
900 3457 946 3501 in
973 3456 1190 3516 potentia,
1217 3456 1359 3500 tendit
1387 3457 1441 3500 ad
1475 3467 1643 3512 actum,
1671 3467 1716 3502 et
1745 3457 1807 3502 ita
1840 3458 1896 3502 ad
1927 3456 2179 3518 perfectum

218 3534 262 3568 et
282 3525 479 3578 bonum;
508 3539 586 3583 per
615 3534 791 3568 motum
821 3524 944 3568 enim
972 3523 1060 3568 exit
1086 3523 1142 3568 de
1168 3523 1369 3583 potentia
1403 3523 1449 3566 in
1483 3534 1651 3568 actum.
1678 3525 1801 3584 Ergo
1833 3534 1879 3571 et
1909 3536 2101 3570 movens
2133 3533 2181 3571 et

219 3605 359 3651 agens
386 3605 566 3653 semper
591 3591 638 3638 in
663 3591 892 3638 movendo
921 3600 966 3636 et
992 3590 1170 3651 agendo
1196 3590 1387 3635 intendit
1413 3590 1600 3635 bonum.

2284 3343 2323 3626 ›**51‘3‚34³35{<„·3'2=÷?712=f,5134
2303 3312 2328 3334 223
2303 3288 2310 3293 ¹
2300 3258 2319 3274 ’,
2304 3220 2317 3242 ··„
2305 3176 2312 3188 ⁴¹
2303 3092 2322 3146 ‹2³2ss
2307 3054 2310 3059 ·
2307 2987 2316 3004 .-
2311 2961 2318 2967 „‚
2315 2934 2319 2939 ,
2311 2908 2313 2910 ·
2315 2857 2317 2861 .
2310 2823 2312 2825 v
