2332 3854
767 216 922 256 mmm
968 216 1039 255 1v.
1081 216 1202 257 CAP.
1244 213 1429 252 xxx1v.
1969 196 2071 264 615

182 328 185 331 ’
210 318 474 364 Praeterea:
502 316 792 362 manifestum
819 327 887 363 est
912 317 1034 377 quod
1062 317 1254 376 Spiritus
1282 315 1476 361 Sanctus
1502 315 1547 358 in
1573 313 1763 357 homine
1791 312 1976 358 Christo
2002 312 2081 357 ha-

122 384 305 438 bitavit3
331 384 494 430 dicitur
518 384 640 428 enim
675 384 808 440 (Luc.
834 384 912 428 IV.
945 385 1004 441 1.)
1029 384 1151 443 quod
1177 384 1292 440 Jesus
1315 382 1461 440 plenus
1492 381 1656 440 Spiritu
1690 379 1842 424 Sancto
1874 394 2081 437 regressus

120 457 176 496 est
205 465 232 496 a
256 451 455 507 Iordane.
489 450 539 494 Si
570 450 706 508 igitur
737 452 988 495 incarnatio
1021 449 1161 494 Verbi
1192 448 1445 494 secundum
1476 447 1566 491 hoc
1601 445 1753 490 solum
1784 444 2079 502 intelligenda

121 526 187 563 est
212 517 335 576 quod
352 516 554 561 Verbum
571 517 660 560 Dei
683 516 729 560 in
756 516 945 560 homine
971 516 1051 560 illo
1078 516 1338 574 plenissime
1364 513 1597 566 habitavit,
1614 526 1802 556 necesse
1821 513 1906 555 erit
1927 512 2077 555 dicere

121 584 243 642 quod
284 584 423 630 etiam
464 583 655 642 Spiritus
690 582 883 627 Sanctus
916 585 999 627 erit
1031 583 1311 636 incarnatus3
1345 581 1466 640 quod
1499 590 1567 625 est
1598 579 1790 624 omnino
1819 577 2018 622 alienum
2051 591 2077 621 a

123 649 329 695 doctrina
356 649 473 694 fidei.

126 735 137 742 ⁴
207 716 397 762 Adhuc:
425 716 716 762 manifestum
743 726 811 760 est
835 716 1038 760 Verbum
1059 717 1148 760 Dei
1174 719 1218 760 in
1245 716 1412 760 sanctis
1440 714 1612 773 angelis
1638 713 1859 767 habitare,
1882 713 1960 772 qui
1981 726 2078 771 par·

118 784 383 843 ticipatione
400 784 539 829 Verbi
555 782 854 841 intelligentia
876 782 1128 841 replentur;
1156 782 1264 827 dicit
1289 783 1411 827 enirn
1431 781 1682 839 Apostolus
1701 780 1859 837 (Hebr.
1876 780 1933 824 11.
1963 777 2077 837 16.):

119 850 338 908 Nusquam
370 851 528 908 angelos
559 849 846 908 apprehendit,
880 848 945 893 sed
975 864 1108 894 semen
1141 849 1339 894 Abrahae
1371 847 1650 907 apprehendit.
1683 846 1977 891 Manifestum
2011 854 2080 890 est

118 915 256 975 igitur
279 916 403 975 quod
430 919 677 974 assumptio
709 916 939 959 humanae
970 925 1159 959 naturae
1185 930 1210 959 a
1237 915 1390 959 Verbo
1417 929 1511 959 non
1544 924 1612 959 est
1642 914 1896 958 secundum
1928 911 2077 962 solam

52 1010 58 1017 ·
126 981 505 1028 inhabitationem
533 982 810 1040 accipienda.

143 1075 146 1080 =
209 1048 398 1093 Adbuc:
425 1049 477 1101 si,
503 1049 755 1093 secundum
782 1047 1057 1106 positionem
1080 1049 1295 1102 Nestorii,
1315 1048 1524 1093 Christus
1547 1056 1780 1106 separetur
1805 1046 1852 1090 in
1879 1046 1994 1090 duos
2016 1060 2082 1091 se·

121 1114 322 1160 cundum
354 1114 637 1174 hypostasim
670 1113 942 1166 differentes,
976 1115 1020 1159 id
1054 1125 1121 1159 est
1152 1115 1198 1158 in
1231 1114 1432 1159 Verbum
1466 1114 1554 1158 Dei
1587 1124 1631 1158 et
1662 1113 1902 1157 hominem
1934 1111 2081 1167 illum,

101 1179 400 1240 ,intpossibile
423 1190 491 1226 est
511 1181 634 1239 quod
659 1180 862 1225 Verbum
885 1181 973 1225 Dei
995 1181 1203 1226 Christus
1227 1181 1425 1235 dicatur3
1448 1180 1570 1239 quod
1594 1189 1717 1238 patet
1741 1189 1839 1224 tum
1862 1193 1916 1223 ex
1939 1179 2081 1224 modo

119 1246 337 1306 loquendi
363 1247 637 1306 Scripturae,
665 1261 780 1306 quae
807 1261 1042 1306 nunquam
1071 1258 1174 1292 ante
1203 1248 1565 1292 incarnationem
1600 1247 1791 1290 Domini
1823 1247 1978 1290 Deum
2005 1255 2083 1290 aut

120 1312 210 1358 Dei
231 1312 435 1359 Verbum
460 1314 670 1358 nominat
696 1313 948 1367 Christum,
979 1324 1077 1358 tum
1105 1315 1242 1358 etiam
1269 1329 1323 1358 ex
1349 1314 1447 1372 ipsa
1467 1314 1667 1357 nominis
1690 1313 1878 1357 ratione.
1901 1312 2083 1356 Dicitur

119 1379 244 1424 enim
269 1379 477 1425 Christus
502 1380 631 1438 quasi
658 1390 844 1433 unctus3
872 1390 1034 1424 unctus
1061 1391 1213 1424 autem
1240 1380 1505 1437 intelligitur
1537 1379 1645 1424 oleo
1678 1377 2006 1432 exsultationiS,
2031 1377 2077 1422 id

119 1455 189 1491 est
218 1445 387 1505 Spiritu
420 1446 606 1499 Sancto,
639 1456 687 1490 ut
717 1446 876 1490 Petrus
910 1447 1094 1505 exponit
1117 1446 1244 1503 (Act.
1271 1447 1326 1490 X.
1358 1446 1461 1504 38.).
1488 1446 1596 1490 Non
1623 1455 1774 1490 autem
1807 1454 1958 1504 potest
1988 1444 2080 1488 dici

121 1512 245 1572 quod
270 1512 475 1557 Verbum
501 1512 589 1556 Dei
615 1513 671 1557 sit
696 1522 885 1556 unctum
913 1512 1080 1571 Spiritu
1108 1513 1295 1566 Sancto,
1318 1513 1422 1570 quia
1440 1512 1503 1555 sic
1529 1511 1721 1570 Spiritus
1748 1512 1944 1556 Sanctus
1966 1520 2086 1556 esset

124 1580 274 1637 major
296 1578 429 1635 Filio,
461 1588 510 1622 ut
540 1578 827 1624 sanctificans
859 1578 1157 1628 sanctificato.
1193 1579 1437 1636 Oportebit
1467 1578 1602 1636 igitur
1628 1578 1751 1636 quod
1777 1577 1868 1622 hoc
1894 1591 2083 1631 nomen,

3 1620 19 1656 ,5
82 1684 85 1694 ,¹
128 1645 335 1700 Christus,
356 1645 507 1690 solum
534 1659 616 1705 pro
642 1646 832 1690 homine
863 1645 944 1690 illo
977 1646 1121 1704 possit
1150 1645 1356 1703 intelligi.
1382 1644 1522 1697 Quod
1554 1658 1663 1703 ergo
1697 1644 1806 1688 dicit
1831 1635 2084 1703 Apostolus

125 1711 341 1771 (Philipp.
359 1712 419 1758 11.
442 1713 527 1769 5.):
552 1713 648 1757 Hoc
668 1714 807 1756 sentite
823 1713 868 1755 in
884 1713 1001 1757 vobis
1026 1711 1134 1770 quod
1159 1719 1198 1756 et
1222 1713 1266 1755 in
1295 1712 1459 1756 Christo
1476 1712 1586 1767 Jesu,
1612 1711 1667 1754 ad
1693 1711 1935 1755 hominem
1951 1710 2083 1754 illum

123 1777 410 1823 referendum
437 1788 517 1823 est.
546 1778 707 1822 Subdit
733 1787 908 1822 autem:
939 1779 1029 1835 Qui
1054 1793 1183 1836 quum
1208 1780 1253 1821 in
1270 1779 1420 1836 forma
1441 1779 1526 1822 Dei
1550 1784 1661 1832 esset,
1688 1793 1772 1821 non
1798 1779 1996 1836 rapinam
2017 1791 2086 1821 ar-

124 1846 299 1891 bitratus
323 1850 378 1891 est
401 1860 478 1891 esse
502 1859 540 1890 se
565 1845 777 1903 aequalem
801 1845 908 1914 Deo.
941 1844 1115 1890 Verum
1141 1845 1280 1902 igitur
1305 1855 1372 1889 est
1397 1845 1547 1889 dicere
1573 1845 1696 1903 quod
1728 1844 1873 1888 homo
1906 1844 1983 1888 ille
2017 1854 2085 1888 est

121 1911 171 1957 in
198 1911 362 1965 forma,
394 1911 438 1957 id
470 1921 540 1957 est
568 1914 614 1957 in
646 1921 807 1956 natura
837 1911 940 1968 Dei,
973 1921 1017 1956 et
1050 1911 1251 1970 aequalis
1278 1911 1394 1956 Deo.
1428 1911 1556 1956 Licet
1589 1921 1742 1955 autem
1774 1911 1988 1955 homines
2021 1911 2083 1954 di-

122 1988 281 2024 cantur
305 1978 368 2023 dii
392 1977 467 2022 vel
490 1978 573 2022 filii
597 1978 686 2022 Dei
710 1988 894 2037 propter
920 1978 1249 2022 inhabitantem
1275 1978 1444 2031 Deum,
1469 1991 1703 2036 nunquam
1729 1988 1885 2022 tamen
1916 1977 2082 2021 dicitur

122 2045 244 2105 quod
276 2045 366 2090 sint
397 2044 608 2104 aequales
640 2045 759 2089 De0.
790 2045 922 2089 Patet
952 2045 1088 2104 igitur
1119 2045 1243 2104 quod
1274 2045 1420 2089 homo
1455 2044 1663 2089 Christus
1695 2058 1790 2089 non
1822 2059 1902 2103 per
1934 2043 2084 2088 solam

121 2109 500 2157 inhabitationem
526 2111 690 2155 dicitur
714 2111 855 2156 Deus.

208 2177 353 2224 Item:
380 2177 488 2222 licet
511 2191 682 2222 nomen
714 2178 804 2222 Dei
830 2178 886 2222 ad
912 2189 1094 2222 sanctos
1127 2178 1340 2223 homines
1370 2176 1666 2222 transferatur
1697 2187 1880 2236 propter
1911 2177 2087 2222 inhabi-

118 2244 341 2291 tationem
368 2244 555 2303 gratiae,
580 2258 816 2303 nunquam
841 2254 996 2289 tamen
1024 2245 1181 2289 omnia
1208 2259 1323 2303 quae
1349 2254 1452 2288 sunt
1478 2243 1622 2289 solius
1647 2244 1751 2298 Dei,
1777 2244 1894 2288 sicut
1927 2258 2081 2289 creare

119 2310 306 2358 eodum
329 2321 374 2356 et
398 2321 581 2365 terram,
599 2320 676 2355 aut
694 2310 863 2370 aliquid
888 2311 1167 2369 hujusmodi,
1195 2312 1250 2356 de
1277 2310 1431 2370 aliquo
1459 2321 1723 2355 sanctorum
1746 2320 1930 2370 propter
1955 2311 2081 2355 inha-

12 2436 15 2443 ,
35 2367 40 2371 ¹
118 2376 390 2423 bitationem
410 2378 582 2436 gratiae
605 2377 781 2421 dicitur.
806 2377 991 2422 Christo
1016 2387 1167 2421 autem
1189 2377 1366 2421 homini
1391 2377 1643 2421 attribuitur
1665 2378 1874 2421 omniurn
1897 2379 2081 2423 creatio.

119 2443 298 2488 Dicitur
321 2444 444 2488 enim
476 2444 636 2502 (Hebr.
663 2444 743 2487 111.
776 2444 858 2500 1.):
894 2443 1160 2489 Considerate
1186 2444 1431 2503 Apostolum
1467 2451 1504 2489 et
1541 2445 1781 2503 Pontificem
1818 2446 2082 2500 confessionis

119 2516 280 2556 nostrae
299 2511 439 2567 Jesum
466 2510 718 2565 Christum,
743 2512 815 2568 qui
828 2510 964 2569 fidelis
994 2516 1048 2555 est
1079 2512 1116 2554 ei
1138 2505 1219 2569 'qui
1242 2511 1446 2569 praefecit
1471 2511 1606 2564 illum,
1638 2513 1742 2555 sicut
1773 2517 1812 2556 et
1844 2512 2003 2569 Moyses
2034 2513 2078 2554 in

120 2578 238 2621 omni
259 2576 379 2621 domo
403 2577 514 2621 illius
523 2591 542 2634 ;
569 2576 691 2635 quod
718 2586 899 2635 oportet
925 2576 979 2621 de
1005 2577 1194 2621 homine
1219 2576 1300 2620 illo
1324 2585 1367 2620 et
1393 2590 1487 2621 non
1509 2577 1565 2621 de
1587 2577 1673 2621 Dei
1692 2576 1845 2621 Verbo
1868 2576 2079 2635 intelligi,

123 2652 223 2687 tum
255 2642 360 2701 quia
392 2652 628 2687 ostensum
662 2653 730 2687 est
761 2642 898 2701 quod,
930 2643 1183 2687 secundum
1215 2643 1492 2702 positionem
1523 2643 1737 2696 Nestorii,
1763 2643 1967 2687 Verbum
1995 2643 2084 2687 Dei

125 2709 333 2754 Christus
359 2709 448 2753 dici
469 2723 563 2753 non
587 2718 749 2768 potest,
765 2719 861 2753 tum
884 2710 989 2767 quia
1011 2709 1213 2752 Verbum
1236 2709 1324 2753 Dei
1346 2723 1439 2753 non
1468 2720 1534 2754 est
1556 2709 1742 2763 factum,
1762 2710 1840 2753 sed
1863 2709 2083 2768 genitum.

123 2775 263 2820 Addit
304 2785 457 2819 autem
490 2775 767 2835 Apostolus:
804 2775 1021 2834 Ampliori
1050 2775 1186 2833 gloria
1217 2777 1288 2819 iste
1323 2783 1430 2834 prae
1468 2777 1607 2834 Moyse
1648 2775 1794 2834 dignus
1833 2777 1996 2820 habitus
2032 2781 2087 2820 est

123 2848 277 2901 quanto
301 2843 550 2902 ampliorem
572 2843 767 2886 honorem
789 2843 908 2886 habet
932 2842 1090 2893 domus,
1114 2844 1187 2899 qui
1199 2842 1439 2899 fabricavit
1461 2842 1592 2885 illam.
1617 2842 1774 2886 Homo
1797 2843 1933 2900 igitur
1954 2841 2086 2887 Chri·

24 2891 46 2942 ’
123 2918 218 2954 stus
242 2908 478 2953 fabricavit
502 2909 694 2953 domum
720 2908 833 2962 Dei;
867 2909 987 2966 quod
1016 2918 1349 2966 consequenter
1374 2908 1625 2966 Apostolus
1658 2910 1834 2967 probat,
1860 2909 2083 2954 subdens:

44 2985 50 2994 “
126 2975 275 3021 Omnis
298 2989 476 3034 namque
499 2975 644 3020 domus
660 2975 905 3033 fabricatur
937 2975 989 3018 ab
1021 2974 1190 3032 aliquo;
1223 2976 1295 3032 qui
1326 2980 1462 3018 autem
1486 2976 1628 3018 omnia
1661 2977 1834 3028 creavit,
1868 2976 1984 3019 Deus
2013 2981 2082 3020 est.

47 3050 50 3051 ’
123 3040 200 3086 sic
226 3042 363 3100 igitur
386 3040 638 3101 Apostolus
666 3041 828 3099 probat
853 3041 975 3099 quod
998 3041 1142 3084 homo
1172 3040 1382 3085 Christus
1407 3039 1645 3085 fabricavit
1666 3041 1858 3084 domum
1883 3042 1986 3095 Dei,
2003 3056 2085 3101 per

30 3098 54 3172 3ss
120 3108 212 3153 hoc
239 3108 361 3167 quod
386 3108 511 3152 Deus
537 3108 707 3152 creavit
733 3108 913 3160 omnia3
942 3121 1058 3165 quae
1085 3108 1292 3165 probatio
1315 3106 1438 3150 nulla
1466 3117 1598 3162 esset,
1624 3107 1712 3152 nisi
1734 3107 1942 3152 Christus
1966 3118 2085 3152 esset

44 3182 46 3186 ’
120 3174 247 3219 Deus
273 3187 432 3219 creans
465 3175 636 3218 omnia.
671 3174 748 3218 Sic
781 3174 919 3230 igitur
951 3174 1130 3217 homini
1161 3172 1228 3216 illi
1261 3174 1515 3218 attribuitur
1546 3175 1716 3218 creatio
1749 3174 2082 3229 universorum,

42 3239 47 3244 ”
122 3240 244 3300 quod
270 3251 338 3285 est
361 3243 596 3300 proprium
623 3254 738 3298 opus
766 3240 866 3284 Dei.
895 3241 973 3284 Est
999 3241 1135 3298 igitur
1163 3241 1307 3283 homo
1332 3240 1540 3284 Christus
1564 3242 1659 3298 ipse
1681 3240 1808 3284 Deus
1829 3237 2083 3285 secundum

28 3313 47 3355 ’;
121 3306 421 3366 hypostasim,
446 3317 491 3351 et
515 3321 611 3351 non
636 3307 813 3351 ratione
838 3306 1180 3350 inhabitationis
1207 3316 1398 3351 tantum.

211 3372 442 3432 Ampliust
469 3372 763 3417 manifestum
789 3382 858 3417 est
882 3373 1003 3431 quod
1027 3373 1170 3416 homo
1202 3372 1428 3426 Christus,
1461 3372 1654 3431 loquens
1681 3373 1736 3416 de
1762 3387 1826 3427 se,
1852 3372 1997 3417 multa
2024 3374 2092 3418 di·-

125 3439 230 3484 vina
253 3440 362 3484 dicit
387 3449 432 3484 et
452 3439 823 3498 supernaturalia,
840 3449 890 3483 ut
911 3449 978 3483 est
1003 3439 1113 3482 illud
1141 3438 1328 3495 (Joann.
1346 3438 1425 3483 Vl.
1442 3439 1561 3495 40.):
1583 3440 1672 3498 Ego
1698 3441 1947 3484 resuscitabo
1964 3440 2085 3485 illum

29 3495 51 3549 ᾗ
123 3508 171 3551 in
195 3507 417 3551 novissimo
438 3506 528 3558 ἀίω
556 3515 601 3550 et
625 3504 812 3563 (Joann.
834 3505 891 3549 Χ.
918 3505 1032 3562 28.):
1061 3506 1148 3563 Ego
1174 3507 1308 3549 vitam
1329 3511 1538 3549 aeternam
1559 3505 1609 3549 do
1635 3507 1704 3550 eis.
1729 3506 1868 3557 Quod
1891 3506 2077 3565 quidem

54 3591 55 3594 ¹
126 3582 245 3618 esset
267 3585 476 3618 summae
502 3573 754 3631 superbiae,
780 3572 818 3617 si
842 3571 920 3616 ille
944 3572 1090 3616 homo
1117 3571 1308 3630 loquens
1333 3585 1428 3616 non
1455 3581 1575 3617 esset
1595 3572 1849 3616 secundum
1874 3571 2091 3632 hyposta-
