2332 3854
0 3107 16 3217 wvvm·
0 3090 9 3100 v
0 3070 6 3083 ’-
0 3051 13 3061 ;’
0 3023 14 3041 7>
4 2962 6 2966 -

96 2362 115 2379 '⁴
182 2359 314 2420 legis.

854 187 1009 227 LIBER
1047 170 1127 226 11'1.
1168 187 1287 226 cAP.
1330 187 1479 227 cxm.
2037 175 2140 244 463

280 291 398 337 Hinc
431 299 500 337 est
539 289 677 350 quod,
709 287 818 334 licet
859 289 1038 335 divinae
1080 289 1391 349 providentiae
1432 289 1588 335 omnia
1620 287 1882 343 subdantur,
1914 299 2068 335 tamen
2099 290 2146 334 in

192 357 435 418 Scripturis
475 355 616 402 sacris
657 354 915 415 specialiter
948 355 990 400 ei
1029 355 1272 400 hominum
1301 370 1409 400 cura
1442 355 1708 409 attribuitur,
1751 357 2003 400 secundum
2034 356 2146 401 illud

190 425 330 483 (Psal.
377 424 500 470 VIII.
546 425 630 482 5.):
665 421 784 482 Quid
818 429 873 467 est
898 423 1036 478 home,
1075 422 1184 481 quod
1214 438 1375 468 memor
1400 439 1438 468 es
1479 426 1564 482 ejus
1586 429 1658 467 aut
1677 423 1796 482 filius
1817 423 2012 477 hominis,
2051 438 2148 482 quo-

188 495 306 537 niam
336 493 483 537 visitas
507 491 629 536 eum?
660 499 705 535 et
730 488 784 547 (Ι.
821 489 928 534 Cor.
957 489 1032 533 IX.
1069 490 1155 546 9.):
1185 489 1405 548 Numquid
1430 489 1476 535 de
1503 490 1628 534 bobus
1653 503 1756 534 cura
1777 495 1834 534 est
1854 490 1982 535 Deo?
2011 489 2145 542 Quae

189 559 375 619 quidem
415 557 520 602 ideo
562 557 784 610 dicuntur,
817 555 922 615 quia
963 555 1017 599 de
1043 555 1257 600 humanis
1291 556 1464 601 actibus
1502 557 1628 601 Deus
1670 569 1827 601 curam
1867 556 2019 610 habet,
2052 570 2147 601 non

190 625 340 670 solum
365 634 501 684 prout
525 624 582 669 ad
614 623 813 685 speciem
839 622 1080 682 pertinent,
1107 622 1184 667 sed
1203 623 1341 667 etiam
1368 625 1619 668 secundum
1646 623 1767 684 quod
1785 633 1890 668 sunt
1907 633 2033 668 actus
2052 639 2147 684 per-

189 691 385 738 sonales.

915 844 1170 900 CAPUT
1212 844 1417 901 CXIV.

503 980 663 1027 QUOD
704 980 989 1019 DIVINITUS
1030 979 1334 1019 HOMINIBUS
1377 980 1547 1018 LEGES
1588 980 1833 1021 DANTUR.

1535 1089 1758 1100 nnnnn

278 1157 408 1203 Sicut
439 1158 559 1202 enim
595 1167 720 1201 actus
751 1156 1085 1201 irrationalium
1112 1167 1420 1200 creaturarum
1440 1156 1693 1215 diriguntur
1713 1171 1738 1200 a
1754 1157 1945 1219 Deo‚·ea
1971 1157 2148 1202 ratione

187 1239 276 1285 qua
303 1225 359 1269 ad
385 1225 588 1283 speciem
614 1225 852 1284 pertinent,
879 1224 941 1268 ita
974 1234 1100 1268 actus
1132 1223 1374 1267 hominum
1408 1223 1660 1282 diriguntur
1686 1238 1711 1267 a
1743 1224 1862 1278 Deo,
1895 1224 2146 1268 secundum

186 1291 309 1352 quod
345 1291 401 1336 ad
437 1290 723 1335 individuum
758 1291 998 1351 pertinent,
1032 1300 1080 1334 ut
1106 1304 1240 1349 supra
1273 1300 1508 1334 ostensum
1547 1300 1614 1334 est
1640 1290 1700 1347 (c.
1735 1290 1865 1347 113.).
1895 1290 1985 1334 Sed
2020 1300 2145 1334 actus

189 1368 499 1404 creaturarum
531 1357 878 1413 irrationalium,
910 1367 1044 1416 prout
1071 1357 1126 1400 ad
1159 1356 1360 1415 speciem
1400 1357 1639 1416 pertinent,
1682 1356 1934 1415 diriguntur
1978 1371 2003 1400 a
2044 1357 2147 1401 Deo

187 1426 387 1484 quadarn
410 1423 604 1468 naturali
635 1424 944 1478 inclinatione,
971 1437 1085 1482 quae
1102 1433 1311 1467 naturam
1330 1423 1497 1499 speciei
1531 1424 1836 1482 consequitur.
1859 1423 1981 1484 Ergo
2014 1438 2147 1484 supra

185 1491 277 1536 hoc
305 1491 504 1536 dandum
537 1501 604 1535 est
629 1491 798 1550 aliquid
824 1491 1085 1535 hominibus
1112 1504 1202 1549 quo
1229 1490 1275 1533 in
1302 1490 1392 1533 suis
1409 1490 1722 1549 personalibus
1749 1490 1922 1534 actibus
1949 1490 2145 1549 dirigan-

184 1568 277 1613 tur;
304 1568 349 1603 et
373 1558 481 1602 hoc
491 1557 683 1601 dicimus
710 1557 877 1614 legem.

274 1625 464 1670 Adhuc:
493 1623 726 1668 rationalis
750 1634 968 1676 creatura,
996 1632 1044 1667 ut
1076 1622 1247 1666 dictum
1281 1633 1360 1677 est,
1388 1623 1451 1666 sic
1486 1622 1665 1667 divinae
1698 1623 2009 1682 providentiae
2043 1624 2145 1667 sub-

187 1692 319 1745 ditur,
356 1691 477 1750 quod
514 1691 653 1735 etiam
690 1689 1031 1734 similitudinem
1059 1689 1307 1748 quamdam
1340 1690 1517 1733 divinae
1550 1690 1862 1748 providentiae
1895 1690 2147 1749 participat,

186 1759 232 1803 in
259 1767 479 1818 quantum
497 1771 544 1802 se
572 1759 616 1801 in
634 1757 727 1801 suis
754 1757 926 1801 actibus
953 1766 997 1800 et
1023 1756 1111 1799 alia
1138 1755 1389 1814 gubernare
1416 1766 1578 1815 potest.
1602 1757 1652 1800 Id
1681 1767 1834 1801 autem
1862 1771 1952 1816 quo
1977 1757 2148 1816 aliquo-

189 1839 288 1870 rum
316 1835 442 1868 actus
465 1824 786 1883 gubernantur,
812 1823 974 1867 dicitur
1000 1822 1084 1867 lex.
1121 1822 1413 1867 Conveniens
1435 1823 1574 1882 igitur
1596 1823 1679 1868 fuit
1706 1838 1730 1868 a
1752 1824 1855 1868 Deo
1882 1824 2146 1868 hominibus

185 1892 340 1950 legem
366 1890 476 1935 dari.

275 1959 413 2003 Item:
441 1971 582 2017 quum
608 1956 682 2001 lex
707 1956 820 2000 nihil
854 1955 974 2001 aliud
1007 1956 1063 2001 sit
1095 1970 1234 2033 quarn
1267 1956 1491 2015 quaedam
1514 1957 1630 2001 ratio
1659 1966 1704 2001 et
1729 1956 1886 2017 regula
1913 1958 2145 2017 operandi,

182 2025 273 2071 illis
304 2024 456 2073 solum
489 2025 703 2068 convenit
737 2024 833 2067 dari
868 2022 1020 2082 legem
1053 2024 1130 2083 qui
1166 2023 1235 2067 sui
1262 2023 1412 2083 operis
1444 2024 1669 2069 rationem
1706 2035 2006 2082 cognoscunt.
2041 2025 2144 2069 Hoc

185 2102 337 2138 autem
356 2090 570 2136 convenit
594 2090 746 2136 solum
772 2089 984 2135 rationali
1011 2100 1257 2134 creaturae.
1286 2088 1385 2134 Soli
1410 2090 1546 2149 igitur
1572 2090 1781 2134 rationali
1809 2100 2042 2136 creaturae
2064 2090 2148 2135 fuit

188 2158 466 2206 conveniens
499 2157 595 2201 dari
627 2157 792 2218 legem.

276 2226 542 2271 Praeterea:
569 2224 658 2269 illis
675 2224 823 2269 danda
850 2234 917 2269 est
937 2223 1071 2268 lexin
1094 2224 1254 2302 quibus
1275 2233 1343 2269 est
1368 2238 1502 2283 agere
1519 2234 1563 2268 et
1589 2238 1682 2268 non
1703 2238 1848 2283 agere.
1873 2226 1974 2270 Hoc
1994 2235 2147 2270 autem

181 2293 399 2340 convenit
414 2291 502 2338 soli
517 2290 728 2336 rationali
744 2301 990 2336 creaturae.
1010 2289 1148 2336 Sola
1136 2292 1273 2365 igitur
1299 2291 1532 2336 rationalis
1553 2302 1784 2336 creaturae
1806 2303 1872 2337 est
1889 2293 2147 2351 susceptiva

273 2425 511 2485 Amplius:
539 2439 679 2484 quum
712 2423 784 2469 lex
815 2423 931 2469 nihil
965 2423 1085 2468 aliud
1122 2424 1180 2469 sit
1206 2439 1343 2484 quam
1370 2424 1485 2469 ratio
1520 2426 1684 2483 operis,
1722 2425 1960 2485 cujuslibet
1993 2436 2146 2471 autem

184 2493 336 2554 operis
361 2492 476 2537 ratio
510 2506 535 2536 a
561 2491 662 2547 fine,
683 2501 901 2546 sumatur,
930 2490 983 2535 ab
1012 2505 1068 2536 eo
1095 2492 1403 2553 unusquisque
1430 2491 1543 2551 legis
1567 2507 1709 2551 capax
1735 2493 1924 2553 suscipit
1944 2492 2096 2552 legem
2121 2508 2146 2537 a

185 2574 278 2620 quo
311 2559 367 2605 ad
399 2559 538 2604 finem
568 2559 841 2618 perducitur,
875 2558 992 2603 sicut
1022 2557 1207 2603 inferior
1235 2558 1393 2603 artifex
1426 2559 1479 2602 ab
1515 2559 1839 2614 architectone,
1878 2570 1922 2604 et
1954 2560 2086 2604 miles
2121 2574 2146 2603 a

186 2627 303 2672 duce
329 2626 563 2670 exercitus.
592 2625 681 2669 Sed
700 2635 904 2670 creatura
921 2624 1155 2669 rationalis
1181 2624 1320 2668 finem
1343 2639 1476 2670 suum
1504 2625 1715 2669 ultimum
1733 2626 1779 2670 in
1802 2627 1905 2670 Deo
1924 2636 1968 2670 et
1992 2641 2017 2670 a
2040 2627 2144 2672 Deo

187 2692 492 2752 consequitur,
525 2701 574 2736 ut
605 2705 659 2736 ex
682 2691 990 2751 superioribus
1022 2701 1157 2750 patet.
1194 2691 1296 2735 Fuit
1330 2692 1467 2750 igitur
1493 2692 1770 2737 conveniens
1799 2707 1824 2735 a
1856 2692 1960 2737 Deo
1993 2692 2145 2752 legem

184 2759 447 2805 hominibus
479 2759 589 2804 dari.

274 2826 391 2871 Hinc
425 2835 490 2870 est
528 2825 649 2885 quod
682 2825 843 2870 dicitur
871 2825 1016 2882 (Hier.
1044 2824 1188 2868 XXX.
1219 2825 1329 2883 33.):
1372 2826 1498 2869 Dabo
1522 2825 1646 2884 legem
1682 2840 1819 2870 meam
1845 2827 1889 2870 in
1919 2828 2145 2872 visceribus

182 2908 355 2947 eorum;
384 2903 430 2938 et
452 2893 630 2951 (Oseae
656 2893 779 2937 VIII.
812 2891 924 2950 12.):
954 2892 1148 2938 Scribam
1173 2893 1212 2936 ei
1230 2892 1480 2952 multiplices
1501 2893 1601 2952 leges
1632 2906 1754 2938 meas.

934 3092 1188 3150 CAPUT
1232 3092 1406 3150 CXV.

223 3237 385 3283 QUOD
426 3235 533 3274 LEX
571 3234 766 3274 DIVINA
805 3235 1218 3276 PRINCIPALITER
1260 3233 1507 3275 ORDINAT
1549 3229 1809 3275 HOMINEM
1841 3236 1897 3275 IN
1930 3235 2102 3275 DEUM.

275 3360 341 3405 Ex
358 3359 449 3404 hoc
467 3368 631 3415 ,autem
656 3358 774 3403 sumi
800 3368 951 3417 potest
977 3358 1032 3403 ad
1061 3358 1165 3418 quid
1191 3358 1265 3403 lex
1282 3358 1494 3403 divinitus
1528 3358 1632 3403 data
1654 3358 2140 3418 principalitertendat.

274 3425 567 3472 Manifestum
600 3435 667 3469 est
702 3424 824 3470 enim
858 3424 981 3484 quod
1017 3425 1324 3485 unusquisque
1352 3424 1585 3484 legislator
1613 3425 1668 3469 ad
1702 3440 1833 3469 suum
1861 3425 2000 3470 finem
2027 3426 2143 3486 prin-

187 3493 390 3554 cipaliter
420 3507 499 3553 per
533 3492 657 3551 leges
688 3491 901 3541 homines
927 3491 1120 3551 dirigere
1157 3492 1361 3547 intendit,
1399 3492 1513 3537 sicut
1540 3493 1627 3537 dux
1654 3493 1877 3537 exercitus
1911 3492 1965 3537 ad
1998 3494 2143 3538 victo-

187 3560 318 3618 riam,
349 3570 394 3609 et
413 3569 563 3608 rector
588 3559 780 3607 civitatis
806 3558 862 3606 ad
893 3572 1070 3622 pacem.
1096 3560 1217 3606 Finis
1239 3569 1390 3605 autern
1419 3573 1556 3620 quem
1574 3560 1698 3605 Deus
1725 3557 1916 3606 intendit
1942 3570 2009 3607 est
2030 3560 2142 3622 ipse-
