2332 3854
824 256 978 296 mmm
1017 256 1092 295 111.
1135 256 1254 295 CAP.
1297 255 1444 295 cmx.
1563 287 1572 292 .
1990 241 2096 310 467

873 447 1127 504 CAPUT
1168 447 1373 504 CXIX.

448 575 607 633 QUOD
639 575 740 615 PER
780 574 1049 621 QUAEDAM
1090 574 1384 613 SBNSIBILIA
1416 574 1557 614 MENS
1589 572 1808 614 NOSTRA

696 653 697 656 ’
828 648 1116 688 DIRIGITUR
1155 649 1212 688 IN
1252 647 1425 686 DEUM.

1571 684 1602 699 N

1822 730 1845 749 Ο

171 797 173 801 ,
242 760 383 814 Quod
409 773 518 804 vero
552 757 845 803 connaturale
878 767 946 803 est
967 758 1160 811 homini,
1187 767 1235 801 ut
1259 770 1337 815 per
1363 771 1520 802 sensus
1552 756 1865 816 cognitionem
1897 756 2104 816 accipiat,

149 837 193 873 et
214 826 533 872 difficillimum
559 836 628 870 est
652 824 881 869 sensibilia
902 823 1244 878 transcendere;
1270 824 1504 883 provisum
1526 834 1593 868 est
1610 823 1822 868 divinitus
1848 823 2030 867 homini
2053 833 2104 868 ut

148 895 287 940 etiam
309 894 358 938 in
384 892 670 938 sensibilibus
696 892 827 936 rebus
854 891 1113 935 divinorum
1151 891 1191 936 ei
1230 891 1612 936 commemoratio
1645 889 1786 944 fieret,
1819 900 1869 935 ut
1898 904 1978 948 per
2009 890 2109 935 hocv

148 961 348 1006 hominis
378 959 569 1004 intentio
613 959 759 1017 magis
791 968 1081 1002 revocaretur
1113 958 1168 1002 ad
1201 957 1376 1001 divina:
1411 959 1550 1001 etiam
1586 956 1664 1002 ille
1694 957 1821 1015 cujus
1847 971 1977 1001 mens
2008 971 2106 1001 non

152 1036 220 1072 est
243 1025 393 1070 valida
426 1025 481 1070 ad
515 1025 666 1069 divina
698 1025 744 1069 in
777 1025 936 1084 seipsis
970 1023 1348 1082 contemplanda;
1376 1034 1420 1068 et
1444 1034 1627 1083 propter
1652 1023 1742 1068 hoc
1768 1023 1972 1068 instituta
1998 1034 2103 1068 sunt

150 1091 379 1139 sensibilia
411 1092 633 1137 sacrificia
656 1106 772 1150 quae
798 1091 944 1135 homo
976 1091 1079 1136 Deo
1108 1091 1254 1145 offert,
1280 1105 1374 1135 non
1406 1101 1589 1149 propter
1615 1090 1705 1134 hoc
1733 1089 1855 1148 quod
1889 1088 2014 1134 Deus
2042 1091 2107 1134 eis

149 1161 366 1219 indigeat,
388 1159 466 1204 sed
493 1168 541 1203 ut
565 1159 926 1217 repraesentetur
942 1157 1122 1202 homini
1149 1157 1272 1216 quod
1298 1157 1512 1215 seipsum,
1541 1167 1584 1202 et
1611 1157 1767 1201 omnia
1784 1171 1865 1200 sua
1891 1156 2023 1201 debet
2043 1171 2108 1201 re-

149 1227 264 1272 ferre
294 1226 342 1270 in
368 1225 527 1286 >,ipsum
558 1225 677 1269 sicut
705 1225 752 1268 in
788 1224 942 1279 finem,
974 1234 1019 1270 et
1051 1224 1166 1270 sicut
1201 1224 1249 1267 in
1283 1233 1552 1280 creatorem,
1586 1234 1630 1268 et
1662 1223 2027 1282 gubernatorem,
2062 1232 2107 1268 et

148 1292 405 1338 Dominum
431 1291 762 1335 universorum.

169 1387 172 1389 Δ
203 1359 228 1380 ”
247 1358 535 1404 Adhibentur
560 1359 696 1402 etiam
722 1357 901 1402 homini
928 1356 1153 1417 quaedam
1180 1356 1560 1403 sanctificationes
1581 1372 1660 1417 per
1681 1357 1903 1416 quasdam
1924 1371 1995 1402 res
2011 1370 2109 1403 sen-

154 1425 322 1481 sibiles,
347 1426 508 1486 quibus
540 1425 685 1469 homo
710 1424 900 1478 lavatur,
927 1434 1004 1469 aut
1028 1426 1224 1483 ungitur,
1248 1434 1327 1470 aut,
1349 1424 1560 1482 pascitur,
1587 1422 1661 1469 vel
1681 1434 1863 1483 potatur
1885 1432 1992 1468 cum
2009 1436 2108 1469 sen-

95 1527 99 1530 .
149 1493 347 1537 sibilium
371 1493 616 1537 verborum
641 1492 925 1551 probatione,
952 1501 998 1535 ut
1025 1491 1203 1535 homini
1234 1500 1595 1550 repraesentetur
1616 1506 1695 1550 per
1712 1489 1942 1535 sensibilia
1972 1489 2101 1536 intel-

149 1559 392 1619 ligibilium
434 1559 662 1603 donorum
693 1573 958 1618 processum
992 1558 1038 1602 in
1071 1558 1170 1617 ipso
1209 1558 1261 1602 ab
1297 1558 1550 1602 extrinseco
1584 1557 1682 1601 fieri
1714 1567 1758 1602 et
1783 1571 1808 1601 a
1834 1557 1953 1611 Deo,
1979 1558 2107 1615 cujus

153 1640 325 1671 nomen
349 1625 634 1671 sensibilibus
659 1626 848 1670 vocibus
875 1625 1153 1684 exprimitur.

244 1693 521 1738 Exercentur
546 1693 684 1736 etiam
712 1692 765 1736 ab
806 1692 1070 1736 hominibus
1107 1691 1332 1750 quaedam
1365 1690 1595 1736 sensibilia
1632 1705 1784 1750 opera,
1816 1705 1910 1736 non
1947 1691 2106 1750 quibus

155 1761 307 1805 Deum
333 1760 543 1813 excitent,
569 1758 648 1803 sed
679 1759 842 1818 quibus
866 1758 1040 1817 seipsos
1067 1765 1320 1816 provocent
1350 1758 1397 1803 in
1430 1758 1595 1811 divina,
1622 1758 1739 1803 sicut
1763 1758 2106 1816 prostrationes,

153 1826 505 1887 genuflexiones,
526 1824 712 1869 vocales
739 1823 964 1869 clamores
992 1835 1038 1869 et
1070 1835 1252 1879 cantus;
1276 1819 1391 1884 quae
1407 1839 1502 1868 non
1525 1824 1638 1869 fiunt
1658 1826 1786 1883 quasi
1807 1825 1934 1869 Deus
1947 1824 2018 1868 his
2048 1827 2113 1868 in-

152 1894 318 1953 digeat,
344 1893 422 1952 qui
438 1892 594 1937 omnia
611 1891 752 1946 novit,
770 1902 814 1936 et
831 1893 958 1951 cujus
975 1891 1187 1936 voluntas
1211 1902 1278 1937 est
1302 1891 1616 1947 immutabilis,
1634 1901 1678 1937 et
1695 1891 1908 1936 affectum
1926 1891 2110 1946 mentis,

152 1970 199 2005 et
220 1960 359 2004 etiam
384 1970 567 2004 motum·
596 1959 800 2018 corporis
826 1969 1011 2018 propter
1036 1973 1084 2003 se
1108 1973 1204 2003 non
1231 1967 1434 2017 acceptat
1446 1974 1461 2012 ;,
1490 1959 1568 2003 sed
1596 1972 1650 2002 ea
1672 1968 1856 2018 propter
1887 1972 1973 2002 nos
2004 1957 2110 2002 faci-

158 2041 277 2082 mus,
302 2036 351 2071 ut
375 2039 454 2086 per
477 2026 592 2070 haec
618 2025 846 2070 sensibilia
872 2039 1011 2084 opera
1047 2025 1239 2070 intentio
1273 2035 1429 2070 nostra
1462 2025 1678 2084 dirigatur
1708 2025 1756 2069 in
1782 2026 1950 2079 Deum,
1983 2034 2027 2069 et
2053 2024 2112 2068 af·

157 2092 294 2138 fectio
327 2092 613 2137 accendatur.
641 2091 790 2136 Simul
805 2092 943 2136 etiarn
960 2106 1040 2151 per
1065 2091 1155 2136 hoc
1181 2092 1333 2136 Deum
1352 2091 1618 2151 profitemur
1635 2093 1815 2136 animae
1842 2102 1887 2136 et
1905 2092 2110 2151 corporis

152 2160 296 2205 nostri
321 2169 571 2213 auctorem,
597 2158 671 2202 cui
702 2157 950 2217 spiritualia
977 2167 1021 2202 et
1047 2158 1302 2217 corporalia
1328 2158 1547 2217 obsequia
1573 2158 1852 2203 exhibemus.

194 2226 431 2286 „Propter
460 2225 551 2270 hoc
577 2238 673 2268 non
698 2234 766 2269 est
791 2223 960 2278 mirari,
993 2224 1032 2269 si
1054 2224 1287 2280 haeretici,
1314 2225 1391 2283 qui
1413 2225 1618 2283 corporis
1655 2225 1800 2269 nostri
1823 2226 1978 2270 Deum
2012 2239 2110 2270 esse

154 2303 388 2338 auctorem
414 2300 596 2351 negant,
628 2291 743 2335 haec
771 2290 1027 2348 corporalia
1065 2291 1284 2350 obsequia
1315 2292 1418 2336 Deo
1452 2292 1650 2336 exhibita
1687 2292 2032 2351 reprehendant.
2057 2292 2110 2335 In

153 2359 411 2419 quu‘etiam
436 2368 623 2418 apparet
647 2357 769 2416 quod
801 2372 849 2402 se
875 2357 1088 2402 homines
1116 2372 1214 2402 esse
1239 2372 1334 2403 non
1362 2360 1668 2402 meminerunt
1694 2359 1802 2403 dum
1828 2358 2111 2406 sensibilium

153 2425 239 2471 sibi
269 2425 732 2485 repraesentationem
762 2424 1067 2469 necessariam
1099 2439 1194 2469 non
1220 2424 1375 2468 vident
1407 2425 1463 2469 ad
1495 2425 1762 2470 interiorem
1795 2425 2111 2483 cognitionem

155 2501 204 2538 et·
223 2492 530 2538 affectionem.
555 2492 676 2535 Nam
703 2491 1013 2550 experimento
1037 2501 1222 2550 apparet
1247 2491 1370 2550 quod
1396 2506 1474 2550 per
1507 2491 1770 2550 corporales
1802 2502 1929 2537 actus
1955 2493 2111 2536 anima

157 2559 375 2604 excitatur
406 2558 464 2602 ad
494 2557 695 2617 aliquam
731 2557 1074 2616 cogitationem,
1106 2557 1180 2602 vel
1212 2558 1514 2603 affectionem.
1548 2559 1683 2603 Unde
1721 2558 2013 2604 manifestum
2045 2568 2114 2604 est

160 2625 482 2674 convenienter
503 2624 644 2668 etiam·
667 2623 977 2683 corporalibus
1003 2624 1274 2683 quibusdam
1300 2639 1385 2670 nos
1407 2625 1472 2669 uti
1494 2625 1549 2669 ad
1573 2627 1736 2670 mentis
1758 2635 1941 2670 nostrae
1968 2625 2114 2670 eleva-

160 2692 334 2737 tionem
359 2692 406 2735 in
430 2691 598 2735 Deum.

247 2756 300 2803 In
330 2749 401 2803 siis
433 2768 586 2802 autem
613 2756 921 2816 corporalibus
947 2757 1051 2801 Deo
1078 2757 1342 2802 exhibendis
1376 2757 1522 2802 cultus
1547 2758 1636 2802 Dei
1661 2758 1909 2803 consistere
1937 2758 2112 2804 dicitur.

158 2823 245 2869 Illa
271 2824 395 2868 enim
426 2824 576 2868 colere
598 2823 791 2867 dicimur
817 2823 977 2882 quibus
1009 2838 1088 2881 per
1109 2834 1262 2868 nostra
1286 2838 1424 2883 opera
1449 2824 1648 2869 studium
1671 2825 1952 2870 adhibemus.
1978 2825 2114 2870 Circa

160 2892 312 2942 Deum
338 2900 490 2935 antem
527 2890 794 2934 adhibemus
827 2890 1025 2933 studium
1057 2899 1215 2934 nostro
1250 2900 1366 2945 actu,
1404 2905 1499 2934 non
1531 2891 1716 2949 quidem
1747 2901 1796 2936 ut
1820 2891 2113 2950 proficiamus

163 2957 219 3011 ei,
251 2957 368 3002 sicut
398 2971 503 3001 cum
531 2956 640 3001 alias
665 2970 738 3000 res
762 2957 928 3000 nostris
955 2957 1166 3015 operibus
1194 2956 1345 3001 colere
1378 2957 1587 3012 dicimur,
1611 2958 1690 3002 sed
1717 2957 1821 3016 quia
1853 2971 1932 3017 per
1962 2958 2115 3017 hujus·

159 3024 287 3068 modi
312 3034 439 3069 actus
455 3024 718 3083 proficimus
744 3025 790 3067 in
806 3024 973 3068 Deum.
998 3023 1053 3068 Et
1074 3025 1179 3083 quia
1197 3039 1276 3083 per
1293 3024 1530 3068 interiores
1553 3034 1679 3069 actus
1702 3025 1870 3069 directe
1891 3025 1939 3068 in
1960 3025 2114 3069 Deum

158 3091 402 3145 tendimus,
425 3090 527 3135 ideo
545 3090 833 3135 interioribus
852 3091 1022 3135 actibus
1045 3092 1224 3150 proprie
1241 3091 1394 3135 Deum
1417 3090 1636 3145 colimus;
1662 3091 1744 3136 sed
1760 3102 1914 3135 tamen
1932 3099 1976 3135 et
1998 3102 2117 3136 exte·

158 3158 300 3202 riores
327 3167 453 3202 actus
475 3157 530 3201 ad
558 3156 730 3202 cultum
755 3156 843 3201 Dei
868 3157 1108 3216 pertinent,
1135 3158 1180 3201 in
1204 3168 1424 3216 quantum
1450 3171 1530 3217 per
1551 3158 1814 3216 hujusmodi
1832 3167 1958 3202 actus
1983 3172 2112 3203 mens

158 3233 312 3269 nostra
339 3223 540 3268 elevatur
564 3223 612 3267 in
633 3223 802 3278 Deum,
829 3232 878 3268 ut
903 3224 1076 3268 dictum
1106 3234 1184 3268 est.

248 3291 365 3335 Hinc
393 3290 529 3335 etiam
565 3290 654 3334 Dei
690 3289 837 3335 cultus
869 3289 1030 3348 religio
1063 3291 1340 3344 nominatur,
1373 3290 1478 3350 quia
1505 3290 1768 3349 huJusmodi
1801 3291 1970 3335 actibus
2004 3306 2112 3351 quo-

159 3357 411 3402 dammodo
438 3371 486 3401 se
517 3356 661 3400 homo
688 3355 813 3415 ligat,
839 3366 888 3401 ut
910 3358 963 3400 ab
993 3372 1047 3401 eo
1075 3372 1170 3401 non
1191 3368 1420 3417 evagetur,
1447 3368 1491 3402 et
1511 3359 1616 3417 quia
1643 3359 1781 3403 etiarn
1809 3358 2009 3416 quodam
2035 3373 2115 3402 na-

157 3425 292 3471 turali
324 3425 538 3469 instinctu
575 3438 623 3468 se
660 3423 912 3483 obligatum
944 3425 1079 3469 sentit
1110 3425 1229 3478 Deo,
1262 3438 1311 3469 ut
1337 3439 1421 3469 suo
1455 3425 1596 3469 modo
1628 3425 1930 3470 reverentiam
1962 3427 2003 3470 ei
2035 3425 2117 3470 im-

160 3492 327 3551 pendat
353 3506 378 3535 a
404 3505 495 3550 quo
523 3501 591 3535 est
622 3490 691 3535 sui
723 3505 821 3536 esse
847 3500 892 3535 et
923 3491 1073 3535 omnis
1099 3490 1208 3535 boni
1234 3491 1521 3551 principium.

206 3557 367 3602 :Hinc
395 3557 535 3602 etiarn
560 3567 628 3602 est
653 3556 775 3616 quod
801 3555 962 3616 religio
995 3571 1165 3603 nomen
1199 3559 1375 3617 accepit
1398 3557 1603 3617 pietatis;
1629 3573 1735 3603 nam
1769 3558 1912 3617 pietas
1945 3568 2013 3603 est
2036 3572 2117 3617 per

161 3637 299 3684 quam
333 3623 560 3668 honorem
593 3623 793 3668 debitum
826 3623 1084 3682 parentibus
1116 3624 1446 3684 impendimus:
1481 3625 1598 3670 unde
1636 3625 1970 3670 convenienter*
1992 3624 2115 3684 quod
