2332 3854
829 211 985 252 mmm
1021 211 1059 251 1.
1101 212 1221 252 CAP.
1262 212 1409 251 Lxx1
2025 199 2094 270 87

156 314 240 373 11.)
265 314 451 360 dicitur:
491 313 580 373 Ipse
610 314 722 359 enim
753 316 873 360 novit
904 314 1119 359 hominum
1150 315 1397 370 vanitatem,
1429 320 1467 358 et
1500 312 1643 358 videns
1674 315 1938 372 iniquitatem
1964 331 2098 362 nonne

86 378 94 395 ³
149 380 410 428 considerat?

236 447 482 494 Sciendum
500 428 652 492 autern
666 445 787 506 quod
809 446 926 492 circa
949 448 1262 507 cognitionem
1279 446 1390 493 mali
1411 456 1456 493 et
1466 446 1729 507 privationis
1747 446 1875 493 aliter
1891 462 1939 493 se
1961 449 2101 495 habet

84 517 91 538 ³>
144 513 400 560 intellectus
426 514 620 568 divinus,
646 523 780 572 atque
807 513 936 558 aliter
953 514 1210 559 intellectus
1232 525 1401 571 noster,
1417 529 1525 559 nam
1543 528 1649 558 cum
1666 514 1923 560 intellectus
1939 526 2095 560 noster

67 578 101 612 Γ
145 579 346 640 singulas
371 595 442 626 res
468 594 549 639 per
573 578 776 639 singulas
800 580 975 639 species
1003 581 1207 640 proprias
1231 591 1485 642 cognoscat
1510 591 1554 626 et
1572 580 1787 636 diversas,
1813 582 1859 626 id
1886 583 2006 641 quod
2031 593 2098 627 est

82 665 84 667 “
143 646 194 692 in
215 657 332 702 actu,
359 648 598 707 cognoscit
622 660 702 705 per
722 649 924 705 speciem
940 647 1289 706 intelligibilem,
1307 663 1386 707 per
1403 663 1540 708 quam
1563 647 1613 693 fit
1630 647 1887 694 intellectus
1908 649 1955 693 in
1979 659 2095 694 actu.

10 707 12 711 ⁴
61 707 79 759 ζ
143 712 277 758 Unde
305 723 349 759 et
374 713 627 772 potentiam
653 726 934 772 cognoscere
960 723 1123 773 potest,
1151 715 1197 758 in
1224 726 1445 774 quantum
1466 715 1512 759 in
1538 716 1740 774 potentia
1764 715 1820 760 ad
1837 715 1978 760 talem
2001 731 2097 775 spe-

136 779 263 825 eiem
288 780 561 840 quandoque
587 793 635 825 se
660 780 810 834 habet,
834 790 882 824 ut
906 780 1023 824 sicut
1050 790 1201 825 actum
1229 783 1470 841 cognoscit
1491 796 1570 842 per
1587 792 1755 837 actum,
1781 783 1844 827 ita
1861 785 1999 828 etiam
2021 798 2097 843 po-

141 847 333 893 tentiam
355 861 435 907 per
455 847 708 906 potentiam
732 857 997 906 cognoscat,
1021 857 1065 892 et
1092 848 1197 907 quia
1223 850 1426 908 potentia
1445 859 1512 894 est
1533 849 1588 893 de
1611 849 1786 895 ratione
1802 850 2091 910 privationis:

128 923 248 959 fuam
273 915 466 974 privatio
491 924 560 959 est
583 914 768 973 negatio
795 915 924 973 cujus
951 915 1204 974 subJectum
1229 925 1297 960 est
1323 931 1403 960 ens
1421 916 1467 960 in
1494 917 1709 976 potentia,
1736 917 1951 977 sequitur,
1973 918 2097 977 quod

52 974 66 1035 f
130 979 391 1027 ¹intellectui
414 991 573 1026 nostro
591 990 825 1040 competat
837 980 988 1040 aliquo
1012 982 1153 1026 niodo
1181 995 1464 1040 cognoscere
1482 984 1784 1042 privationem
1806 984 1852 1028 in
1874 994 2096 1043 quantum

139 1055 211 1093 est
231 1056 364 1093 natus
390 1062 487 1093 esse
510 1049 556 1092 in
583 1048 800 1106 potentia.
836 1048 965 1093 Licet
997 1048 1134 1093 etiam
1168 1049 1258 1094 dici
1290 1050 1434 1108 possit
1469 1050 1591 1108 quod
1619 1064 1672 1094 ex
1702 1051 1800 1110 ipsa
1827 1051 2093 1110 cognitione

45 1098 62 1125 ι’
92 1141 98 1149 ·
126 1124 265 1160 actus
290 1115 492 1175 sequitur
517 1115 722 1174 cognitio
747 1116 978 1173 potentiae
1013 1126 1058 1160 et
1087 1116 1369 1175 privationis,
1409 1116 1666 1162 intellectus
1708 1128 1862 1163 autem
1900 1117 2095 1173 divinus,

123 1181 215 1242 *qui
238 1181 368 1227 nullo
390 1182 532 1227 modo
559 1192 627 1227 est
652 1184 697 1227 in
724 1185 941 1242 potentia,
967 1197 1062 1227 non
1086 1183 1326 1242 cognoscit
1347 1183 1489 1228 modo
1512 1184 1745 1261 praedicto
1772 1184 2093 1244 privationem,

134 1260 221 1294 nec
248 1247 418 1308 aliquid
445 1248 586 1303 aliud;
612 1263 722 1293 nam
749 1249 787 1293 si
814 1258 1115 1308 cognosceret
1132 1249 1299 1309 aliquid
1317 1265 1397 1310 per
1414 1251 1630 1310 speciem,
1651 1266 1768 1330 quoae
1785 1266 1876 1297 non
1898 1261 1965 1297 est
1978 1251 2092 1329 ipse,

119 1312 400 1382 'sequeretur
425 1313 480 1359 de
506 1317 777 1360 necessitate
810 1316 932 1375 quod
958 1316 1195 1376 proportio
1222 1318 1319 1375 ejus
1352 1318 1408 1361 ad
1440 1317 1569 1362 illam
1595 1319 1797 1378 speciem
1829 1329 1948 1364 esset
1979 1319 2097 1364 sicut

130 1380 369 1440 proportio
394 1382 625 1441 potentiae
652 1382 709 1426 ad
736 1392 905 1427 actum.
931 1382 1066 1427 Unde
1094 1393 1289 1442 oportet,
1318 1384 1477 1443 quod'
1465 1399 1562 1443 1pse
1588 1383 1813 1443 intelligat
1837 1385 1989 1430 solum
2014 1398 2095 1445 per

44 1443 65 1498 ,ᾗ
124 1449 350 1527 speciem,
376 1462 494 1507 quae
520 1459 588 1494 est
613 1463 694 1493 sua
720 1450 930 1504 essentia,
952 1460 997 1494 et
1021 1464 1102 1509 per
1125 1464 1426 1510 consequens,
1444 1451 1567 1510 quod
1589 1450 1815 1511 intelligat
1836 1466 1885 1497 se
1900 1462 2095 1507 tantum,

65 1510 70 1517 ’
122 1513 255 1560 'sicat
276 1512 480 1574 primurn
505 1516 803 1561 intellectum.
830 1516 1138 1577 Intelligendo
1160 1528 1316 1562 tamen
1338 1532 1402 1572 se,
1427 1520 1666 1577 cognoscit
1692 1519 1796 1574 alia,
1822 1520 1939 1564 sicut
1960 1534 2095 1580 supra

60 1581 196 1640 (c
221 1579 315 1640 46.)
344 1592 580 1628 ostensum
602 1593 683 1637 est,
715 1597 810 1628 non
836 1584 989 1628 solum
1016 1594 1169 1629 autem
1198 1595 1339 1639 actus,
1367 1586 1446 1630 sed
1479 1586 1706 1643 potentias
1734 1595 1778 1630 et
1798 1587 2090 1647 privationes,

18 1607 61 1698 ’ζΞ
125 1658 180 1694 iet
210 1648 287 1694 hic
318 1659 388 1695 est
418 1663 577 1695 sensus
623 1651 869 1696 verborum
901 1665 1039 1711 quem
1071 1651 1382 1711 Philosophus
1415 1653 1546 1712 ponit
1574 1653 1622 1696 in
1653 1653 1788 1697 tertio
1823 1654 1896 1697 De
1934 1654 2088 1698 anima

127 1716 188 1776 (t.
215 1728 255 1760 c.
282 1717 392 1774 25.),
424 1717 596 1772 dicens,
630 1727 707 1762 aut
738 1719 974 1777 quomodo
1006 1718 1182 1763 malum
1225 1720 1478 1778 cognoscit,
1506 1729 1583 1764 aut
1617 1721 1830 1779 nigrum3
1865 1721 2089 1765 contraria

133 1782 258 1828 enim
284 1784 629 1843 quodammodo
656 1787 908 1845 cognoscit.
943 1786 1142 1845 Oportet
1174 1796 1326 1831 autem
1352 1789 1556 1846 potentia
1583 1801 1681 1831 esse
1709 1800 2011 1846 cognoscens,
2044 1797 2088 1832 et

58 1871 71 1899 ς
123 1850 311 1895 ‘essein
335 1851 451 1911 ipso,
473 1853 511 1896 si
536 1865 647 1897 vero
675 1852 812 1897 alicui
836 1866 930 1897 non
947 1853 1065 1898 inest
1086 1854 1382 1908 contrarium,
1400 1854 1575 1898 scilicet
1595 1855 1641 1898 in
1664 1855 1867 1913 potentia
1890 1855 2091 1914 seipsum

130 1918 384 1976 cognoscit,
415 1928 461 1964 et
486 1929 590 1964 actu
617 1929 698 1974 est,
725 1929 770 1964 et
789 1920 1053 1979 separabile.
1086 1920 1185 1965 Nec
1217 1929 1400 1980 oportet
1430 1921 1559 1980 sequi
1585 1921 1919 1980 expositionem
1952 1921 2092 1966 Aver-

128 1988 233 2029 τοδε
254 1985 332 2044 qui
356 1985 468 2040 vult,
490 1985 613 2045 quod
635 2000 689 2030 ex
713 1987 804 2031 hoc
830 1997 1045 2047 sequatur
1071 1987 1194 2047 quod
1220 1987 1491 2042 intellectus,
1510 1990 1587 2047 qui
1609 1998 1677 2032 est
1697 1998 1874 2033 tantum
1900 1989 1948 2032 in
1970 1998 2089 2043 actu,

53 2061 56 2069 ¹
126 2050 257 2096 nullo
277 2052 419 2097 modo
446 2064 699 2112 cognoscat
720 2055 1038 2112 privationem,
1060 2055 1139 2099 sed
1166 2069 1324 2100 sensus
1351 2065 1433 2110 est,
1462 2055 1584 2115 quod
1605 2069 1700 2100 non
1727 2066 1981 2115 cognoscat
2002 2057 2090 2115 pri·

8 2104 11 2150 ἕ
40 2126 51 2168 ζ
126 2118 360 2164 vationem
382 2134 463 2179 per
483 2120 588 2174 hoc,
616 2121 738 2180 quod
766 2131 834 2166 est
858 2122 905 2166 in
928 2122 1132 2181 potentia
1166 2122 1222 2166 ad
1255 2121 1425 2182 aliquid
1453 2122 1589 2177 aliud,
1623 2122 1702 2166 sed
1733 2137 1813 2183 per
1844 2123 1936 2167 hoc
1965 2123 2089 2183 quod

127 2186 368 2245 cognoscit
388 2187 605 2246 seipsum,
632 2198 678 2232 et
703 2198 771 2232 est
796 2202 978 2248 semper
1003 2190 1048 2233 in
1076 2199 1194 2234 actu.

213 2252 407 2299 Rursus.
434 2254 670 2298 sciendum
706 2256 830 2314 quod
861 2256 899 2300 si
929 2256 1056 2301 Deus
1087 2257 1177 2301 hoc
1212 2256 1354 2301 modo
1387 2257 1588 2316 seipsum
1615 2267 1929 2316 cognosceret,
1963 2258 2086 2317 quod

120 2317 453 2380 cognoscendo
486 2335 551 2376 se,
582 2334 677 2366 non
711 2333 1014 2382 cognosceret
1047 2322 1135 2368 alia
1168 2325 1304 2378 entia,
1336 2338 1452 2384 quae
1485 2335 1589 2369 sunt
1623 2324 1913 2385 particularia
1949 2325 2085 2380 bona,

114 2381 252 2432 nullo
269 2388 413 2433 modo
430 2400 733 2448 cognosceret
747 2391 1049 2449 privationem
1067 2401 1144 2435 aut
1160 2391 1350 2446 malum,
1368 2392 1473 2451 quia
1490 2393 1628 2448 bono,
1646 2393 1768 2452 quod
1787 2402 1853 2437 est
1869 2393 1981 2453 ipse,
1993 2408 2087 2439 non

116 2462 193 2499 est
217 2453 366 2514 aliqua
392 2455 586 2515 privatio
614 2458 839 2534 opposita,
867 2471 972 2502 cum
989 2459 1184 2516 privatio
1212 2468 1257 2503 et
1282 2473 1416 2503 suurn
1443 2460 1707 2537 oppositum
1734 2461 1823 2505 sint
1853 2471 1960 2505 nata
1987 2475 2086 2506 esse

40 2513 87 2571 ’ἢ
120 2520 245 2567 eirca
268 2521 414 2577 idem3
440 2532 487 2568 et
517 2523 581 2568 sic
609 2524 650 2568 ei
682 2525 805 2583 quod
832 2534 900 2569 est
927 2533 1052 2570 actus
1084 2540 1236 2585 purus,
1267 2525 1394 2570 nulla
1425 2527 1619 2586 privatio
1652 2528 1910 2587 opponitur,
1938 2537 1983 2572 et
2007 2542 2087 2588 per

30 2630 64 2658 ὦ
118 2583 407 2648 consequens
433 2603 519 2635 nec
546 2590 735 2636 malum.
763 2591 914 2646 Unde,
947 2592 1098 2651 posito
1131 2593 1254 2652 quod
1286 2594 1412 2638 Deus
1446 2608 1494 2638 se
1527 2593 1679 2638 solum
1713 2606 1983 2654 cognoscat,
2015 2609 2088 2640 co-

63 2656 388 2716 gnoscendo
413 2657 549 2711 bona,
571 2672 687 2717 quae
705 2668 771 2703 est
792 2659 902 2717 ipse,
918 2673 1014 2704 non
1037 2669 1289 2718 cognoscet
1305 2660 1493 2704 malum.
1519 2661 1609 2705 Sed
1630 2661 1735 2720 quia
1758 2662 2083 2720 cognoscendo

118 2729 187 2778 re,-
211 2724 452 2783 cognoscit
477 2724 599 2769 entia
623 2725 671 2769 in
697 2725 858 2784 quibus
883 2736 1018 2770 natae
1044 2736 1148 2771 sunt
1174 2740 1271 2771 esse
1298 2728 1591 2786 privationes,
1622 2741 1812 2772 necesse
1838 2737 1906 2772 est
1931 2738 1980 2773 ut
2011 2742 2085 2773 co-

49 2790 78 2851 ,ᾗ
118 2796 315 2848 gnoscat
338 2790 615 2849 privationes
641 2793 887 2852 oppositas,
914 2803 959 2838 et
984 2793 1105 2838 mala
1133 2794 1343 2853 opposita
1365 2794 1709 2854 particularibus
1734 2795 1881 2839 bonis.

209 2856 457 2902 Sciendum
474 2859 627 2915 etiam,
645 2860 767 2918 quod
781 2870 897 2904 stcut
907 2860 1032 2904 Deus
1050 2861 1218 2920 absque
1241 2861 1445 2905 discursu
1463 2861 1735 2916 intellectus,
1757 2862 2081 2921 cognoscendo

120 2931 185 2979 se,
199 2925 450 2984 cognoscit
471 2925 574 2980 alia,
600 2936 649 2971 ut
674 2940 806 2986 supra
829 2937 1065 2972 ostensum
1087 2937 1169 2981 est,
1195 2928 1257 2972 ita
1279 2942 1373 2973 non
1401 2938 1583 2988 oportet
1607 2929 1730 2988 quod
1758 2930 1854 2987 ejus
1878 2930 2082 2988 cognitio

118 2991 455 3047 sitdiscursiva‚
482 2994 519 3038 si
543 3007 625 3053 per
648 2994 771 3038 bona
790 2995 1029 3053 cognoscit
1050 2994 1196 3039 mala:
1224 3009 1334 3040 nam
1362 2996 1536 3040 bonum
1554 3007 1620 3040 est
1637 2996 1766 3055 quasi
1787 2996 1902 3041 ratio
1930 2997 2083 3056 cogni-

61 3059 76 3083 ·5'
118 3052 257 3104 tionis
273 3058 398 3114 mali,
420 3072 526 3104 cum
542 3060 717 3105 malum
739 3061 855 3106 nihil
871 3062 928 3106 sit
942 3061 1064 3106 aliud
1082 3076 1222 3121 quam
1234 3062 1426 3122 privatio
1443 3063 1573 3118 boni3
1597 3063 1716 3107 unde
1739 3073 2082 3122 cognoscuntur

31 3790 70 3854 ,μ’-’ἒξ
47 3761 65 3774 ες
42 3673 69 3745 'gas-*12
36 3645 61 3660 ,ἦ
36 3518 66 3626 -Ῐῠψ-νκ
45 3379 70 3473 ’ῖῑ,,,;,μ;
47 3136 71 3211 ,22¹5

117 3120 243 3170 mitia
265 3138 345 3185 per
373 3126 509 3182 bona,
535 3128 652 3173 sicut
681 3142 752 3174 res
783 3142 863 3188 per
894 3142 998 3174 suas
1029 3128 1338 3184 diffinitiones,
1370 3143 1466 3175 non
1497 3130 1615 3175 sicut
1648 3129 1968 3175 conclusiones
1999 3145 2081 3189 per

118 3191 353 3259 principia.

121 3262 126 3268 '
205 3257 305 3304 Nec
331 3259 471 3305 etiam
497 3261 553 3305 ad
576 3261 970 3322 imperfectionem
997 3262 1274 3323 cognitionis
1300 3264 1481 3309 divinae
1516 3263 1648 3318 cedit,
1675 3264 1714 3308 si
1740 3264 1862 3309 mala
1887 3278 1968 3324 per
1993 3264 2078 3324 pri-

114 3324 352 3372 vationem
376 3326 605 3372 bonorum
622 3340 888 3388 cognoscat,
914 3330 1022 3389 quia
1048 3330 1223 3375 malurn
1241 3345 1335 3375 non
1352 3331 1517 3376 dicitur
1543 3345 1656 3389 esse,
1682 3331 1770 3376 nisi
1791 3331 1839 3375 in
1855 3341 2077 3391 quantum

114 3392 395 3451 ’captivatio
410 3394 543 3439 boni:
569 3395 691 3440 unde
711 3397 964 3441 secundum
985 3397 1107 3441 hunc
1126 3397 1277 3441 solum
1300 3397 1490 3442 modum
1518 3406 1586 3443 est
1613 3397 1946 3457 cognoscibile;
1967 3411 2076 3443 nam

113 3459 477 3521 unmnquodque
498 3471 719 3522 quantum
743 3462 883 3509 habet
906 3464 963 3508 de
989 3458 1104 3519 esse,
1129 3473 1308 3509 tantum
1329 3463 1467 3509 habet
1491 3464 1547 3509 de
1565 3463 1975 3524 cognoscibilitate.
