2332 3854
791 173 947 213 mnan
986 171 1062 213 ιιι.
1104 174 1224 212 CAP.
1266 172 1388 212 ειν.
1950 175 2053 230 529

105 276 284 331 dinatos
300 275 558 347 Apostolus
568 277 804 321 enumerat
829 276 884 334 (Ι.
912 275 1120 320 Corinth.
1147 276 1246 321 XII.
1264 275 1382 320 8-10
1385 276 1419 332 .)
1435 274 1613 320 dicens·
1642 275 1734 319 Alii
1752 283 1831 335 per
1851 276 2058 336 Spiritum

104 340 252 390 dahr
262 358 394 390 sermo
420 344 657 404 sapientiae,
688 342 765 386 alii
801 347 938 386 autem
968 356 1107 387 sermo
1132 343 1323 387 scientiae
1352 341 1574 386 secundum
1604 341 1789 386 eumdem
1820 342 2058 401 Spiritum·
2040 376 2053 399 ,

104 411 226 456 alteri
239 411 376 470 fides'
360 426 403 464 ιη
425 410 562 465 eodem
587 410 777 469 Spiritu5
799 409 877 452 alii
895 410 1037 468 gratia
1052 410 1280 454 sanitatum
1297 410 1342 452 in
1357 421 1440 452 uno
1461 408 1653 468 Spiritu,·
1676 408 1752 452 alii
1768 410 1956 467 operatio
1971 410 2059 452 vir-

105 472 256 531 τοτύνη,
291 477 367 521 alii
392 476 626 536 prophetia,
660 475 738 519 aliz·
766 475 955 520 discretio
985 477 1241 534 spirituum5
1268 476 1346 519 alii
1364 488 1515 534 genera
1539 475 1800 533 linguarum,
1829 476 1906 519 alii
1932 478 2054 520 inter-

96 545 284 603 putatio
304 558 553 588 sermonum.

190 608 280 654 Per
303 608 393 653 hoc
425 619 579 667 autem
604 606 855 653 excluditur
885 621 1012 651 error
1043 608 1348 667 quorumdam
1374 608 1769 662 Manichaeorum,
1795 610 1873 668 qui
1899 608 2057 653 dicunt

104 675 360 735 corporalia
392 661 612 719 miracula
642 688 737 719 non
768 688 868 719 esse
899 688 925 717 a
956 674 1058 718 Deo
1090 674 1223 719 facta.
1259 674 1407 718 Simul
1440 675 1578 719 etiam
1611 675 1863 720 excluditur
1894 689 2057 720 eorum

104 748 244 797 error,
270 752 489 802 quantum
525 742 579 786 ad
613 742 704 786 hoc
732 741 854 801 quod
888 740 1044 784 dicunt
1075 742 1320 800 prophetas
1352 755 1447 785 non
1480 756 1578 786 esse
1606 743 1660 786 de
1687 742 1842 802 spiritu
1875 743 1960 787 Dei
1993 742 2059 787 lo-

103 804 247 854 cutos.
272 807 534 853 Excluditur
559 808 697 852 etiam
723 821 849 852 error
873 806 1105 852 Priscillae
1132 808 1317 866 (Euseb.
1345 808 1503 867 quinto
1531 809 1644 852 Hist.
1674 824 1712 855 c.
1745 810 1833 867 13.)
1860 819 1905 854 et
1924 809 2059 853 Mon-

101 874 197 920 tani
205 872 462 934 (Epiphan.
485 876 649 933 primo,
674 885 705 919 t.
731 875 808 919 111.
834 874 955 919 haer.
982 874 1091 930 48.,)
1119 875 1193 933 qui
1220 874 1430 919 dicebant
1455 875 1701 933 prophetas
1725 885 1963 934 tamquam
1992 890 2058 920 ar·

61 996 66 1003 ι
103 942 307 1001 reptitios
334 955 428 986 non
450 941 724 986 intellexisse
746 955 862 1001 quae
884 940 1199 1000 loquebantur,
1218 942 1338 1001 quod
1358 941 1537 985 divinae
1559 942 1826 987 revelationi
1841 956 1936 987 non
1956 956 2064 987 con-

103 1008 237 1096 gruit,
262 1008 512 1053 secundum
539 1022 677 1068 quam
704 1017 832 1052 mens
858 1004 1148 1067 principalius
1174 1007 1467 1052 illuminatur.

166 1076 247 1120 Ῑιι
272 1074 531 1135 praemissis
564 1085 717 1119 autem
749 1074 920 1134 gratiae
952 1073 1186 1119 effectibus
1220 1073 1563 1119 consideranda
1580 1084 1649 1119 est
1679 1075 1908 1134 quaedam
1940 1075 2062 1120 diffe·

102 1124 261 1188 tentia.
285 1141 422 1197 Nam,
449 1142 533 1186 etsi
558 1141 768 1187 omnibus
795 1141 967 1201 grati-ae
992 1153 1166 1185 nomen
1189 1151 1436 1200 competat,
1458 1141 1563 1200 quia
1585 1142 1723 1200 gratis
1746 1143 1914 1201 absque
1935 1156 2060 1201 prae-

103 1204 282 1254 cedenti
306 1209 470 1262 merito
498 1207 805 1266 conferuntur,
831 1207 955 1253 solus
975 1217 1132 1252 tamen
1158 1208 1416 1254 dilectionis
1447 1207 1635 1252 effectus
1665 1207 1853 1253 ulterius
1884 1222 2056 1253 nomen

104 1275 278 1335 gratiae
289 1276 493 1321 meretur
507 1277 562 1321 elx
578 1276 669 1332 hoc
686 1263 808 1335 qnod
830 1285 1009 1335 gratum
1030 1275 1134 1319 Deo
1151 1274 1286 1329 facit;
1309 1275 1473 1319 dicitur
1494 1275 1616 1319 enim
1635 1274 1791 1332 (Prov.
1810 1275 1932 1320 VIII.
1956 1288 2022 1332 17.
2025 1275 2061 1332 ):

103 1341 206 1410 Ego
216 1342 433 1409 diligentes
452 1358 516 1388 me
541 1343 679 1402 diligo.
707 1343 843 1387 Unde
868 1342 994 1396 fides,
1020 1352 1063 1386 et
1085 1355 1201 1401 spes,
1224 1351 1270 1387 et
1292 1342 1381 1386 alia
1406 1337 1523 1418 quae
1549 1342 1606 1386 ad
1632 1341 1771 1386 finem
1799 1343 2064 1387 ordinantur

102 1416 295 1488 possunt
319 1419 418 1454 esse
442 1410 489 1453 in
516 1410 844 1469 peccatoribus,
863 1409 939 1469 qui
955 1422 1047 1453 non
1075 1419 1178 1453 sunt
1195 1408 1304 1455 1)εο
1327 1409 1467 1467 grati3
1493 1408 1594 1453 sola
1616 1418 1770 1453 autem
1791 1408 1977 1454 dilectio
1996 1418 2065 1454 est

104 1474 354 1540 proprium
374 1476 547 1521 donum
573 1478 814 1535 justorum,
829 1477 935 1536 quia
952 1477 1026 1535 qui
1040 1481 1176 1520 manet
1196 1478 1241 1519 in
1263 1477 1454 1530 caritate,
1478 1478 1522 1520 in
1540 1476 1632 1520 Deo
1649 1478 1801 1531 manet,
1824 1482 1860 1521 et
1880 1477 2033 1521 Deus
2017 1491 2062 1520 m

101 1556 163 1598 eo,
191 1552 242 1588 ut
266 1542 429 1595 dicitur
454 1542 510 1601 (Ι.
530 1542 693 1601 Joann.
720 1542 798 1588 IV.
832 1540 934 1599 16..)

130 1628 133 1629 ⁷
189 1608 281 1655 Est
295 1620 448 1655 autem
475 1619 520 1654 et
546 1609 634 1654 alia
656 1609 942 1654 differentia'
931 1623 978 1653 ιιι
1005 1596 1244 1668 praedictis
1260 1608 1494 1653 effectibus
1519 1609 1692 1668 gratiae
1711 1609 2060 1654 consideranda.

106 1676 242 1728 Nam
260 1676 445 1741 quidam
472 1691 632 1721 eorum
668 1686 772 1721 sunt
805 1676 860 1720 ad
896 1685 1041 1720 totam
1066 1676 1208 1720 vitam
1244 1676 1446 1720 hominis
1477 1676 1736 1730 necessarii,
1771 1684 1927 1752 utpote
1963 1677 2060 1721 sine

101 1743 267 1804 quibus
285 1743 406 1790 salus
423 1759 522 1790 esse
542 1757 637 1788 non
658 1754 821 1803 potest,
844 1743 960 1788 sicut
981 1744 1177 1797 credere,
1196 1757 1391 1802 sperare,
1413 1742 1617 1802 diligere,
1634 1753 1678 1787 et
1699 1743 1952 1802 praeceptis
1969 1743 2060 1787 Dei

101 1812 309 1866 obedire;
338 1823 383 1856 et
409 1811 464 1856 ad
490 1812 577 1856 hos
603 1810 791 1856 effeetus
818 1824 1006 1855 necesse
1032 1820 1101 1854 est
1125 1810 1380 1854 habituales
1406 1810 1626 1869 quasdam
1653 1809 1956 1867 perfectiones
1980 1809 2062 1854 ho-

105 1868 337 1923 minibus
325 1891 490 1932 messe,
515 1888 565 1923 ut
590 1877 839 1922 secundum
865 1891 940 1921 eas
964 1890 1098 1934 agere
1121 1878 1293 1934 possint
1310 1891 1450 1935 quum
1466 1876 1600 1920 fuerit
1621 1886 1816 1935 tempus.
1839 1876 1934 1920 Alii
1950 1890 2059 1920 vero

101 1944 294 1990 effectus
321 1947 426 1989 sunt
446 1944 709 1998 necessarii,-
730 1958 823 1988 non
849 1958 929 2003 per
953 1953 1098 1987 totam
1121 1944 1277 1997 vitam,
1301 1944 1378 1987 sed
1402 1943 1536 1988 certis
1560 1943 1842 2001 temporibus
1866 1953 1910 1987 et
1926 1942 2064 1998 locis,

101 2012 219 2057 s1cut
234 2010 383 2056 facere
401 2011 636 2064 miracula,
659 2011 974 2070 praenuntiare
995 2009 1158 2065 futura,
1175 2020 1221 2054 et
1236 2011 1523 2068 hujusmodi3
1546 2020 1590 2054 et
1607 2011 1661 2053 ad
1680 2011 1767 2053 hos
1786 2024 1880 2054 non
1899 2010 2061 2054 dantur

104 2077 359 2124 habituales
383 2075 700 2138 perfectiones,
717 2077 794 2121 sed
811 2077 1133 2136 impressiones
1160 2077 1384 2136 quaedam
1412 2077 1524 2120 fiunt
1542 2091 1565 2119 a
1584 2078 1703 2130 Deo,
1721 2090 1837 2135 quae
1865 2087 2059 2132 cessant,

105 2155 210 2190 actu
237 2154 467 2199 cessant-23
495 2154 539 2188 et
563 2158 640 2189 eas
667 2154 847 2202 oportet
877 2143 1027 2187 iterari
1060 2150 1201 2203 quum
1234 2153 1359 2187 actus
1392 2145 1542 2187 iterari
1567 2143 1700 2187 fuerit
1726 2153 2062 2202 opportunum;

101 2213 219 2257 sicut
237 2208 500 2273 prophetae,
525 2210 572 2255 in
599 2210 797 2270 qualibet
821 2210 1113 2263 revelatione,
1138 2224 1262 2254 novo
1288 2210 1460 2254 lumine
1485 2210 1779 2263 illustrantur,
1802 2221 1860 2264 et,
1882 2211 1929 2254 in
1955 2225 2064 2270 qua·

99 2278 210 2324 libet
220 2277 545 2324 miraculorum
560 2279 1037 2338 operatione,·oportet
1054 2277 1210 2322 adesse
1228 2291 1399 2322 novam
1416 2277 1669 2322 efficaciam
1682 2278 1860 2322 divinae
1872 2278 2062 2323 virtutis.

841 2453 1096 2512 CAPUT
1133 2454 1327 2511 CLVI.

98 2560 259 2634 QUOD
284 2587 443 2628 HOMO
468 2589 699 2629 INDIGET
725 2589 920 2628 DIVINO
947 2589 1176 2628 AUXILIO
1204 2590 1279 2628 AD
1306 2566 1775 2629 PERSEVERANDUM
1795 2590 1852 2629 IN
1878 2589 2048 2630 BONO.

722 2690 856 2753 (1-11.
897 2678 1048 2749 quaest.
1084 2689 1196 2735 CIX.
1236 2697 1317 2736 art.
1350 2691 1453 2748 10.).

184 2798 364 2857 Indiget
379 2798 516 2842 etiam
532 2799 678 2843 homo
697 2798 875 2844 divinae
893 2800 1065 2858 gratiae
1084 2799 1251 2844 auxilio
1270 2801 1325 2844 ad
1341 2801 1433 2844 hoc
1451 2801 1573 2860 quod
1591 2811 1848 2859 perseveret
1858 2802 1906 2844 in
1916 2801 2059 2847 bono.

187 2865 343 2910 Omne
368 2866 490 2909 enim
517 2865 637 2924 quod
664 2866 719 2909 de
746 2879 793 2909 se
820 2876 889 2910 est
911 2866 1143 2921 variabile,
1171 2867 1226 2910 ad
1252 2867 1343 2911 hoc
1367 2868 1488 2926 quod
1512 2867 1675 2926 figatur
1690 2868 1737 2911 in
1755 2882 1864 2922 uno,
1884 2868 2058 2927 indiget

99 2931 267 2976 auxilio
294 2931 483 2990 alicujus
502 2931 736 2976 moventis
761 2933 1027 2977 immobilis.
1054 2934 1211 2977 Homo
1239 2944 1391 2978 autem
1414 2934 1642 2980 variabilis
1669 2944 1748 2988 est,
1777 2945 1821 2978 et
1846 2934 1902 2979 de
1929 2935 2054 2980 malo

95 3000 142 3043 in
167 2999 355 3052 bonum,
377 3007 422 3043 et
437 2999 493 3042 de
518 2999 643 3043 bono
668 2999 714 3042 in
741 3000 928 3043 malum.
956 3000 1030 3043 Ad
1055 2999 1145 3043 hoc
1172 3000 1309 3059 igitur
1333 3001 1456 3059 quod
1481 3001 1778 3046 immobiliter
1799 3012 2059 3060 perseveret

95 3067 142 3110 in
168 3067 308 3120 bono,
335 3065 455 3124 quod
483 3075 550 3109 est
574 3079 876 3125 perseverare,
903 3066 1076 3125 indiget
1101 3067 1268 3110 auxilio
1292 3068 1460 3112 divino.

184 3132 372 3177 Adhuc:
401 3131 456 3177 ad
481 3132 593 3176 illud
619 3132 742 3191 quod
776 3133 953 3177 excedit
982 3134 1100 3177 vires
1130 3133 1263 3177 liberi
1295 3134 1464 3178 arbitrii
1495 3134 1667 3192 indiget
1702 3134 1848 3179 homo
1886 3134 2054 3178 auxilio

96 3198 281 3244 divinae·
303 3198 487 3257 gratiae.
525 3198 615 3243 Sed
641 3199 782 3243 virtus
807 3198 936 3243 liberi
962 3200 1132 3243 arbitrii
1161 3213 1253 3243 non
1287 3214 1335 3244 se
1367 3201 1567 3245 extendit
1604 3201 1659 3244 ad
1690 3200 1813 3248 hunc
1841 3200 2053 3245 effectum

95 3267 174 3326 qui
204 3275 272 3310 est
301 3278 588 3324 perseverare
623 3265 817 3309 finaliter
847 3266 892 3309 in
925 3266 1074 3319 bono;
1108 3266 1229 3324 quod
1262 3267 1325 3310 sic
1358 3277 1501 3326 patet:
1535 3267 1742 3311 Potestas
1770 3269 1892 3312 enim
1925 3267 2055 3311 liberi

95 3331 264 3376 arbitrii
290 3341 359 3375 est
382 3340 589 3389 respectu
616 3345 775 3375 eorum
797 3345 912 3390 quae
938 3332 1020 3375 sub
1050 3331 1275 3376 electione
1308 3333 1495 3386 cadunt3
1529 3333 1651 3391 quod
1685 3344 1837 3377 autem
1875 3333 2055 3391 eligitur

94 3408 163 3459 est
187 3396 371 3458 aliquod
402 3396 671 3456 particulare
704 3398 949 3456 operabile,
981 3397 1251 3457 particulare
1284 3409 1437 3444 autem
1470 3399 1700 3457 operabile
1733 3410 1800 3443 est
1832 3399 1953 3457 quod
1987 3409 2055 3444 est

94 3465 170 3510 hic
196 3472 410 3518 etnunc3
436 3463 558 3523 quod
584 3464 720 3523 igitur
746 3465 867 3509 cadit
891 3465 971 3509 sub
995 3475 1218 3523 potestate
1240 3464 1368 3510 liberi
1391 3466 1560 3510 arbitrii
1582 3474 1648 3510 est
1671 3465 1838 3524 aliquid
1861 3475 1911 3510 ut
1930 3480 2052 3520 nunc

97 3530 404 3591 operandum3
429 3543 717 3589 perseverare
745 3541 897 3576 autem
922 3545 1017 3576 non
1044 3532 1152 3576 dicit
1174 3531 1341 3591 aliquid
1364 3542 1414 3578 ut
1437 3546 1558 3577 nunc
1582 3531 1827 3591 operabile,
1849 3532 1926 3586 sed
1951 3533 2055 3577 con·

234 3634 271 3668 S.
297 3633 450 3668 Τιιοκη
478 3633 609 3688 Summa
634 3640 741 3667 contra
769 3633 922 3668 Gentiles.
1925 3646 1963 3679 34
