2332 3854
232 194 342 263 446
919 208 1075 248 LIBER
1111 208 1190 247 111.
1231 209 1352 248 CAP.
1391 209 1507 257 2111.

321 309 462 363 Quod
494 320 646 355 autem
687 311 742 355 de
773 311 1073 355 fascinatione
1105 310 1290 366 inducit,
1322 326 1417 356 non
1458 307 1640 358 ob’hoc
1682 315 1859 370 accidit,
1893 316 1998 374 quia
2028 329 2184 376 appre-

228 378 391 422 hensio
424 378 555 422 unius
587 379 851 422 immediate
883 378 1097 422 immutat
1128 392 1293 437 corpus
1327 378 1523 438 alterius,
1555 381 1636 426 sed
1661 382 1768 440 quia
1799 383 2029 428 mediante
2055 393 2185 429 motu

230 445 380 489 cordis
411 445 624 489 immutat
650 459 813 502 corpus
849 446 1159 502 conjunctum,
1193 446 1325 515 quus
1352 445 1612 496 immutatio
1642 451 1847 524 pervenit
1887 450 1942 493 ad
1983 449 2185 506 0311111111,

230 525 256 555 3
282 525 372 570 quo
405 511 529 556 infici
560 521 708 570 potest
741 510 908 569 aliquid
941 510 1259 565 extrinsecum,
1291 513 1533 571 praecipue
1565 514 1603 558 si
1634 515 1691 558 sit
1721 514 1855 560 facile
1886 516 2185 571 immutabile,

228 578 344 623 sicut
375 579 513 622 etiam
546 577 705 621 oculus
738 587 1047 623 menstruatae
1077 577 1220 623 inficit
1251 579 1926 640 speculum..

319 640 576 688 Substantia
607 644 743 702 igitur
773 642 1016 702 spiritualis
1049 654 1221 691 creata
1231 646 1415 704 propria
1445 646 1609 695 virtute
1641 647 1816 697 nullam
1837 644 2035 693 formam
2060 610 2187 695 111ἓῦ-

229 726 331 756 cere
358 721 506 786 potest
536 711 582 753 in
615 710 854 754 materiam
887 710 1189 769 corporalem,
1212 712 1351 790 quasi
1382 713 1572 757 materia
1605 714 1661 757 ad
1692 714 1784 759 hoc
1816 714 1900 759 sibi
1930 715 2184 771 obediente,

228 789 276 822 ut
309 787 436 822 exeat
467 778 513 819 in
547 786 699 820 actum
732 776 922 834 alicujus
955 777 1147 831 formae,
1178 778 1265 826 nisi
1305 793 1385 838 per
1418 789 1598 828 motum
1629 780 1829 825 localem
1861 781 2050 840 alicujus
2091 795 2185 828 cor-

227 845 362 903 poris.
395 844 475 887 Est
501 843 625 887 enim
646 844 737 887 hoc
759 844 805 897 in
828 844 992 888 virtute
1014 844 1289 890 substantiae
1322 846 1566 904 spiritualis
1593 857 1787 902 creatae,
1812 858 1862 892 ut
1891 862 2056 908 corpus
2081 849 2185 894 obe-

227 911 319 954 diat
340 911 425 954 sibi
447 910 502 953 ad
525 920 706 954 motum
726 909 953 965 localem;
979 911 1211 956 movendo
1239 921 1391 956 autem
1417 912 1625 957 localiter
1649 914 1834 973 aliquod
1852 915 2181 975 carpum-:adhi-

225 978 330 1021 bere
361 986 510 1035 potest
541 976 690 1035 aliqua
721 976 985 1022 naturaliter
1017 978 1165 1022 activa
1197 978 1254 1022 ad
1286 977 1473 1024 effectus
1501 979 1678 1038 aliquos
1709 981 2042 1039 producendos,
2066 982 2184 1029 313111

228 1058 298 1088 313
340 1043 511 1087 fabrilis
551 1043 736 1088 adhibet
775 1043 933 1102 ignem
975 1044 1032 1088 ad
1074 1044 1475 1091 mollificationem
1506 1045 1624 1092 ferri.
1665 1047 1768 1093 Hoc
1801 1057 1955 1097 autem
1987 1062 2103 1095 non
2115 1058 2184 1096 est

227 1110 552 1155 miraculosum
596 1111 775 1169 proprie
816 1109 1064 1169 loquendo.
1110 1111 1244 1166 Unde
1286 1111 1554 1170 relinquitur
1584 1113 1707 1172 quod
1746 1114 2025 1162 substantiae
2059 1114 2185 1175 apim-

226 1177 369 1223 tuales
403 1187 579 1222 creatae
610 1191 705 1222 non
735 1176 908 1222 faciant
932 1177 1157 1222 miracula
1186 1178 1370 1237 propria
1401 1179 1580 1226 virtute.

313 1245 433 1290 Dico
461 1254 614 1289 autem
645 1244 828 1322 propria
859 1244 1037 1299 virtute,
1081 1245 1186 1303 quia
1211 1244 1328 1290 nihil
1358 1245 1570 1304 prohibet
1590 1246 1869 1306 huiusmodi
1886 1247 2182 1304 substantias,

224 1313 271 1357 in
302 1322 522 1371 quantum
555 1321 696 1371 agunt
725 1313 773 1356 in
805 1313 969 1356 virtute
1002 1311 1171 1366 divina,
1201 1311 1422 1357 miracula
1452 1311 1626 1358 facere:
1660 1314 1783 1373 quod
1819 1314 1965 1360 etiam
2005 1321 2059 1361 33
2086 1314 2183 1363 hoo

224 1380 400 1423 videtur
431 1378 555 1438 quod
581 1393 696 1423 unus
719 1378 833 1423 ordo
852 1378 1124 1436 angelorum
1150 1378 1404 1438 specialiter
1434 1378 1687 1438 deputatur,
1713 1389 1763 1426 ut
1786 1380 2052 1440 Gregorius
2059 1381 2182 1436 diat,

226 1447 282 1490 ad
313 1445 535 1490 miracula
565 1445 788 1500 facienda,
810 1445 889 1504 qui
919 1446 1059 1491 etiam
1090 1445 1214 1499 dicit,
1245 1445 1379 1509 quod
1402 1446 1587 1504 quidam
1618 1449 1764 1493 sancti
1801 1447 2028 1538 miracula
2050 1448 2183 1528 inter-

226 1514 335 1557 dum
363 1513 536 1557 faciunt
562 1527 617 1557 ex
647 1522 886 1571 potestate,
917 1526 1013 1556 non
1043 1511 1199 1557 solum
1229 1526 1284 1556 ex
1315 1512 1878 1560 intercessione.
2016 1544 2018 1546 -

315 1578 713 1624 Considerandum
742 1589 898 1624 tamen
931 1588 1014 1632 est,
1045 1578 1168 1637 quod
1201 1593 1308 1623 cum
1337 1593 1411 1623 res
1444 1579 1617 1640 aliquas
1647 1541 1994 1636 3311113133μ31
2006 1583 2182 1642 angult,

224 1646 299 1691 vel
330 1647 580 1691 daemones
606 1645 851 1693 adhibeant
883 1645 939 1691 ad
973 1644 1150 1704 aliquos
1183 1645 1509 1693 determinatos
1537 1646 1746 1701 effectus,
1758 1656 1949 1695 munniz·
1966 1650 2184 1709 eisquaoi

224 1714 533 1758 instrumentis
560 1713 845 1772 quibusdam,
872 1712 989 1757 sicut
1005 1712 1210 1757 medicus
1227 1712 1365 1757 utitur
1386 1722 1435 1756 ut
1459 1713 1768 1759 instrumentis
1788 1715 2019 1775 aliquibus
2031 1716 2183 1764 herbis
2208 1726 2213 1728 “

226 1781 282 1824 ad
315 1781 583 1825 sanandum.
610 1780 677 1824 Ex
710 1781 1010 1824 instrumento
1044 1789 1196 1825 autem
1227 1780 1434 1837 procedit
1463 1794 1557 1824 non
1589 1780 1740 1825 solum
1760 1795 1874 1827 suae
1903 1783 2182 1831 maurinom·

225 1847 504 1906 respondens
536 1845 739 1900 effectus,
769 1847 848 1890 sed
881 1846 1021 1891 etiam
1046 1845 1214 1904 aliquid
1240 1845 1357 1891 ultra
1382 1847 1614 1905 propriam
1635 1848 1864 1903 virtutem,
1877 1849 1935 1895 :in
1961 1858 2181 1909 qnantum

226 1915 319 1973 agit
349 1915 396 1958 in
437 1914 599 1958 virtute
640 1913 901 1972 principalis
934 1915 1139 1971 agentisz
1173 1927 1295 1957 serra
1328 1913 1466 1967 enim,
1507 1924 1585 1959 aut
1615 1915 1784 1960 securis
1812 1929 1910 1962 nou
1938 1917 2182 1977 potesta&-

226 1996 327 2025 cere
360 1981 544 2034 lectum,
577 1979 665 2024 nisi
695 1980 743 2023 in
776 1989 996 2038 quantum
1030 1989 1170 2037 agunt
1200 1988 1249 2023 ut
1281 1989 1435 2024 motae
1468 1981 1521 2024 ab
1557 1991 1651 2026 arte
1692 1982 1749 2026 ad
1779 1982 1922 2029 talem
1947 1982 2181 2039 effectum,

223 2063 307 2092 nec
343 2047 467 2092 calor
492 2046 710 2091 naturalis
742 2056 898 2105 posset
930 2060 1116 2090 carnem
1150 2060 1370 2104 generare
1395 2047 1484 2092 nisi
1507 2047 1670 2092 virtute
1697 2049 1877 2097 animae
1900 2049 2182 2109 vegetabilis,

223 2129 339 2192 quae
371 2115 509 2159 utitur
540 2114 641 2172 ipso
673 2113 802 2172 quasi
834 2114 1035 2189 quodam
1066 2113 1383 2158 instrumento.
1420 2114 1711 2160 Conveniens
1742 2126 1812 2161 est
1830 2116 1970 2175 igitur
1986 2117 2183 2176 quodex

220 2182 329 2241 ipsis
360 2182 492 2225 rebus
523 2179 802 2224 naturalibus
834 2180 1107 2238 proveniant
1139 2179 1279 2256 aliqui
1309 2179 1494 2225 altiores
1528 2180 1716 2227 effectus
1741 2196 1795 2227 ex
1825 2182 1918 2227 hoc
1949 2184 2075 2243 quod
2093 2184 2183 2284 spi·

222 2248 406 2293 rituales
439 2247 716 2292 substantiae
742 2247 807 2291 eis
839 2257 1025 2292 utuntur
1057 2248 1184 2306 quasi
1215 2247 1527 2292 instrumentis
1560 2249 1845 2306 quibusda-m

311 2316 388 2361 Sic
410 2329 535 2374 ergo,
527 2314 666 2359 'licet
694 2313 807 2358 tales
839 2313 1028 2358 effectus
1061 2313 1327 2372 simpliciter
1359 2313 1581 2359 miracula
1613 2315 1704 2359 dici
1732 2330 1830 2361 non
1860 2316 2063 2375 possim,
2074 2318 2181 2377 quia

222 2397 276 2426 ex
314 2381 596 2426 naturalibus
638 2381 786 2425 causis
818 2381 1108 2439 proveniunt,
1142 2380 1370 2425 mirabiles
1402 2391 1559 2426 tamen
1588 2383 1721 2426 nobis
1752 2383 2014 2429 redduntur*
2039 2383 2181 2443 dupli-

223 2450 345 2493 citer.
380 2449 487 2493 Uno
521 2448 677 2502 modo,
711 2462 766 2491 ex
790 2448 882 2492 hoc
907 2447 1028 2506 quod
1050 2461 1130 2506 per
1151 2447 1405 2507 spirituales
1423 2448 1695 2494 substantias
1710 2446 2021 2496 'talesrcausae
2036 2452 2179 2497 modo

220 2516 354 2560 nobis
377 2516 649 2560 inconsueto
677 2515 731 2559 ad
759 2514 946 2559 effectus
978 2514 1187 2573 proprios
1215 2524 1531 2573 apponuntur:
1559 2517 1679 2560 unde
1703 2516 2048 2575 ingeniosorum
2078 2519 2180 2563 arti·

222 2583 362 2627 ficum
394 2596 533 2642 opera
565 2582 682 2626 mira
712 2582 974 2634 redduntur,
1001 2595 1107 2626 cum
1131 2582 1184 2625 ab
1212 2581 1311 2626 aliis
1327 2596 1423 2626 non
1443 2583 1688 2642 percipitur
1713 2583 1904 2642 qualiter
1918 2595 2178 2644 operantur.

221 2650 327 2694 Alio
355 2650 512 2703 modo,
543 2663 599 2693 ex
628 2650 719 2692 hoc
753 2649 875 2707 quod
909 2662 1072 2692 causae
1095 2648 1324 2693 naturales
1348 2649 1582 2707 appositae
1599 2651 1655 2694 ad
1673 2649 1860 2695 effectus
1882 2651 2073 2711 aliquos
2077 2666 2179 2712 pro·

221 2717 471 2770 ducendos,
499 2716 668 2775 aliquid
688 2716 864 2760 virtutis
897 2716 1143 2760 sortiuntur
1171 2729 1225 2759 ex
1250 2716 1341 2760 hoc
1375 2717 1498 2775 quod
1524 2727 1629 2761 sunt
1652 2717 1954 2764 instrumenta
1974 2720 2178 2778 episima*

220 2784 334 2829 lium
366 2784 741 2829 substantiarum:
775 2793 820 2827 et
849 2783 940 2827 hoc
967 2783 1115 2841 magis
1139 2783 1315 2828 accedit
1347 2783 1404 2827 ad
1434 2784 1662 2829 rationem
1693 2784 1914 2830 miraculi.
2010 2792 2013 2795 ’

974 2983 1228 3041 CAPUT
1272 2983 1417 3039 CIV.

346 3119 506 3166 QUOD
542 3119 719 3159 OPERA
751 3118 1026 3158 MAGORUM
1057 3119 1174 3159 NON
1207 3118 1350 3158 SUNT
1384 3118 1570 3158 SOLUM
1595 3119 1667 3159 EX
1698 3121 2085 3163 IMPRESSIONE

843 3193 1197 3232 COELESTIUM
1237 3193 1555 3232 CORPORUM.
2085 3215 2088 3223 ›
2132 3199 2137 3212 ⁸

305 3313 503 3357 Fuerunt
535 3321 688 3357 autem
711 3313 897 3371 quidam
923 3312 1139 3366 dicentes,
1171 3311 1294 3371 quod
1320 3311 1587 3370 hujusmodi
1616 3327 1755 3372 opera
1778 3314 1913 3363 nobis
1935 3281 2175 3371 mirabilia.

216 3394 332 3438 quae
366 3394 445 3437 per
478 3389 594 3424 artes
617 3381 821 3437 magicas
849 3378 975 3432 fiunt,
997 3393 1090 3423 non
1117 3378 1171 3422 ab
1195 3378 1415 3438 aliquibus
1444 3380 1745 3438 spiritualibus
1762 3379 2173 3436 substantiisfiunt.

216 3446 294 3490 sed
329 3460 382 3490 ex
414 3446 577 3491 virtute
612 3445 881 3491 coelestium
908 3459 1169 3504 corporum.
1204 3445 1349 3504 Cujus
1379 3446 1562 3504 signum
1594 3447 1770 3495 videtur
1800 3448 1923 3507 quod
1957 3447 2173 3502 abeam-⁵

219 3512 422 3557 centibus
454 3513 718 3571 hujusmodi
750 3526 890 3571 opera
937 3511 1171 3558 stellarum
1205 3521 1354 3557 certus
1386 3513 1498 3558 situs
1530 3514 1855 3563 consideratur.
1885 3512 2172 3565 Adhibentur

223 3578 359 3622 etiam
393 3580 616 3637 quaedam
647 3579 906 3638 herbarum,
939 3589 984 3624 et
1017 3578 1207 3624 aliarum
1241 3579 1549 3639 corporalium
1581 3594 1731 3627 rerum
1765 3579 1944 3635 auxilia,
1968 3580 2170 3640 qumod
