2332 3854
760 233 914 272 Lmen
953 232 1010 272 11.
1051 232 1171 272 cAP.
1212 232 1434 271 Lxxxtv.
1969 233 2071 287 255

801 420 1056 477 CAPUT
1084 420 1392 477 LXXXIV.

255 557 498 596 SOLUTIO
532 556 821 597 RATIONUM
855 556 1082 596 CONTRA
1107 556 1448 596 SUPERIOREM
1481 554 1931 595 CONCLUSIONEM.

205 663 425 711 Rationes
452 675 605 710 autem
630 665 790 724 quibus
809 664 1023 724 probatur
1041 664 1216 709 animas
1244 664 1297 708 ab
1325 674 1509 709 aeterno
1535 662 1672 709 fuisse
1693 662 1767 708 vel
1788 663 1951 709 saltem
1980 678 2076 710 cor-

118 733 303 794 poribus
330 732 675 790 praeexstitisse,
700 730 833 776 facile
862 740 929 775 est
954 730 1144 775 solvere.

207 799 347 852 Quod
379 799 502 843 enim
528 800 674 858 primo
700 798 875 852 dicitur,
904 798 1106 842 animam
1137 798 1304 842 habere
1339 800 1551 843 virtutem
1580 808 1628 843 ut
1658 798 1714 844 sit
1740 812 1934 857 semper,
1971 813 2075 844 con-

118 866 216 912 cedi
249 876 442 926 oportet.
476 865 567 910 Sed
593 865 828 910 sciendum
855 866 976 924 quod
1003 866 1142 909 virtus
1178 875 1222 910 et
1252 866 1456 924 potentia
1488 866 1552 910 rei
1578 879 1672 910 non
1704 879 1753 911 se
1787 867 1986 911 extendit
2018 867 2074 911 ad

115 932 161 979 id
186 932 308 992 quod
332 931 428 987 fuit,
454 931 533 977 sed
560 932 616 976 ad
642 933 688 976 id
713 932 835 991 quod
862 943 942 986 est,
969 932 1042 976 vel
1084 932 1190 986 erit;
1218 933 1335 976 unde
1370 942 1414 976 et
1444 933 1489 976 in
1523 932 1772 991 praeteritis
1799 932 2073 991 possibilitas

115 998 271 1045 locum
297 1013 390 1044 non
415 999 563 1044 habet.
589 999 697 1043 Non
724 1000 872 1057 igitur,
900 1013 952 1043 ex
979 999 1069 1043 hoc
1093 999 1215 1058 quod
1244 1001 1396 1043 anima
1419 999 1557 1043 habet
1579 1000 1791 1044 virtutem
1812 1009 1860 1045 ut
1881 1000 1939 1045 sit
1960 1014 2075 1045 sem·

68 1109 73 1116 ,
115 1081 209 1127 per,
235 1075 384 1125 potest
409 1065 621 1110 concludi
647 1066 769 1125 quod
796 1080 976 1125 semper
1001 1065 1148 1119 fuerit,
1174 1066 1252 1110 sed
1282 1066 1403 1124 quod
1431 1079 1611 1123 semper
1637 1066 1732 1110 erit.

204 1133 466 1178 Praeterea:
494 1146 550 1176 ex
573 1132 735 1177 virtute
758 1146 851 1176 non
878 1134 1080 1191 sequitur
1106 1132 1151 1176 id
1179 1132 1234 1176 ad
1262 1132 1384 1192 quod
1417 1142 1485 1176 est
1509 1132 1663 1186 virtus,
1691 1133 1778 1177 nisi
1803 1147 2076 1192 praesuppo-

114 1200 200 1246 sita
223 1199 400 1244 virtute.
429 1198 653 1251 Quamvis
680 1199 815 1258 igitur
837 1199 989 1243 anima
1012 1199 1175 1243 habeat
1199 1199 1412 1243 virtutem
1439 1208 1488 1243 ut
1513 1199 1568 1243 sit
1585 1213 1776 1257 semper,
1802 1214 1896 1244 non
1919 1210 2075 1245 tamen

115 1276 266 1328 potest
291 1265 502 1311 concludi
525 1266 646 1326 quod
665 1266 818 1310 anima
840 1266 897 1310 sit
921 1280 1114 1325 semper,
1141 1266 1226 1310 nisi
1243 1276 1488 1325 postquam
1509 1266 1627 1309 hanc
1646 1266 1860 1311 virtutem
1886 1268 2075 1327 accepit.

117 1333 167 1379 Si
193 1343 345 1378 autem
370 1343 576 1377 sumatur
602 1332 724 1392 quod
751 1332 869 1377 hanc
901 1333 1115 1377 virtutem
1149 1333 1202 1376 ab
1237 1343 1422 1377 aeterno
1455 1333 1677 1387 habuerit,
1705 1333 1789 1378 erit
1813 1334 2004 1393 petitum
2029 1333 2076 1381 id

114 1400 238 1461 quod
264 1400 489 1458 oportebit
514 1400 710 1459 probari,
736 1399 910 1444 scilicet
936 1399 1057 1458 quod
1084 1399 1219 1444 fuerit
1241 1400 1294 1443 ab
1324 1410 1524 1444 aeterno.

205 1466 345 1520 Quod
371 1481 480 1511 vero
507 1467 716 1525 objicitur
742 1466 797 1511 de
822 1467 1087 1511 aeternitate
1113 1467 1312 1510 veritatis
1336 1481 1472 1525 quam
1498 1465 1712 1526 intelligit
1734 1467 1906 1522 anima,
1934 1468 2078 1512 consi·

115 1534 272 1580 derare
298 1543 479 1592 oportet
506 1534 628 1592 quod
649 1532 906 1577 intellectae
933 1533 1134 1577 veritatis
1152 1533 1392 1577 aeternitas
1418 1543 1568 1591 potest
1591 1533 1785 1593 intelligi
1811 1534 2073 1593 dupliciter:

115 1615 207 1646 uno
234 1600 391 1655 mod0,
418 1595 638 1659 quantum
665 1599 720 1644 ad
742 1600 786 1643 id
809 1599 930 1659 quod
948 1599 1238 1658 intelligitur3
1266 1599 1355 1643 alio
1383 1600 1542 1654 modo,
1573 1610 1793 1658 quantum
1820 1601 1876 1645 ad
1908 1601 1954 1645 id
1981 1616 2072 1660 quo

113 1667 390 1727 intelligitur.
409 1667 465 1711 Et
487 1667 525 1711 si
551 1667 735 1726 quidem
760 1668 924 1711 veritas
950 1666 1180 1711 intellecta
1208 1667 1263 1710 sit
1285 1677 1467 1711 aeterna
1493 1677 1714 1726 quantum
1736 1667 1791 1711 ad
1805 1667 1851 1711 id
1869 1669 1991 1727 quod
2009 1669 2074 1712 in-

112 1734 342 1794 telligitur,
367 1743 578 1793 sequetur
601 1733 841 1778 aeternitas
862 1734 925 1777 rei
943 1747 1059 1792 quae
1085 1732 1366 1792 intelligitur,
1393 1747 1487 1778 non
1515 1744 1666 1778 autem
1693 1734 2000 1794 intelligentis.
2025 1735 2076 1780 Si

114 1811 266 1846 autem
288 1801 452 1845 veritas
477 1799 708 1844 intellecta
742 1800 798 1844 sit
832 1810 1015 1844 aeterna
1036 1811 1257 1859 quantum
1285 1801 1340 1844 ad
1368 1800 1411 1844 id
1439 1815 1529 1859 quo
1556 1800 1837 1860 intelligitur,
1864 1812 2076 1861 sequetur

109 1867 440 1927 intelligentem
477 1867 676 1911 animam
710 1880 807 1911 esse
841 1877 1086 1911 aeternam.
1120 1867 1195 1911 Sic
1229 1877 1382 1911 autem
1414 1867 1579 1911 veritas
1621 1868 1851 1912 intellecta
1883 1883 1978 1913 non
2006 1879 2074 1913 est

113 1945 310 1989 aeterna,
322 1934 401 1998 sed
419 1935 566 1994 primo
594 1933 735 1978 modo
749 1948 824 1988 ;ex
837 1935 1096 1992 praemissis
1114 1934 1236 1978 enim
1259 1944 1382 1993 patet
1393 1934 1564 1993 species
1576 1934 1897 1994 intelligibiles,
1911 1936 2071 1995 quibus

114 2003 268 2046 anima
291 2011 447 2045 nostra
472 1999 684 2060 intelligit
710 2001 963 2055 veritatem,
987 2001 1042 2045 de
1064 2015 1187 2045 novo
1210 2001 1341 2045 nobis
1369 2001 1581 2046 advenire
1605 2017 1659 2046 ex
1684 2003 2074 2061 phantasmatibus

110 2082 190 2128 per
214 2067 496 2112 intellectum
523 2077 749 2125 agentem.
778 2067 911 2112 Unde
938 2082 1031 2112 non
1057 2077 1206 2127 potest
1223 2067 1436 2112 concludi
1461 2069 1583 2127 quod
1611 2070 1764 2113 anima
1790 2071 1848 2114 sit
1873 2071 2071 2126 aeterna,

113 2135 190 2181 sed
217 2135 339 2195 quod
360 2137 570 2179 veritates
598 2134 855 2179 intellectae
882 2134 1124 2179 fundentur
1149 2135 1196 2178 in
1223 2135 1376 2194 aliquo
1404 2144 1604 2179 aeterno.
1632 2136 1895 2181 Fundantur
1921 2148 2074 2182 autem

110 2203 158 2247 in
189 2203 285 2262 ipsa
317 2203 463 2262 prima
488 2202 689 2257 veritate,
716 2203 832 2246 sicut
862 2203 909 2245 in
942 2216 1079 2247 causa
1111 2202 1358 2246 universali
1391 2203 1652 2247 contentiva
1680 2198 1830 2248 omnis
1856 2205 2071 2250 veritatis.

111 2269 185 2314 Ad
210 2269 300 2314 hoc
319 2279 472 2313 autem
498 2279 731 2313 aeternum
750 2279 1039 2327 comparatur
1058 2269 1224 2323 anima,
1250 2283 1344 2312 non
1362 2270 1480 2313 sicut
1504 2270 1758 2328 subJectum
1777 2271 1830 2314 ad
1858 2270 2073 2327 formam,

110 2336 188 2381 sed
215 2335 334 2380 sicut
363 2349 434 2380 res
460 2335 517 2379 ad
542 2336 775 2395 proprium
802 2335 966 2390 finem3
993 2350 1101 2379 nam
1127 2350 1287 2380 verum
1315 2345 1382 2379 est
1408 2336 1580 2379 bonum
1607 2336 1878 2391 intellectus,
1901 2349 1946 2382 et
1970 2338 2072 2383 finis

109 2403 263 2463 ipsius.
286 2402 353 2446 Ex
372 2401 463 2447 fine
486 2411 638 2446 autem
661 2412 981 2461 argumentum
1009 2402 1215 2462 accipere
1237 2406 1480 2462 possumus
1508 2402 1563 2446 de
1589 2404 1656 2448 rei
1682 2404 1935 2459 duratione,
1957 2406 2074 2451 sicut

111 2479 157 2514 et
181 2469 236 2513 de
261 2468 391 2513 initio
418 2469 484 2513 rei
509 2469 816 2527 argumentari
842 2483 1084 2527 possumus
1111 2483 1191 2528 per
1225 2483 1411 2513 causam
1444 2478 1681 2528 agentem3
1708 2471 1830 2529 quod
1857 2472 1979 2516 enim
2006 2482 2075 2518 est

113 2535 373 2580 ordinatum
406 2535 462 2579 ad
493 2535 632 2580 finem
665 2536 1007 2595 sempiternum,
1035 2546 1217 2594 oportet
1243 2550 1340 2581 esse
1368 2551 1510 2596 capax
1536 2548 1779 2596 perpetuae
1806 2539 2070 2584 durationis.

111 2602 246 2648 Unde
267 2611 418 2662 potest
432 2603 614 2661 probari
637 2616 689 2646 ex
708 2603 973 2647 aeternitate
989 2603 1190 2647 veritatis
1215 2603 1511 2663 intelligibilis
1529 2604 1849 2650 immortalitas
1877 2607 2072 2662 animae,

91 2683 208 2725 ¹non
234 2678 387 2714 autem
414 2670 509 2727 ejus
536 2670 789 2714 aeternitas.

201 2735 342 2789 Quod
367 2751 476 2781 vero
502 2750 596 2781 non
628 2738 771 2796 possit
796 2736 976 2795 probari
1010 2750 1063 2781 ex
1095 2737 1360 2782 aeternitate
1392 2738 1584 2797 agentis,
1610 2748 1733 2797 patet
1764 2752 1819 2783 ex
1850 2739 1920 2783 his
1955 2755 2071 2799 quae

110 2817 245 2863 supra
262 2804 322 2861 (c.
344 2817 410 2863 31.
428 2813 473 2848 et
497 2805 612 2863 seq.)
635 2804 753 2847 dicta
771 2814 889 2857 sunt,
916 2818 1057 2863 quum
1075 2804 1130 2848 de
1158 2805 1420 2849 aeternitate
1440 2815 1748 2849 creaturarum
1768 2816 2071 2865 quaereretur.

201 2870 344 2923 Quod
360 2870 498 2915 etiam
513 2872 647 2914 tertio
665 2871 876 2927 objicitur
889 2871 943 2914 de
957 2871 1234 2929 perfectione
1249 2872 1461 2926 universi,
1477 2874 1793 2917 necessitatem
1810 2887 1904 2917 non
1919 2873 2069 2917 habet.

111 2937 325 2982 Universi
349 2937 471 2981 enim
504 2935 721 2994 perfectio
749 2936 992 2979 attenditur
1017 2949 1236 2993 quantum
1261 2940 1315 2983 ad
1348 2939 1538 2998 species,
1560 2954 1654 2983 non
1677 2951 1898 2998 quantum
1925 2941 1981 2984 ad
2006 2941 2069 2985 in-

22 3038 33 3061 3.
112 3003 320 3057 dividua3
351 3017 491 3062 quum
524 3002 737 3046 continue
771 3002 981 3045 universo
1008 3001 1202 3060 plurima
1234 3002 1465 3045 individua
1498 3006 1719 3049 addantur
1751 3007 2070 3060 praeexsisten-

35 3081 36 3084 ’
110 3071 225 3116 tium
238 3070 507 3130 specierum.
522 3069 718 3114 Animae
734 3078 886 3113 autem
907 3068 1135 3112 humanae
1154 3082 1246 3111 non
1259 3078 1363 3112 sunt
1373 3068 1575 3112 diversae
1593 3068 2070 3127 secundumspeciem,

111 3138 189 3182 sed
215 3137 367 3182 solum
393 3150 600 3190 numero,
627 3145 676 3180 ut
700 3135 942 3195 probatum
960 3144 1027 3179 est
1051 3136 1111 3193 (c.
1140 3139 1247 3192 75.).
1275 3134 1410 3179 Unde
1431 3147 1525 3178 non
1552 3144 1775 3193 repugnat
1800 3133 2068 3193 perfectioni

35 3201 40 3204 ⁴
110 3205 309 3249 universi
335 3205 371 3248 si
398 3203 576 3247 animae
607 3203 663 3257 de
689 3216 812 3247 novo
846 3212 1066 3247 creentur.

30 3307 36 3316 „
200 3270 265 3315 Ex
291 3285 382 3329 quo
410 3270 547 3315 etiam
571 3279 693 3329 patet
718 3269 885 3314 solutio
920 3269 974 3312 ad
1001 3269 1044 3313 id
1072 3269 1193 3328 quod
1229 3278 1391 3327 quarto
1430 3268 1653 3327 objicitur.
1689 3267 1908 3312 Similiter
1945 3268 2069 3313 enim

39 3354 41 3358 ⁴
112 3338 274 3383 dicitur
300 3337 467 3382 Genes.
500 3337 550 3390 1.,
576 3336 697 3395 quod
723 3337 848 3380 Deus
876 3337 1212 3380 consummavit
1240 3350 1379 3394 opera
1406 3350 1501 3389 sua,
1535 3346 1578 3379 et
1609 3335 1732 3394 quod
1766 3335 1987 3394 requievit
2013 3336 2067 3379 ab

37 3412 45 3446 ς
112 3405 241 3450 omni
266 3418 402 3464 opere
429 3405 552 3463 quod
577 3413 788 3462 patrarat.
815 3403 943 3447 Sicut
969 3418 1080 3462 ergo
1114 3406 1453 3447 consummatio
1480 3404 1575 3447 sive
1603 3402 1819 3462 perfectio
1848 3413 2070 3448 creatura-

36 3475 42 3519 ’ἶ
111 3486 212 3516 rum
237 3471 488 3516 secundum
519 3470 691 3529 species
718 3470 1042 3523 consideratur,
1075 3481 1120 3514 et
1151 3484 1245 3514 non
1279 3470 1530 3514 secundum
1563 3469 1809 3524 individua,
1851 3472 1913 3515 ita
1940 3468 2067 3529 quies

20 3551 32 3557 ²
114 3538 204 3583 Dei
224 3547 292 3582 est
307 3536 600 3595 intelligenda
626 3536 878 3581 secundum
904 3539 1207 3582 cessationem
1235 3550 1260 3580 a
1285 3536 1417 3580 novis
1438 3536 1674 3595 speciebus
1692 3537 1957 3592 condendis,
1974 3551 2067 3581 non

26 3618 45 3662 -ᾗ
114 3613 267 3650 autem
283 3618 309 3649 a
324 3604 456 3650 novis
474 3603 712 3648 individuis
745 3616 940 3664 quorum
956 3603 1122 3648 similia
1139 3603 1390 3648 secundum
1407 3604 1606 3662 speciem
1632 3614 1997 3664 praecesserunt3
2024 3615 2069 3650 et
