2332 3854
199 220 303 274 302
882 218 1037 256 LIBER
1077 217 1154 255 111.
1195 217 1315 256 CAP.
1360 217 1455 256 XII·

964 480 1219 537 CAPUT
1258 481 1387 537 XII.

283 628 478 675 Quon
525 625 750 664 MALUM
795 625 932 664 NON
979 624 1379 664 TOTALITER
1430 624 1767 665 consum-r
1816 612 2094 680 BONUM.v

415 738 471 795 (I.
483 742 599 796 part.
627 741 778 794 quaest.
798 734 874 778 XL
887 734 1003 779 VIII.
1027 740 1110 780 art.
1126 748 1168 792 4.
1196 740 1234 780 et
1249 734 1346 779 I-II.
1366 739 1516 800 quaest.
1540 733 1753 778 LXXXV.
1773 740 1856 780 art.
1873 734 1951 793 2.).

291 853 421 896 Patet
452 862 604 895 autem
643 865 696 895 ex
729 850 970 910 praedictis
998 850 1135 910 quod,
1162 860 1582 910 quantumcumque
1611 850 1936 927 multiplicetur
1966 849 2157 905 malum,

202 934 436 978 nunquam
463 928 613 977 potest
637 928 786 962 totum
810 918 985 961 bonum
1017 931 1300 962 consumere.
1345 918 1537 977 Semper
1573 919 1696 962 enim
1723 927 1905 977 oportet
1936 918 2059 977 quod
2084 932 2153 962 re-

203 996 386 1030 maneat
409 985 518 1028 mali
545 986 814 1042 subjectum,
841 985 879 1028 si
905 983 1080 1028 malum
1107 994 1325 1029 remanet.
1359 985 1627 1043 Subjectum
1660 994 1814 1029 autem
1846 983 1957 1028 mali
1982 994 2050 1029 est
2080 984 2162 1029 bo-

202 1068 337 1107 num3
366 1062 521 1096 manet
546 1052 682 1110 igitur
705 1065 884 1110 semper
909 1051 1098 1095 bonurn.

292 1119 396 1173 Sed,
423 1134 563 1178 quum
592 1119 828 1176 contingat
854 1117 1029 1161 malurn
1061 1118 1108 1161 in
1141 1117 1368 1162 infinitum
1401 1118 1587 1172 intendi,
1614 1132 1794 1177 semper
1818 1127 1971 1162 autem
1996 1132 2077 1176 per
2094 1132 2165 1161 vm·

201 1189 451 1231 tentionem
480 1185 589 1229 mali
631 1186 861 1229 minuatur
893 1185 1081 1238 bonum,
1107 1184 1286 1228 videtur
1317 1185 1363 1228 in
1395 1185 1621 1229 infinitum
1647 1199 1727 1244 per
1758 1184 1932 1228 malum
1972 1183 2166 1228 diminui

201 1255 388 1297 bonum.
417 1253 599 1296 Bonum
642 1262 795 1296 autem
829 1251 951 1310 quod
988 1266 1068 1310 per
1099 1250 1275 1294 malum
1307 1251 1499 1295 diminui
1530 1261 1681 1309 potest
1713 1260 1894 1310 oportet
1934 1264 2032 1295 esse
2063 1249 2163 1294 fini-

201 1331 322 1374 tum;
349 1334 457 1363 nam
488 1318 716 1362 infinitum
747 1318 923 1362 bonum
954 1332 1048 1362 non
1085 1327 1153 1362 est
1191 1332 1333 1376 capax
1359 1318 1483 1372 mali,
1511 1328 1559 1362 ut
1584 1319 1630 1362 in
1657 1318 1806 1377 primo
1834 1327 2069 1362 ostensum
2095 1327 2163 1362 est

204 1387 322 1444 (Lib.
350 1387 383 1429 Ι.
413 1400 450 1429 c.
482 1385 587 1445 39.).
619 1385 812 1429 Videtur
848 1385 984 1443 igitur
1016 1384 1138 1443 quod
1172 1383 1445 1443 quandoque
1477 1384 1626 1429 totum
1659 1384 1845 1428 tollatur
1874 1384 2049 1428 bonum
2081 1397 2161 1443 per

203 1453 405 1506 malum3
439 1466 562 1505 nam,
600 1452 638 1496 si
671 1466 725 1496 ex
750 1451 879 1495 finito
916 1451 1085 1510 aliquid
1117 1451 1281 1495 finities
1311 1450 1513 1506 tollatur,
1547 1461 1727 1510 oportet
1752 1450 1864 1496 illud
1892 1442 2165 1510 quandoque

204 1534 284 1578 per
312 1519 590 1563 ablationem
618 1519 841 1563 consumi.

292 1587 400 1630 Non
429 1595 582 1629 autem
607 1594 757 1645 potest
783 1585 887 1639 dici,
914 1595 964 1628 ut
996 1584 1153 1630 dicunt
1183 1585 1385 1644 quidam,
1413 1585 1536 1644 quod
1577 1599 1770 1644 sequens
1797 1582 1981 1640 ablatio,
2007 1597 2164 1628 secun-

206 1655 313 1698 dum
342 1653 552 1697 eamdem
580 1652 927 1711 proportionem
953 1651 1073 1696 facta
1106 1666 1195 1711 qua
1222 1662 1266 1696 et
1291 1653 1429 1711 prior,
1456 1653 1503 1695 in
1534 1651 1761 1695 infinitum
1787 1651 2055 1710 procedens,
2085 1649 2165 1695 bo-

206 1735 318 1763 num
343 1734 437 1763 non
465 1720 608 1778 possit
634 1732 923 1772 consumere,
950 1719 1066 1763 sicut
1091 1719 1138 1762 in
1166 1719 1371 1762 continui
1389 1719 1611 1763 divisione
1639 1717 1877 1776 contingit.
1903 1717 2027 1762 Nam
2049 1718 2087 1761 si
2108 1730 2161 1761 ex

206 1785 439 1830 bicubitali
469 1785 588 1829 linea
616 1785 857 1829 dimidium
883 1785 1169 1839 subtraxeris,
1202 1787 1404 1844 itemque
1436 1799 1491 1829 ex
1523 1785 1704 1828 residuo
1744 1783 1999 1837 dimidium,
2033 1792 2078 1827 et
2102 1783 2167 1827 sic
2225 1781 2229 1782 ⁷

207 1854 254 1897 in
279 1853 506 1896 infinitum
531 1852 768 1911 procedas,
796 1866 978 1910 semper
1005 1844 1174 1911 aliquid
1203 1852 1350 1895 adhuc
1378 1851 1674 1895 dividendum
1700 1850 1973 1904 remanebit3
2000 1850 2078 1894 sed
2104 1859 2168 1894 ta-

207 1935 329 1974 men,
362 1922 407 1963 in
433 1920 524 1963 hoc
553 1919 787 1963 divisionis
814 1933 1046 1977 processu,
1074 1929 1256 1978 semper
1289 1919 1513 1977 posterius
1546 1918 1827 1962 subtractum
1859 1925 2042 1976 oportet
2070 1928 2171 1960 esse

207 1988 357 2030 minus
384 1986 636 2030 secundum
663 1986 983 2044 quantitatem3
1012 1985 1253 2029 dimidium
1286 1986 1409 2028 enim
1441 1987 1580 2029 totius
1614 1984 1736 2043 quod
1776 1984 1898 2043 prius
1939 1982 2168 2027 subtrahe·

205 2055 334 2098 batur
361 2055 507 2112 majus
535 2062 602 2097 est
626 2053 880 2097 secundum
908 2053 1207 2111 quantitatem
1242 2052 1498 2096 absolutam
1531 2066 1670 2111 quam
1704 2050 1943 2095 dimidium
1975 2049 2166 2103 dimidii,

208 2121 315 2166 licet
348 2121 509 2165 eadem
542 2120 778 2179 proportio
811 2130 1008 2163 maneat.
1036 2120 1139 2163 Hoc
1167 2130 1321 2163 autem
1353 2120 1399 2162 in
1433 2118 1735 2162 diminutione
1767 2131 1856 2177 qua
1886 2117 2061 2162 bonum
2092 2129 2173 2176 per

206 2188 381 2231 malum
407 2187 670 2231 diminuitur
701 2201 991 2245 nequaquam
1024 2197 1174 2246 potest
1201 2186 1431 2241 accidere;
1457 2201 1581 2240 nam,
1615 2195 1785 2245 quanto
1811 2185 1987 2229 bonum
2017 2185 2166 2243 magis

210 2269 290 2315 per
320 2254 496 2298 malum
527 2253 661 2297 fuerit
694 2254 982 2307 diminutum,
1017 2255 1099 2298 erit
1130 2254 1367 2308 infirmius,
1402 2263 1447 2298 et
1486 2254 1549 2297 sic
1594 2268 1673 2312 per
1704 2252 1955 2297 secundum
1991 2250 2167 2296 malum

209 2322 356 2380 magis
394 2321 587 2364 diminui
612 2321 803 2379 poterit;
830 2335 1072 2379 rursusque
1100 2320 1274 2364 malum
1301 2335 1494 2379 sequens
1519 2320 1743 2378 contingit
1765 2333 1863 2364 esse
1887 2317 2077 2378 aequale
2095 2317 2171 2362 vel

206 2390 353 2446 majus
380 2388 554 2446 priore3
582 2388 701 2431 unde
728 2401 822 2431 non
855 2401 1035 2446 semper
1076 2387 1278 2432 secundo
1318 2381 1607 2431 subtrahetur
1646 2401 1671 2431 a
1709 2387 1834 2431 bono
1876 2399 1957 2445 per
1992 2383 2168 2429 malum

208 2456 360 2499 minor
385 2455 495 2498 boni
521 2454 762 2514 quantitas,
785 2455 1082 2513 proportione
1109 2463 1287 2498 servata
1314 2454 1489 2498 eadem.

298 2523 377 2567 Est
402 2522 537 2581 igitur
563 2521 823 2565 dicendum.

297 2589 362 2633 Ex
388 2588 646 2647 praemissis
665 2588 788 2632 enim
807 2587 1100 2632 manifestum
1123 2597 1189 2632 est
1213 2588 1335 2647 quod
1358 2587 1532 2631 malum
1559 2586 1760 2631 totaliter
1779 2586 1970 2640 bonum,
1997 2585 2072 2630 cui
2095 2598 2172 2645 op·

213 2656 413 2714 positum
432 2663 512 2708 est,
529 2654 662 2708 tollit,
681 2655 798 2698 sicut
816 2654 1010 2699 caecitas
1026 2655 1200 2699 visum·
1192 2664 1406 2732 ,oportet
1429 2664 1581 2698 autem
1604 2654 1726 2713 quod
1743 2661 1979 2698 remaneat
1997 2650 2174 2697 bonum

212 2723 333 2781 quod
361 2732 428 2766 est
454 2721 565 2766 mali
591 2723 859 2781 subjectum.
890 2721 1030 2774 Quod
1063 2722 1262 2781 quidem,
1299 2724 1345 2765 in
1379 2732 1599 2782 quantum
1641 2721 1913 2780 subiectum
1921 2730 2002 2774 est,
2035 2719 2175 2764 habet

211 2791 438 2833 rationem
460 2789 569 2833 boni
596 2789 849 2833 secundum
877 2789 999 2847 quod
1022 2799 1089 2833 est
1115 2789 1317 2848 potentia
1337 2788 1392 2831 ad
1412 2798 1565 2832 actum
1590 2789 1700 2832 boni
1733 2787 1854 2847 quod
1879 2787 2080 2846 privatur
2095 2799 2175 2846 per

212 2856 382 2901 malun.
413 2856 602 2908 Quanto
629 2856 765 2915 igitur
797 2855 946 2899 minus
973 2855 1108 2900 fuerit
1138 2857 1184 2899 in
1207 2857 1411 2915 potentia
1438 2857 1493 2899 ad
1520 2855 1631 2899 illud
1657 2855 1847 2908 bonum,
1869 2863 1996 2903 tanto
2022 2853 2173 2900 minus

212 2925 296 2969 erit
319 2924 508 2968 bonum.
537 2923 805 2982 Subjectum
843 2932 995 2966 autem
1022 2923 1071 2967 fit
1102 2924 1252 2967 minus
1279 2923 1482 2982 potentia
1519 2922 1574 2966 ad
1610 2921 1827 2976 formam,
1862 2934 1958 2966 non
1990 2919 2176 2980 quidem

213 3005 294 3051 per
324 2990 474 3035 solam
501 2990 855 3034 subtractionem
883 2988 1073 3048 alicujus
1107 2990 1245 3048 partis
1282 2989 1471 3047 subjecti
1498 3002 1578 3047 per
1604 2989 1695 3032 hoc
1732 2986 1856 3048 quod
1889 2987 2042 3047 aliqua
2072 2999 2177 3046 pars

212 3053 444 3116 potentiae
470 3056 771 3109 subtrahatur,
799 3056 877 3099 sed
904 3070 984 3115 per
1010 3057 1100 3100 hoc
1134 3056 1256 3115 quod
1290 3056 1492 3115 potentia
1524 3056 1769 3114 impeditur
1794 3068 1874 3114 per
1896 3053 2177 3100 contrarium

213 3134 368 3169 actum
393 3139 450 3168 ne
478 3125 522 3167 in
547 3133 697 3167 actum
724 3122 900 3167 formae
924 3123 1045 3167 exire
1067 3124 1234 3182 possit;
1261 3124 1377 3167 sicut
1403 3123 1656 3181 subjectum
1682 3131 1810 3166 tanto
1833 3130 1900 3166 est
1925 3121 2077 3165 minus
2097 3133 2177 3180 po-

211 3191 351 3236 tentia
376 3190 592 3248 frigidum
614 3199 784 3265 quanto
811 3190 856 3232 in
884 3203 940 3233 eo
967 3190 1114 3248 magis
1148 3189 1274 3233 calor
1300 3199 1502 3248 augetur.
1535 3190 1815 3233 Diminuitur
1839 3188 1976 3247 igitur
2000 3188 2176 3232 bonum

214 3273 293 3317 per
310 3257 498 3310 malum,
516 3256 663 3315 magis
683 3256 955 3332 apponendo
975 3257 1252 3300 contrarium
1271 3270 1408 3315 quam
1428 3257 1482 3300 de
1504 3256 1628 3300 bono
1653 3255 1822 3315 aliquid
1839 3252 2174 3300 subtrahendo·
2164 3288 2176 3308 ,

214 3325 337 3384 quod
365 3324 502 3368 etiam
531 3323 745 3367 convenit
760 3323 831 3366 his
850 3337 965 3381 quae
983 3323 1101 3366 dicta
1120 3333 1223 3367 sunt
1243 3324 1297 3367 de
1315 3322 1454 3366 malo.
1479 3323 1692 3367 Diximus
1711 3323 1834 3367 enim
1860 3321 1982 3381 quod
2002 3314 2179 3365 malum

214 3392 372 3436 incidit
398 3400 576 3449 praeter
593 3390 895 3433 intentionem
915 3390 1104 3447 agentis,
1123 3389 1244 3448 quod
1274 3404 1455 3448 semper
1481 3390 1672 3434 intendit
1699 3388 1883 3448 aliquod
1908 3388 2098 3442 bonum,
2121 3386 2178 3431 ad

216 3458 337 3517 quod
363 3459 565 3516 sequitur
585 3456 788 3501 exclusio
818 3455 1001 3501 alterius
1042 3456 1150 3500 boni
1179 3456 1301 3515 quod
1335 3466 1402 3501 est
1435 3457 1477 3500 ei
1509 3458 1784 3516 oppositum.
1820 3453 2009 3509 Quanto
2041 3453 2180 3513 igitur

215 3524 326 3569 illud
345 3525 517 3568 bonum
535 3524 590 3567 ad
610 3524 731 3582 quod
749 3532 926 3582 praeter
952 3523 1254 3567 intentionem
1283 3523 1457 3581 agentis
1475 3524 1677 3582 sequitur
1695 3522 1869 3567 malum
1894 3523 2044 3581 magis
2064 3519 2179 3565 mul-

215 3590 457 3651 tiplicatur,
497 3600 624 3635 tanto
657 3590 860 3649 potentia
902 3590 957 3634 ad
989 3590 1163 3634 bonum
1205 3590 1483 3634 contrarium
1527 3590 1793 3634 diminuitur
1828 3588 1999 3649 magis;
2032 3598 2078 3634 et
2107 3587 2174 3634 sic
