<?xml version="1.0" encoding="UTF-8"?>
<!DOCTYPE html PUBLIC "-//W3C//DTD XHTML 1.0 Transitional//EN"
    "http://www.w3.org/TR/xhtml1/DTD/xhtml1-transitional.dtd">
<html xmlns="http://www.w3.org/1999/xhtml" xml:lang="en" lang="en">
 <head>
  <title>
</title>
<meta http-equiv="Content-Type" content="text/html;charset=utf-8" />
  <meta name='ocr-system' content='tesseract 3.04.00' />
  <meta name='ocr-capabilities' content='ocr_page ocr_carea ocr_par ocr_line ocrx_word'/>
</head>
<body>
  <div class='ocr_page' id='page_1' title='image "./divithomaeaquina00thom_0163.png"; bbox 0 0 2332 3854; ppageno 0'>
   <div class='ocr_carea' id='block_1_1' title="bbox 0 0 256 3854">
    <p class='ocr_par' dir='ltr' id='par_1_1' title="bbox 0 0 256 3854">
     <span class='ocr_line' id='line_1_1' title="bbox 0 0 152 399; baseline 0 -55"><span class='ocrx_word' id='word_1_1' title='bbox 0 0 152 399; x_wconf 95' lang='lat' dir='ltr'>   </span> 
     </span>
     <span class='ocr_line' id='line_1_2' title="bbox 0 399 138 599; baseline 0.072 -64"><span class='ocrx_word' id='word_1_2' title='bbox 0 399 138 599; x_wconf 95' lang='lat' dir='ltr'>    </span> 
     </span>
     <span class='ocr_line' id='line_1_3' title="bbox 0 599 126 800; baseline 0 -65"><span class='ocrx_word' id='word_1_3' title='bbox 0 599 126 800; x_wconf 95' lang='lat' dir='ltr'>    </span> 
     </span>
     <span class='ocr_line' id='line_1_4' title="bbox 0 800 116 1003; baseline 0 -138"><span class='ocrx_word' id='word_1_4' title='bbox 0 800 116 1003; x_wconf 95' lang='lat' dir='ltr'>   </span> 
     </span>
     <span class='ocr_line' id='line_1_5' title="bbox 0 1003 108 1068; baseline 0 2786"><span class='ocrx_word' id='word_1_5' title='bbox 0 1003 108 1068; x_wconf 95' lang='lat' dir='ltr'> </span> 
     </span>
     <span class='ocr_line' id='line_1_6' title="bbox 0 1068 112 1137; baseline 0 2717"><span class='ocrx_word' id='word_1_6' title='bbox 0 1068 112 1137; x_wconf 95' lang='lat' dir='ltr'> </span> 
     </span>
     <span class='ocr_line' id='line_1_7' title="bbox 0 1137 112 1202; baseline 0 2652"><span class='ocrx_word' id='word_1_7' title='bbox 0 1137 112 1202; x_wconf 95' lang='lat' dir='ltr'> </span> 
     </span>
     <span class='ocr_line' id='line_1_8' title="bbox 0 1202 112 1270; baseline 0 2584"><span class='ocrx_word' id='word_1_8' title='bbox 0 1202 112 1270; x_wconf 95' lang='lat' dir='ltr'> </span> 
     </span>
     <span class='ocr_line' id='line_1_9' title="bbox 0 1270 132 1536; baseline 0 0"><span class='ocrx_word' id='word_1_9' title='bbox 0 1270 132 1536; x_wconf 95' lang='lat' dir='ltr'>    </span> 
     </span>
     <span class='ocr_line' id='line_1_10' title="bbox 0 1536 122 1737; baseline 0 -64"><span class='ocrx_word' id='word_1_10' title='bbox 0 1536 122 1737; x_wconf 95' lang='lat' dir='ltr'>   </span> 
     </span>
     <span class='ocr_line' id='line_1_11' title="bbox 0 1737 122 1816; baseline 0 -5"><span class='ocrx_word' id='word_1_11' title='bbox 0 1737 122 1816; x_wconf 95' lang='lat' dir='ltr'>  </span> 
     </span>
     <span class='ocr_line' id='line_1_12' title="bbox 0 1816 118 1985; baseline 0 -45"><span class='ocrx_word' id='word_1_12' title='bbox 0 1816 118 1985; x_wconf 95' lang='lat' dir='ltr'>   </span> 
     </span>
     <span class='ocr_line' id='line_1_13' title="bbox 0 1985 128 2210; baseline 0 -68"><span class='ocrx_word' id='word_1_13' title='bbox 0 1985 128 2210; x_wconf 95' lang='lat' dir='ltr'>    </span> 
     </span>
     <span class='ocr_line' id='line_1_14' title="bbox 0 2210 126 2409; baseline 0 -129"><span class='ocrx_word' id='word_1_14' title='bbox 0 2210 126 2409; x_wconf 95' lang='lat' dir='ltr'>   </span> 
     </span>
     <span class='ocr_line' id='line_1_15' title="bbox 0 2409 256 2479; baseline 0 -60"><span class='ocrx_word' id='word_1_15' title='bbox 0 2409 256 2479; x_wconf 95' lang='lat' dir='ltr'>  </span> 
     </span>
     <span class='ocr_line' id='line_1_16' title="bbox 0 2479 234 2649; baseline 0.026 -35"><span class='ocrx_word' id='word_1_16' title='bbox 0 2479 234 2649; x_wconf 95' lang='lat' dir='ltr'>    </span> 
     </span>
     <span class='ocr_line' id='line_1_17' title="bbox 2 2649 215 2883; baseline 0.019 -140"><span class='ocrx_word' id='word_1_17' title='bbox 2 2649 215 2883; x_wconf 95' lang='lat' dir='ltr'>     </span> 
     </span>
     <span class='ocr_line' id='line_1_18' title="bbox 6 2883 106 2946; baseline 0 908"><span class='ocrx_word' id='word_1_18' title='bbox 6 2883 106 2946; x_wconf 95' lang='lat' dir='ltr'> </span> 
     </span>
     <span class='ocr_line' id='line_1_19' title="bbox 6 2946 122 3082; baseline 0 -2"><span class='ocrx_word' id='word_1_19' title='bbox 6 2946 122 3082; x_wconf 95' lang='lat' dir='ltr'>    </span> 
     </span>
     <span class='ocr_line' id='line_1_20' title="bbox 2 3082 99 3282; baseline 0 0"><span class='ocrx_word' id='word_1_20' title='bbox 2 3082 99 3282; x_wconf 95' lang='lat' dir='ltr'>   </span> 
     </span>
     <span class='ocr_line' id='line_1_21' title="bbox 2 3282 118 3348; baseline 0 506"><span class='ocrx_word' id='word_1_21' title='bbox 2 3282 118 3348; x_wconf 95' lang='lat' dir='ltr'> </span> 
     </span>
     <span class='ocr_line' id='line_1_22' title="bbox 2 3348 120 3545; baseline 0 -59"><span class='ocrx_word' id='word_1_22' title='bbox 2 3348 120 3545; x_wconf 95' lang='lat' dir='ltr'>    </span> 
     </span>
     <span class='ocr_line' id='line_1_23' title="bbox 0 3545 150 3854; baseline 0 0"><span class='ocrx_word' id='word_1_23' title='bbox 0 3545 150 3854; x_wconf 95' lang='lat' dir='ltr'>  </span> 
     </span>
    </p>
   </div>
   <div class='ocr_carea' id='block_1_2' title="bbox 831 205 2091 263">
    <p class='ocr_par' dir='ltr' id='par_1_2' title="bbox 831 205 2091 263">
     <span class='ocr_line' id='line_1_24' title="bbox 831 205 2091 263; baseline 0 -18"><span class='ocrx_word' id='word_1_24' title='bbox 831 205 986 247; x_wconf 69' lang='lat' dir='ltr'>Lmen</span> <span class='ocrx_word' id='word_1_25' title='bbox 1023 206 1081 247; x_wconf 87' lang='lat'>1-1.</span> <span class='ocrx_word' id='word_1_26' title='bbox 1122 206 1244 247; x_wconf 77' lang='lat' dir='ltr'>CAP.</span> <span class='ocrx_word' id='word_1_27' title='bbox 1283 205 1412 245; x_wconf 82' lang='lat' dir='ltr'>xxx.</span> <span class='ocrx_word' id='word_1_28' title='bbox 1997 206 2091 263; x_wconf 87' lang='lat'>151</span> 
     </span>
    </p>
   </div>
   <div class='ocr_carea' id='block_1_3' title="bbox 69 303 2158 3048">
    <p class='ocr_par' dir='ltr' id='par_1_3' title="bbox 72 303 2099 1440">
     <span class='ocr_line' id='line_1_25' title="bbox 79 303 2097 371; baseline -0.002 -15"><span class='ocrx_word' id='word_1_29' title='bbox 79 303 89 334; x_wconf 54' lang='lat'>‘²&#39;</span> <span class='ocrx_word' id='word_1_30' title='bbox 130 321 241 356; x_wconf 53' lang='lat' dir='ltr'>mon</span> <span class='ocrx_word' id='word_1_31' title='bbox 263 308 311 354; x_wconf 82' lang='lat' dir='ltr'>in</span> <span class='ocrx_word' id='word_1_32' title='bbox 336 306 540 362; x_wconf 75' lang='lat' dir='ltr'>materia,</span> <span class='ocrx_word' id='word_1_33' title='bbox 567 315 613 352; x_wconf 89' lang='lat' dir='ltr'>et</span> <span class='ocrx_word' id='word_1_34' title='bbox 636 306 701 352; x_wconf 90' lang='lat' dir='ltr'>sic</span> <span class='ocrx_word' id='word_1_35' title='bbox 726 320 821 371; x_wconf 88' lang='lat' dir='ltr'>non</span> <span class='ocrx_word' id='word_1_36' title='bbox 848 318 916 353; x_wconf 90' lang='lat' dir='ltr'>est</span> <span class='ocrx_word' id='word_1_37' title='bbox 939 309 986 353; x_wconf 93' lang='lat' dir='ltr'>in</span> <span class='ocrx_word' id='word_1_38' title='bbox 1013 309 1077 354; x_wconf 87' lang='lat' dir='ltr'>eis</span> <span class='ocrx_word' id='word_1_39' title='bbox 1111 308 1315 368; x_wconf 85' lang='lat' dir='ltr'>potentia</span> <span class='ocrx_word' id='word_1_40' title='bbox 1351 308 1408 352; x_wconf 89' lang='lat' dir='ltr'>ad</span> <span class='ocrx_word' id='word_1_41' title='bbox 1442 319 1538 352; x_wconf 91' lang='lat' dir='ltr'>non</span> <span class='ocrx_word' id='word_1_42' title='bbox 1573 320 1687 361; x_wconf 88' lang='lat' dir='ltr'>esse,</span> <span class='ocrx_word' id='word_1_43' title='bbox 1727 306 1807 352; x_wconf 90' lang='lat' dir='ltr'>sed</span> <span class='ocrx_word' id='word_1_44' title='bbox 1844 321 1928 366; x_wconf 88' lang='lat' dir='ltr'>per</span> <span class='ocrx_word' id='word_1_45' title='bbox 1967 321 2097 353; x_wconf 89' lang='lat' dir='ltr'>suam</span> 
     </span>
     <span class='ocr_line' id='line_1_26' title="bbox 88 358 2099 442; baseline -0.002 -18.941"><span class='ocrx_word' id='word_1_46' title='bbox 88 358 341 442; x_wconf 40' lang='lat' dir='ltr'>&amp;sennam</span> <span class='ocrx_word' id='word_1_47' title='bbox 366 387 547 434; x_wconf 77' lang='lat' dir='ltr'>semper</span> <span class='ocrx_word' id='word_1_48' title='bbox 571 383 676 419; x_wconf 88' lang='lat' dir='ltr'>sunt</span> <span class='ocrx_word' id='word_1_49' title='bbox 698 374 745 418; x_wconf 87' lang='lat' dir='ltr'>in</span> <span class='ocrx_word' id='word_1_50' title='bbox 769 368 934 420; x_wconf 86' lang='lat' dir='ltr'>virtute</span> <span class='ocrx_word' id='word_1_51' title='bbox 958 375 1151 430; x_wconf 86' lang='lat' dir='ltr'>essendi,</span> <span class='ocrx_word' id='word_1_52' title='bbox 1176 375 1294 421; x_wconf 87' lang='lat' dir='ltr'>sicut</span> <span class='ocrx_word' id='word_1_53' title='bbox 1318 384 1386 420; x_wconf 88' lang='lat' dir='ltr'>est</span> <span class='ocrx_word' id='word_1_54' title='bbox 1409 375 1456 419; x_wconf 92' lang='lat' dir='ltr'>in</span> <span class='ocrx_word' id='word_1_55' title='bbox 1481 374 1741 420; x_wconf 84' lang='lat' dir='ltr'>substantiis</span> <span class='ocrx_word' id='word_1_56' title='bbox 1763 375 2000 434; x_wconf 87' lang='lat' dir='ltr'>separatis.</span> <span class='ocrx_word' id='word_1_57' title='bbox 2023 375 2099 420; x_wconf 89' lang='lat' dir='ltr'>vel</span> 
     </span>
     <span class='ocr_line' id='line_1_27' title="bbox 72 440 2099 517; baseline 0 -30"><span class='ocrx_word' id='word_1_58' title='bbox 72 441 248 508; x_wconf 59' lang='lat' dir='ltr'>§qma</span> <span class='ocrx_word' id='word_1_59' title='bbox 272 440 448 486; x_wconf 86' lang='lat' dir='ltr'>formae</span> <span class='ocrx_word' id='word_1_60' title='bbox 474 454 626 485; x_wconf 87' lang='lat' dir='ltr'>rerum</span> <span class='ocrx_word' id='word_1_61' title='bbox 650 454 733 485; x_wconf 88' lang='lat' dir='ltr'>sua</span> <span class='ocrx_word' id='word_1_62' title='bbox 758 440 1036 517; x_wconf 85' lang='lat' dir='ltr'>perfectione</span> <span class='ocrx_word' id='word_1_63' title='bbox 1064 442 1318 502; x_wconf 89' lang='lat' dir='ltr'>adaequant</span> <span class='ocrx_word' id='word_1_64' title='bbox 1341 451 1489 487; x_wconf 87' lang='lat' dir='ltr'>totam</span> <span class='ocrx_word' id='word_1_65' title='bbox 1514 441 1766 501; x_wconf 90' lang='lat' dir='ltr'>potentiam</span> <span class='ocrx_word' id='word_1_66' title='bbox 1792 441 2024 496; x_wconf 89' lang='lat' dir='ltr'>materiae,</span> <span class='ocrx_word' id='word_1_67' title='bbox 2050 452 2099 487; x_wconf 92' lang='lat' dir='ltr'>ut</span> 
     </span>
     <span class='ocr_line' id='line_1_28' title="bbox 102 508 2098 569; baseline -0.001 -13.982"><span class='ocrx_word' id='word_1_68' title='bbox 102 508 223 558; x_wconf 72' lang='grc' dir='ltr'>εὶε</span> <span class='ocrx_word' id='word_1_69' title='bbox 230 521 326 554; x_wconf 89' lang='lat' dir='ltr'>non</span> <span class='ocrx_word' id='word_1_70' title='bbox 344 517 584 553; x_wconf 73' lang='lat' dir='ltr'>remaneat</span> <span class='ocrx_word' id='word_1_71' title='bbox 598 508 803 566; x_wconf 90' lang='lat' dir='ltr'>potentia</span> <span class='ocrx_word' id='word_1_72' title='bbox 826 508 882 552; x_wconf 88' lang='lat' dir='ltr'>ad</span> <span class='ocrx_word' id='word_1_73' title='bbox 903 508 1041 553; x_wconf 90' lang='lat' dir='ltr'>aliam</span> <span class='ocrx_word' id='word_1_74' title='bbox 1058 509 1270 564; x_wconf 88' lang='lat' dir='ltr'>formam,</span> <span class='ocrx_word' id='word_1_75' title='bbox 1286 523 1371 554; x_wconf 89' lang='lat' dir='ltr'>nec</span> <span class='ocrx_word' id='word_1_76' title='bbox 1388 523 1468 569; x_wconf 89' lang='lat' dir='ltr'>per</span> <span class='ocrx_word' id='word_1_77' title='bbox 1485 522 1768 568; x_wconf 87' lang='lat' dir='ltr'>consequens</span> <span class='ocrx_word' id='word_1_78' title='bbox 1791 508 1846 552; x_wconf 90' lang='lat' dir='ltr'>ad</span> <span class='ocrx_word' id='word_1_79' title='bbox 1868 522 1961 553; x_wconf 91' lang='lat' dir='ltr'>non</span> <span class='ocrx_word' id='word_1_80' title='bbox 1985 523 2098 564; x_wconf 89' lang='lat' dir='ltr'>esse,</span> 
     </span>
     <span class='ocr_line' id='line_1_29' title="bbox 115 574 2096 635; baseline -0.002 -12.029"><span class='ocrx_word' id='word_1_81' title='bbox 115 574 258 623; x_wconf 57' lang='lat' dir='ltr'>&#39;ment</span> <span class='ocrx_word' id='word_1_82' title='bbox 282 585 350 620; x_wconf 89' lang='lat' dir='ltr'>est</span> <span class='ocrx_word' id='word_1_83' title='bbox 373 575 421 619; x_wconf 89' lang='lat' dir='ltr'>in</span> <span class='ocrx_word' id='word_1_84' title='bbox 447 574 713 634; x_wconf 87' lang='lat' dir='ltr'>corporibus</span> <span class='ocrx_word' id='word_1_85' title='bbox 739 574 1025 620; x_wconf 87' lang='lat' dir='ltr'>coelestibus.</span> <span class='ocrx_word' id='word_1_86' title='bbox 1052 576 1102 619; x_wconf 91' lang='lat' dir='ltr'>In</span> <span class='ocrx_word' id='word_1_87' title='bbox 1130 576 1291 635; x_wconf 91' lang='lat' dir='ltr'>quibus</span> <span class='ocrx_word' id='word_1_88' title='bbox 1312 590 1422 621; x_wconf 89' lang='lat' dir='ltr'>vero</span> <span class='ocrx_word' id='word_1_89' title='bbox 1443 575 1593 621; x_wconf 86' lang='lat' dir='ltr'>forma</span> <span class='ocrx_word' id='word_1_90' title='bbox 1614 590 1707 620; x_wconf 92' lang='lat' dir='ltr'>non</span> <span class='ocrx_word' id='word_1_91' title='bbox 1730 575 1932 635; x_wconf 84' lang='lat' dir='ltr'><strong>complet</strong></span> <span class='ocrx_word' id='word_1_92' title='bbox 1951 586 2096 620; x_wconf 88' lang='lat' dir='ltr'>totam</span> 
     </span>
     <span class='ocr_line' id='line_1_30' title="bbox 92 642 2095 704; baseline -0.001 -16"><span class='ocrx_word' id='word_1_93' title='bbox 92 644 114 702; x_wconf 54' lang='grc' dir='ltr'>’ἢ</span> <span class='ocrx_word' id='word_1_94' title='bbox 125 643 393 704; x_wconf 60' lang='lat' dir='ltr'>potentiam</span> <span class='ocrx_word' id='word_1_95' title='bbox 425 642 657 696; x_wconf 89' lang='lat' dir='ltr'>materiae,</span> <span class='ocrx_word' id='word_1_96' title='bbox 683 651 891 686; x_wconf 88' lang='lat' dir='ltr'>remanet</span> <span class='ocrx_word' id='word_1_97' title='bbox 921 642 1070 687; x_wconf 90' lang='lat' dir='ltr'>adhuc</span> <span class='ocrx_word' id='word_1_98' title='bbox 1102 643 1149 687; x_wconf 92' lang='lat' dir='ltr'>in</span> <span class='ocrx_word' id='word_1_99' title='bbox 1183 644 1373 688; x_wconf 87' lang='lat' dir='ltr'>materia</span> <span class='ocrx_word' id='word_1_100' title='bbox 1399 643 1600 703; x_wconf 90' lang='lat' dir='ltr'>potentia</span> <span class='ocrx_word' id='word_1_101' title='bbox 1629 643 1684 687; x_wconf 89' lang='lat' dir='ltr'>ad</span> <span class='ocrx_word' id='word_1_102' title='bbox 1712 643 1850 687; x_wconf 88' lang='lat' dir='ltr'>aliam</span> <span class='ocrx_word' id='word_1_103' title='bbox 1875 642 2095 687; x_wconf 88' lang='lat' dir='ltr'>formam:</span> 
     </span>
     <span class='ocr_line' id='line_1_31' title="bbox 123 706 2097 770; baseline -0.001 -14.054"><span class='ocrx_word' id='word_1_104' title='bbox 123 706 314 757; x_wconf 56' lang='lat' dir='ltr'>&amp;rideo</span> <span class='ocrx_word' id='word_1_105' title='bbox 338 723 434 754; x_wconf 91' lang='lat' dir='ltr'>non</span> <span class='ocrx_word' id='word_1_106' title='bbox 460 718 528 754; x_wconf 90' lang='lat' dir='ltr'>est</span> <span class='ocrx_word' id='word_1_107' title='bbox 552 711 599 753; x_wconf 89' lang='lat' dir='ltr'>in</span> <span class='ocrx_word' id='word_1_108' title='bbox 625 709 690 753; x_wconf 90' lang='lat' dir='ltr'>eis</span> <span class='ocrx_word' id='word_1_109' title='bbox 725 710 970 753; x_wconf 84' lang='lat' dir='ltr'>necessitas</span> <span class='ocrx_word' id='word_1_110' title='bbox 1004 710 1196 764; x_wconf 87' lang='lat' dir='ltr'>essendi,</span> <span class='ocrx_word' id='word_1_111' title='bbox 1229 711 1308 754; x_wconf 79' lang='lat' dir='ltr'>sed</span> <span class='ocrx_word' id='word_1_112' title='bbox 1340 710 1480 755; x_wconf 87' lang='lat' dir='ltr'>virtus</span> <span class='ocrx_word' id='word_1_113' title='bbox 1517 710 1694 756; x_wconf 89' lang='lat' dir='ltr'>essendi</span> <span class='ocrx_word' id='word_1_114' title='bbox 1728 710 2020 770; x_wconf 88' lang='lat' dir='ltr'>consequitur</span> <span class='ocrx_word' id='word_1_115' title='bbox 2050 710 2097 754; x_wconf 91' lang='lat' dir='ltr'>in</span> 
     </span>
     <span class='ocr_line' id='line_1_32' title="bbox 85 767 2096 835; baseline 0 -14"><span class='ocrx_word' id='word_1_116' title='bbox 85 767 208 831; x_wconf 43' lang='lat' dir='ltr'>Feb</span> <span class='ocrx_word' id='word_1_117' title='bbox 220 776 470 821; x_wconf 81' lang='lat' dir='ltr'>victoriam</span> <span class='ocrx_word' id='word_1_118' title='bbox 495 774 673 820; x_wconf 88' lang='lat' dir='ltr'>formae</span> <span class='ocrx_word' id='word_1_119' title='bbox 698 788 833 834; x_wconf 89' lang='lat' dir='ltr'>super</span> <span class='ocrx_word' id='word_1_120' title='bbox 865 776 1120 830; x_wconf 88' lang='lat' dir='ltr'>materiam,</span> <span class='ocrx_word' id='word_1_121' title='bbox 1148 787 1196 820; x_wconf 91' lang='lat' dir='ltr'>ut</span> <span class='ocrx_word' id='word_1_122' title='bbox 1222 787 1345 835; x_wconf 89' lang='lat' dir='ltr'>patet</span> <span class='ocrx_word' id='word_1_123' title='bbox 1371 778 1415 820; x_wconf 92' lang='lat' dir='ltr'>in</span> <span class='ocrx_word' id='word_1_124' title='bbox 1443 776 1681 822; x_wconf 90' lang='lat' dir='ltr'>elementis</span> <span class='ocrx_word' id='word_1_125' title='bbox 1717 786 1761 822; x_wconf 84' lang='lat' dir='ltr'>et</span> <span class='ocrx_word' id='word_1_126' title='bbox 1797 777 2096 822; x_wconf 88' lang='lat' dir='ltr'>elementatis.</span> 
     </span>
     <span class='ocr_line' id='line_1_33' title="bbox 86 835 2095 903; baseline 0.001 -15"><span class='ocrx_word' id='word_1_127' title='bbox 86 835 306 888; x_wconf 39' lang='lat' dir='ltr'>&amp;erm-ma</span> <span class='ocrx_word' id='word_1_128' title='bbox 330 844 455 887; x_wconf 89' lang='lat' dir='ltr'>enim</span> <span class='ocrx_word' id='word_1_129' title='bbox 481 841 696 887; x_wconf 91' lang='lat' dir='ltr'>elementi</span> <span class='ocrx_word' id='word_1_130' title='bbox 719 855 814 886; x_wconf 91' lang='lat' dir='ltr'>non</span> <span class='ocrx_word' id='word_1_131' title='bbox 842 843 1022 901; x_wconf 88' lang='lat' dir='ltr'>attingit</span> <span class='ocrx_word' id='word_1_132' title='bbox 1047 843 1289 887; x_wconf 84' lang='lat' dir='ltr'>materiam</span> <span class='ocrx_word' id='word_1_133' title='bbox 1325 844 1577 888; x_wconf 89' lang='lat' dir='ltr'>secundum</span> <span class='ocrx_word' id='word_1_134' title='bbox 1614 853 1761 889; x_wconf 90' lang='lat' dir='ltr'>totum</span> <span class='ocrx_word' id='word_1_135' title='bbox 1804 845 1901 903; x_wconf 90' lang='lat' dir='ltr'>ejus</span> <span class='ocrx_word' id='word_1_136' title='bbox 1940 857 2095 903; x_wconf 89' lang='lat' dir='ltr'>posse:</span> 
     </span>
     <span class='ocr_line' id='line_1_34' title="bbox 81 907 2098 971; baseline -0.001 -14"><span class='ocrx_word' id='word_1_137' title='bbox 81 922 102 957; x_wconf 73' lang='grc' dir='ltr'><em>ἴ</em></span> <span class='ocrx_word' id='word_1_138' title='bbox 123 919 233 957; x_wconf 58' lang='lat' dir='ltr'>:non</span> <span class='ocrx_word' id='word_1_139' title='bbox 258 910 379 955; x_wconf 84' lang='lat' dir='ltr'>enim</span> <span class='ocrx_word' id='word_1_140' title='bbox 404 908 456 954; x_wconf 87' lang='lat' dir='ltr'>fit</span> <span class='ocrx_word' id='word_1_141' title='bbox 478 908 735 968; x_wconf 87' lang='lat' dir='ltr'>susceptiva</span> <span class='ocrx_word' id='word_1_142' title='bbox 760 907 937 954; x_wconf 90' lang='lat' dir='ltr'>formae</span> <span class='ocrx_word' id='word_1_143' title='bbox 964 909 1179 954; x_wconf 89' lang='lat' dir='ltr'>elementi</span> <span class='ocrx_word' id='word_1_144' title='bbox 1211 911 1360 963; x_wconf 90' lang='lat' dir='ltr'>unius,</span> <span class='ocrx_word' id='word_1_145' title='bbox 1385 911 1472 954; x_wconf 91' lang='lat' dir='ltr'>nisi</span> <span class='ocrx_word' id='word_1_146' title='bbox 1498 925 1578 970; x_wconf 89' lang='lat' dir='ltr'>per</span> <span class='ocrx_word' id='word_1_147' title='bbox 1604 912 1694 955; x_wconf 92' lang='lat' dir='ltr'>hoc</span> <span class='ocrx_word' id='word_1_148' title='bbox 1721 911 1843 971; x_wconf 91' lang='lat' dir='ltr'>quod</span> <span class='ocrx_word' id='word_1_149' title='bbox 1865 911 2098 969; x_wconf 86' lang='lat' dir='ltr'>subjicitur</span> 
     </span>
     <span class='ocr_line' id='line_1_35' title="bbox 121 975 2098 1037; baseline -0.001 -13.046"><span class='ocrx_word' id='word_1_150' title='bbox 121 975 269 1023; x_wconf 52' lang='lat' dir='ltr'>&amp;lteri</span> <span class='ocrx_word' id='word_1_151' title='bbox 291 976 408 1037; x_wconf 87' lang='lat' dir='ltr'>parti</span> <span class='ocrx_word' id='word_1_152' title='bbox 433 976 785 1031; x_wconf 90' lang='lat' dir='ltr'>contrarietatis;</span> <span class='ocrx_word' id='word_1_153' title='bbox 826 975 975 1021; x_wconf 88' lang='lat' dir='ltr'>forma</span> <span class='ocrx_word' id='word_1_154' title='bbox 1014 991 1123 1021; x_wconf 89' lang='lat' dir='ltr'>vero</span> <span class='ocrx_word' id='word_1_155' title='bbox 1166 977 1295 1022; x_wconf 86' lang='lat' dir='ltr'>mixti</span> <span class='ocrx_word' id='word_1_156' title='bbox 1336 978 1514 1036; x_wconf 87' lang='lat' dir='ltr'>attingit</span> <span class='ocrx_word' id='word_1_157' title='bbox 1552 979 1807 1033; x_wconf 83' lang='lat' dir='ltr'>materiam,</span> <span class='ocrx_word' id='word_1_158' title='bbox 1844 978 2098 1024; x_wconf 88' lang='lat' dir='ltr'>secundum</span> 
     </span>
     <span class='ocr_line' id='line_1_36' title="bbox 74 1039 2099 1106; baseline 0 -17"><span class='ocrx_word' id='word_1_159' title='bbox 74 1042 80 1046; x_wconf 67' lang='grc'><strong>”</strong></span> <span class='ocrx_word' id='word_1_160' title='bbox 100 1039 261 1106; x_wconf 42' lang='lat' dir='ltr'>{quod</span> <span class='ocrx_word' id='word_1_161' title='bbox 285 1044 537 1104; x_wconf 87' lang='lat' dir='ltr'>disponitur</span> <span class='ocrx_word' id='word_1_162' title='bbox 561 1058 640 1103; x_wconf 93' lang='lat' dir='ltr'>per</span> <span class='ocrx_word' id='word_1_163' title='bbox 665 1045 1016 1088; x_wconf 85' lang='lat' dir='ltr'>determinatum</span> <span class='ocrx_word' id='word_1_164' title='bbox 1039 1045 1230 1089; x_wconf 90' lang='lat' dir='ltr'>modum</span> <span class='ocrx_word' id='word_1_165' title='bbox 1251 1045 1497 1089; x_wconf 83' lang='lat' dir='ltr'>mixtionis.</span> <span class='ocrx_word' id='word_1_166' title='bbox 1520 1046 1648 1090; x_wconf 89' lang='lat' dir='ltr'>Idem</span> <span class='ocrx_word' id='word_1_167' title='bbox 1670 1056 1823 1091; x_wconf 83' lang='lat' dir='ltr'>autem</span> <span class='ocrx_word' id='word_1_168' title='bbox 1844 1046 2099 1104; x_wconf 81' lang='lat' dir='ltr'>subjectum</span> 
     </span>
     <span class='ocr_line' id='line_1_37' title="bbox 81 1104 2097 1172; baseline 0.002 -18"><span class='ocrx_word' id='word_1_169' title='bbox 81 1104 103 1154; x_wconf 65' lang='lat'>.‘</span> <span class='ocrx_word' id='word_1_170' title='bbox 120 1120 318 1172; x_wconf 56' lang='lat' dir='ltr'>asportet</span> <span class='ocrx_word' id='word_1_171' title='bbox 333 1125 433 1156; x_wconf 89' lang='lat' dir='ltr'>esse</span> <span class='ocrx_word' id='word_1_172' title='bbox 448 1111 796 1164; x_wconf 89' lang='lat' dir='ltr'>contrariorum,</span> <span class='ocrx_word' id='word_1_173' title='bbox 824 1121 869 1156; x_wconf 89' lang='lat' dir='ltr'>et</span> <span class='ocrx_word' id='word_1_174' title='bbox 893 1111 1151 1156; x_wconf 89' lang='lat' dir='ltr'>mediorum</span> <span class='ocrx_word' id='word_1_175' title='bbox 1178 1112 1403 1167; x_wconf 88' lang='lat' dir='ltr'>omnium,</span> <span class='ocrx_word' id='word_1_176' title='bbox 1421 1126 1536 1171; x_wconf 91' lang='lat' dir='ltr'>quae</span> <span class='ocrx_word' id='word_1_177' title='bbox 1563 1122 1667 1156; x_wconf 90' lang='lat' dir='ltr'>sunt</span> <span class='ocrx_word' id='word_1_178' title='bbox 1693 1125 1746 1157; x_wconf 85' lang='lat' dir='ltr'>ex</span> <span class='ocrx_word' id='word_1_179' title='bbox 1768 1113 2097 1158; x_wconf 81' lang='lat' dir='ltr'>commixtione</span> 
     </span>
     <span class='ocr_line' id='line_1_38' title="bbox 72 1175 2097 1239; baseline -0.001 -12"><span class='ocrx_word' id='word_1_180' title='bbox 72 1175 460 1233; x_wconf 48' lang='lat' dir='ltr'>[ss‘ffltremorum.</span> <span class='ocrx_word' id='word_1_181' title='bbox 487 1177 622 1222; x_wconf 89' lang='lat' dir='ltr'>Unde</span> <span class='ocrx_word' id='word_1_182' title='bbox 649 1177 942 1223; x_wconf 88' lang='lat' dir='ltr'>manifestum</span> <span class='ocrx_word' id='word_1_183' title='bbox 965 1189 1033 1223; x_wconf 88' lang='lat' dir='ltr'>est</span> <span class='ocrx_word' id='word_1_184' title='bbox 1054 1180 1178 1238; x_wconf 92' lang='lat' dir='ltr'>quod</span> <span class='ocrx_word' id='word_1_185' title='bbox 1196 1179 1367 1233; x_wconf 88' lang='lat' dir='ltr'>omnia,</span> <span class='ocrx_word' id='word_1_186' title='bbox 1384 1194 1501 1239; x_wconf 87' lang='lat' dir='ltr'>quae</span> <span class='ocrx_word' id='word_1_187' title='bbox 1519 1179 1595 1224; x_wconf 86' lang='lat' dir='ltr'>vel</span> <span class='ocrx_word' id='word_1_188' title='bbox 1611 1180 1891 1224; x_wconf 90' lang='lat' dir='ltr'>contrarium</span> <span class='ocrx_word' id='word_1_189' title='bbox 1912 1180 2097 1235; x_wconf 90' lang='lat' dir='ltr'>habent,</span> 
     </span>
     <span class='ocr_line' id='line_1_39' title="bbox 76 1244 2096 1306; baseline 0 -14"><span class='ocrx_word' id='word_1_190' title='bbox 76 1244 212 1302; x_wconf 48' lang='lat' dir='ltr'>{ml</span> <span class='ocrx_word' id='word_1_191' title='bbox 234 1258 290 1291; x_wconf 84' lang='lat' dir='ltr'>ex</span> <span class='ocrx_word' id='word_1_192' title='bbox 315 1245 550 1290; x_wconf 86' lang='lat' dir='ltr'>contrariis</span> <span class='ocrx_word' id='word_1_193' title='bbox 576 1248 693 1300; x_wconf 79' lang='lat' dir='ltr'>sunt,</span> <span class='ocrx_word' id='word_1_194' title='bbox 721 1246 1031 1304; x_wconf 88' lang='lat' dir='ltr'>corruptibilia</span> <span class='ocrx_word' id='word_1_195' title='bbox 1058 1256 1188 1301; x_wconf 92' lang='lat' dir='ltr'>sunt;</span> <span class='ocrx_word' id='word_1_196' title='bbox 1215 1261 1331 1306; x_wconf 91' lang='lat' dir='ltr'>quae</span> <span class='ocrx_word' id='word_1_197' title='bbox 1370 1255 1523 1292; x_wconf 90' lang='lat' dir='ltr'>autem</span> <span class='ocrx_word' id='word_1_198' title='bbox 1547 1246 1812 1305; x_wconf 89' lang='lat' dir='ltr'>hujusmodi</span> <span class='ocrx_word' id='word_1_199' title='bbox 1847 1261 1942 1292; x_wconf 91' lang='lat' dir='ltr'>non</span> <span class='ocrx_word' id='word_1_200' title='bbox 1978 1257 2096 1302; x_wconf 88' lang='lat' dir='ltr'>sunt,</span> 
     </span>
     <span class='ocr_line' id='line_1_40' title="bbox 81 1312 2097 1378; baseline -0.001 -17.009"><span class='ocrx_word' id='word_1_201' title='bbox 72 1312 410 1378; x_wconf 55' lang='lat' dir='ltr'>«tempiterna</span> <span class='ocrx_word' id='word_1_202' title='bbox 435 1322 553 1366; x_wconf 88' lang='lat' dir='ltr'>sunt,</span> <span class='ocrx_word' id='word_1_203' title='bbox 578 1312 667 1356; x_wconf 89' lang='lat' dir='ltr'>nisi</span> <span class='ocrx_word' id='word_1_204' title='bbox 702 1327 783 1371; x_wconf 90' lang='lat' dir='ltr'>per</span> <span class='ocrx_word' id='word_1_205' title='bbox 820 1313 1032 1358; x_wconf 89' lang='lat' dir='ltr'>accidens</span> <span class='ocrx_word' id='word_1_206' title='bbox 1074 1324 1437 1373; x_wconf 88' lang='lat' dir='ltr'>corrumpantur,</span> <span class='ocrx_word' id='word_1_207' title='bbox 1479 1315 1595 1359; x_wconf 91' lang='lat' dir='ltr'>sicut</span> <span class='ocrx_word' id='word_1_208' title='bbox 1634 1313 1809 1359; x_wconf 90' lang='lat' dir='ltr'>formae</span> <span class='ocrx_word' id='word_1_209' title='bbox 1850 1329 1966 1374; x_wconf 89' lang='lat' dir='ltr'>quae</span> <span class='ocrx_word' id='word_1_210' title='bbox 2002 1328 2097 1360; x_wconf 92' lang='lat' dir='ltr'>non</span> 
     </span>
     <span class='ocr_line' id='line_1_41' title="bbox 79 1377 1773 1459; baseline 0 -33"><span class='ocrx_word' id='word_1_211' title='bbox 79 1377 392 1437; x_wconf 62' lang='lat' dir='ltr'>ubemunt,</span> <span class='ocrx_word' id='word_1_212' title='bbox 423 1380 504 1424; x_wconf 86' lang='lat' dir='ltr'>sed</span> <span class='ocrx_word' id='word_1_213' title='bbox 535 1393 635 1423; x_wconf 88' lang='lat' dir='ltr'>esse</span> <span class='ocrx_word' id='word_1_214' title='bbox 667 1393 823 1424; x_wconf 85' lang='lat' dir='ltr'>earum</span> <span class='ocrx_word' id='word_1_215' title='bbox 856 1390 924 1424; x_wconf 91' lang='lat' dir='ltr'>est</span> <span class='ocrx_word' id='word_1_216' title='bbox 954 1394 1034 1459; x_wconf 87' lang='lat' dir='ltr'>per</span> <span class='ocrx_word' id='word_1_217' title='bbox 1063 1381 1170 1435; x_wconf 94' lang='lat' dir='ltr'>hoc,</span> <span class='ocrx_word' id='word_1_218' title='bbox 1203 1381 1326 1440; x_wconf 92' lang='lat' dir='ltr'>quod</span> <span class='ocrx_word' id='word_1_219' title='bbox 1357 1382 1510 1425; x_wconf 92' lang='lat' dir='ltr'>insunt</span> <span class='ocrx_word' id='word_1_220' title='bbox 1541 1383 1773 1427; x_wconf 84' lang='lat' dir='ltr'>materiae.</span> 
     </span>
    </p>

    <p class='ocr_par' dir='ltr' id='par_1_4' title="bbox 83 1445 2099 1962">
     <span class='ocr_line' id='line_1_42' title="bbox 83 1445 2099 1506; baseline 0.003 -17.074"><span class='ocrx_word' id='word_1_221' title='bbox 83 1445 177 1492; x_wconf 46' lang='grc' dir='ltr'>,ἐν</span> <span class='ocrx_word' id='word_1_222' title='bbox 225 1445 333 1491; x_wconf 76' lang='lat' dir='ltr'>Alio</span> <span class='ocrx_word' id='word_1_223' title='bbox 358 1459 469 1491; x_wconf 84' lang='lat' dir='ltr'>vero</span> <span class='ocrx_word' id='word_1_224' title='bbox 501 1445 643 1490; x_wconf 89' lang='lat' dir='ltr'>modo</span> <span class='ocrx_word' id='word_1_225' title='bbox 676 1459 730 1490; x_wconf 90' lang='lat' dir='ltr'>ex</span> <span class='ocrx_word' id='word_1_226' title='bbox 760 1447 991 1506; x_wconf 87' lang='lat' dir='ltr'>principiis</span> <span class='ocrx_word' id='word_1_227' title='bbox 1018 1448 1346 1502; x_wconf 85' lang='lat' dir='ltr'>essentialibus,</span> <span class='ocrx_word' id='word_1_228' title='bbox 1373 1458 1442 1492; x_wconf 87' lang='lat' dir='ltr'>est</span> <span class='ocrx_word' id='word_1_229' title='bbox 1466 1449 1511 1492; x_wconf 88' lang='lat' dir='ltr'>in</span> <span class='ocrx_word' id='word_1_230' title='bbox 1538 1449 1670 1492; x_wconf 90' lang='lat' dir='ltr'>rebus</span> <span class='ocrx_word' id='word_1_231' title='bbox 1707 1447 1914 1493; x_wconf 90' lang='lat' dir='ltr'>absoluta</span> <span class='ocrx_word' id='word_1_232' title='bbox 1945 1462 2099 1494; x_wconf 86' lang='lat' dir='ltr'>neces·</span> 
     </span>
     <span class='ocr_line' id='line_1_43' title="bbox 72 1502 2098 1574; baseline -0.001 -12.978"><span class='ocrx_word' id='word_1_233' title='bbox 72 1502 243 1573; x_wconf 53' lang='grc' dir='ltr'><strong><em>ξζᾳὲοὴεδ</em></strong></span> <span class='ocrx_word' id='word_1_234' title='bbox 272 1525 354 1574; x_wconf 85' lang='lat' dir='ltr'>per</span> <span class='ocrx_word' id='word_1_235' title='bbox 383 1513 592 1558; x_wconf 89' lang='lat' dir='ltr'>ordinem</span> <span class='ocrx_word' id='word_1_236' title='bbox 620 1513 676 1557; x_wconf 89' lang='lat' dir='ltr'>ad</span> <span class='ocrx_word' id='word_1_237' title='bbox 702 1523 851 1572; x_wconf 89' lang='lat' dir='ltr'>partes</span> <span class='ocrx_word' id='word_1_238' title='bbox 878 1514 1110 1568; x_wconf 89' lang='lat' dir='ltr'>materiae,</span> <span class='ocrx_word' id='word_1_239' title='bbox 1149 1514 1225 1559; x_wconf 90' lang='lat' dir='ltr'>vel</span> <span class='ocrx_word' id='word_1_240' title='bbox 1267 1513 1460 1568; x_wconf 86' lang='lat' dir='ltr'>formae,</span> <span class='ocrx_word' id='word_1_241' title='bbox 1502 1515 1540 1559; x_wconf 92' lang='lat' dir='ltr'>si</span> <span class='ocrx_word' id='word_1_242' title='bbox 1573 1515 1797 1574; x_wconf 87' lang='lat' dir='ltr'>contingit</span> <span class='ocrx_word' id='word_1_243' title='bbox 1831 1515 2098 1574; x_wconf 87' lang='lat' dir='ltr'>hujusmodi</span> 
     </span>
     <span class='ocr_line' id='line_1_44' title="bbox 84 1579 2097 1644; baseline 0.002 -19.067"><span class='ocrx_word' id='word_1_244' title='bbox 84 1580 356 1644; x_wconf 47' lang='lat' dir='ltr'>pmcipia</span> <span class='ocrx_word' id='word_1_245' title='bbox 378 1580 427 1624; x_wconf 94' lang='lat' dir='ltr'>in</span> <span class='ocrx_word' id='word_1_246' title='bbox 453 1579 676 1639; x_wconf 84' lang='lat' dir='ltr'>aliquibus</span> <span class='ocrx_word' id='word_1_247' title='bbox 701 1594 797 1626; x_wconf 90' lang='lat' dir='ltr'>non</span> <span class='ocrx_word' id='word_1_248' title='bbox 818 1580 1044 1639; x_wconf 90' lang='lat' dir='ltr'>simplicia</span> <span class='ocrx_word' id='word_1_249' title='bbox 1062 1595 1173 1625; x_wconf 90' lang='lat' dir='ltr'>esse.</span> <span class='ocrx_word' id='word_1_250' title='bbox 1195 1581 1318 1633; x_wconf 89' lang='lat' dir='ltr'>Quia</span> <span class='ocrx_word' id='word_1_251' title='bbox 1335 1582 1458 1626; x_wconf 90' lang='lat' dir='ltr'>enirn</span> <span class='ocrx_word' id='word_1_252' title='bbox 1479 1583 1668 1626; x_wconf 88' lang='lat' dir='ltr'>materia</span> <span class='ocrx_word' id='word_1_253' title='bbox 1691 1582 1873 1641; x_wconf 89' lang='lat' dir='ltr'>propria</span> <span class='ocrx_word' id='word_1_254' title='bbox 1894 1582 2097 1628; x_wconf 88' lang='lat' dir='ltr'>hominis</span> 
     </span>
     <span class='ocr_line' id='line_1_45' title="bbox 98 1646 2098 1707; baseline 0.001 -14.019"><span class='ocrx_word' id='word_1_255' title='bbox 98 1657 204 1695; x_wconf 85' lang='lat' dir='ltr'>est</span> <span class='ocrx_word' id='word_1_256' title='bbox 228 1661 392 1707; x_wconf 90' lang='lat' dir='ltr'>corpus</span> <span class='ocrx_word' id='word_1_257' title='bbox 420 1646 738 1701; x_wconf 88' lang='lat' dir='ltr'>commixtum,</span> <span class='ocrx_word' id='word_1_258' title='bbox 765 1657 809 1692; x_wconf 92' lang='lat' dir='ltr'>et</span> <span class='ocrx_word' id='word_1_259' title='bbox 835 1647 1260 1705; x_wconf 91' lang='lat' dir='ltr'>completionatum,</span> <span class='ocrx_word' id='word_1_260' title='bbox 1284 1658 1328 1693; x_wconf 90' lang='lat' dir='ltr'>et</span> <span class='ocrx_word' id='word_1_261' title='bbox 1350 1649 1680 1707; x_wconf 87' lang='lat' dir='ltr'>organizatum,</span> <span class='ocrx_word' id='word_1_262' title='bbox 1701 1651 2010 1694; x_wconf 88' lang='lat' dir='ltr'>necessarium</span> <span class='ocrx_word' id='word_1_263' title='bbox 2029 1660 2098 1695; x_wconf 91' lang='lat' dir='ltr'>est</span> 
     </span>
     <span class='ocr_line' id='line_1_46' title="bbox 86 1713 2097 1776; baseline 0 -16"><span class='ocrx_word' id='word_1_264' title='bbox 86 1713 339 1761; x_wconf 65' lang='lat' dir='ltr'>absolute</span> <span class='ocrx_word' id='word_1_265' title='bbox 363 1714 603 1758; x_wconf 85' lang='lat' dir='ltr'>hominem</span> <span class='ocrx_word' id='word_1_266' title='bbox 630 1713 863 1773; x_wconf 87' lang='lat' dir='ltr'>quodlibet</span> <span class='ocrx_word' id='word_1_267' title='bbox 888 1714 1237 1770; x_wconf 90' lang='lat' dir='ltr'>elementorum,</span> <span class='ocrx_word' id='word_1_268' title='bbox 1261 1725 1305 1760; x_wconf 90' lang='lat' dir='ltr'>et</span> <span class='ocrx_word' id='word_1_269' title='bbox 1321 1715 1586 1770; x_wconf 88' lang='lat' dir='ltr'>humorum,</span> <span class='ocrx_word' id='word_1_270' title='bbox 1613 1725 1658 1760; x_wconf 90' lang='lat' dir='ltr'>et</span> <span class='ocrx_word' id='word_1_271' title='bbox 1678 1729 1955 1775; x_wconf 87' lang='lat' dir='ltr'>organorum</span> <span class='ocrx_word' id='word_1_272' title='bbox 1980 1717 2097 1776; x_wconf 89' lang='lat' dir='ltr'>prin·</span> 
     </span>
     <span class='ocr_line' id='line_1_47' title="bbox 71 1777 2094 1844; baseline 0.001 -18.061"><span class='ocrx_word' id='word_1_273' title='bbox 71 1777 384 1844; x_wconf 66' lang='lat' dir='ltr'>cipalmm</span> <span class='ocrx_word' id='word_1_274' title='bbox 371 1794 420 1825; x_wconf 82' lang='lat' dir='ltr'>tn</span> <span class='ocrx_word' id='word_1_275' title='bbox 445 1794 493 1825; x_wconf 89' lang='lat' dir='ltr'>se</span> <span class='ocrx_word' id='word_1_276' title='bbox 518 1781 711 1826; x_wconf 87' lang='lat' dir='ltr'>habere:</span> <span class='ocrx_word' id='word_1_277' title='bbox 737 1781 948 1826; x_wconf 87' lang='lat' dir='ltr'>similiter</span> <span class='ocrx_word' id='word_1_278' title='bbox 976 1782 1016 1826; x_wconf 89' lang='lat' dir='ltr'>si</span> <span class='ocrx_word' id='word_1_279' title='bbox 1040 1782 1186 1826; x_wconf 92' lang='lat' dir='ltr'>homo</span> <span class='ocrx_word' id='word_1_280' title='bbox 1214 1793 1282 1826; x_wconf 90' lang='lat' dir='ltr'>est</span> <span class='ocrx_word' id='word_1_281' title='bbox 1317 1782 1488 1826; x_wconf 88' lang='lat' dir='ltr'>animal</span> <span class='ocrx_word' id='word_1_282' title='bbox 1527 1782 1766 1838; x_wconf 88' lang='lat' dir='ltr'>rationale,</span> <span class='ocrx_word' id='word_1_283' title='bbox 1800 1793 1844 1828; x_wconf 90' lang='lat' dir='ltr'>et</span> <span class='ocrx_word' id='word_1_284' title='bbox 1884 1783 2094 1838; x_wconf 87' lang='lat' dir='ltr'>mortale,</span> 
     </span>
     <span class='ocr_line' id='line_1_48' title="bbox 76 1846 2096 1909; baseline 0.001 -14.022"><span class='ocrx_word' id='word_1_285' title='bbox 76 1846 180 1895; x_wconf 41' lang='lat' dir='ltr'>{stet</span> <span class='ocrx_word' id='word_1_286' title='bbox 202 1849 317 1896; x_wconf 85' lang='lat' dir='ltr'>haec</span> <span class='ocrx_word' id='word_1_287' title='bbox 344 1858 414 1893; x_wconf 85' lang='lat' dir='ltr'>est</span> <span class='ocrx_word' id='word_1_288' title='bbox 435 1857 612 1903; x_wconf 84' lang='lat' dir='ltr'>natura,</span> <span class='ocrx_word' id='word_1_289' title='bbox 636 1848 712 1893; x_wconf 83' lang='lat' dir='ltr'>vel</span> <span class='ocrx_word' id='word_1_290' title='bbox 736 1847 886 1894; x_wconf 91' lang='lat' dir='ltr'>forma</span> <span class='ocrx_word' id='word_1_291' title='bbox 911 1849 1129 1904; x_wconf 90' lang='lat' dir='ltr'>hominis,</span> <span class='ocrx_word' id='word_1_292' title='bbox 1154 1852 1465 1895; x_wconf 87' lang='lat' dir='ltr'>necessarium</span> <span class='ocrx_word' id='word_1_293' title='bbox 1493 1860 1561 1895; x_wconf 88' lang='lat' dir='ltr'>est</span> <span class='ocrx_word' id='word_1_294' title='bbox 1585 1851 1737 1909; x_wconf 88' lang='lat' dir='ltr'>ipsum</span> <span class='ocrx_word' id='word_1_295' title='bbox 1765 1861 1809 1896; x_wconf 89' lang='lat' dir='ltr'>et</span> <span class='ocrx_word' id='word_1_296' title='bbox 1835 1851 2004 1896; x_wconf 89' lang='lat' dir='ltr'>animal</span> <span class='ocrx_word' id='word_1_297' title='bbox 2029 1866 2096 1896; x_wconf 89' lang='lat' dir='ltr'>ra·</span> 
     </span>
     <span class='ocr_line' id='line_1_49' title="bbox 72 1873 443 1989; baseline -0.006 -26.733"><span class='ocrx_word' id='word_1_298' title='bbox 72 1873 308 1989; x_wconf 39' lang='lat' dir='ltr'>gruonale</span> <span class='ocrx_word' id='word_1_299' title='bbox 331 1929 443 1961; x_wconf 83' lang='lat' dir='ltr'>esse.</span> 
     </span>
    </p>

    <p class='ocr_par' dir='ltr' id='par_1_5' title="bbox 108 1982 2095 2245">
     <span class='ocr_line' id='line_1_50' title="bbox 221 1982 2093 2045; baseline 0.001 -17"><span class='ocrx_word' id='word_1_300' title='bbox 221 1982 381 2028; x_wconf 80' lang='lat' dir='ltr'>Tertio</span> <span class='ocrx_word' id='word_1_301' title='bbox 412 1982 554 2028; x_wconf 89' lang='lat' dir='ltr'>modo</span> <span class='ocrx_word' id='word_1_302' title='bbox 581 1991 650 2028; x_wconf 89' lang='lat' dir='ltr'>est</span> <span class='ocrx_word' id='word_1_303' title='bbox 678 1983 726 2027; x_wconf 90' lang='lat' dir='ltr'>in</span> <span class='ocrx_word' id='word_1_304' title='bbox 751 1984 885 2028; x_wconf 88' lang='lat' dir='ltr'>rebus</span> <span class='ocrx_word' id='word_1_305' title='bbox 910 1985 1158 2029; x_wconf 87' lang='lat' dir='ltr'>necessitas</span> <span class='ocrx_word' id='word_1_306' title='bbox 1185 1984 1392 2029; x_wconf 87' lang='lat' dir='ltr'>absoluta</span> <span class='ocrx_word' id='word_1_307' title='bbox 1417 1999 1497 2045; x_wconf 89' lang='lat' dir='ltr'>per</span> <span class='ocrx_word' id='word_1_308' title='bbox 1523 1985 1734 2030; x_wconf 90' lang='lat' dir='ltr'>ordinem</span> <span class='ocrx_word' id='word_1_309' title='bbox 1765 1986 2093 2045; x_wconf 85' lang='lat' dir='ltr'>principiorum</span> 
     </span>
     <span class='ocr_line' id='line_1_51' title="bbox 77 2049 2095 2111; baseline 0.001 -15.016"><span class='ocrx_word' id='word_1_310' title='bbox 77 2049 443 2098; x_wconf 46' lang='lat' dir='ltr'>essentialium</span> <span class='ocrx_word' id='word_1_311' title='bbox 468 2051 524 2094; x_wconf 87' lang='lat' dir='ltr'>ad</span> <span class='ocrx_word' id='word_1_312' title='bbox 549 2051 846 2110; x_wconf 86' lang='lat' dir='ltr'>proprietates</span> <span class='ocrx_word' id='word_1_313' title='bbox 873 2062 1205 2111; x_wconf 87' lang='lat' dir='ltr'>consequentes</span> <span class='ocrx_word' id='word_1_314' title='bbox 1241 2052 1498 2107; x_wconf 87' lang='lat' dir='ltr'>materiam,</span> <span class='ocrx_word' id='word_1_315' title='bbox 1532 2062 1576 2097; x_wconf 89' lang='lat' dir='ltr'>et</span> <span class='ocrx_word' id='word_1_316' title='bbox 1610 2051 1832 2107; x_wconf 83' lang='lat' dir='ltr'>formam3</span> <span class='ocrx_word' id='word_1_317' title='bbox 1873 2053 1991 2098; x_wconf 89' lang='lat' dir='ltr'>sicut</span> <span class='ocrx_word' id='word_1_318' title='bbox 2019 2067 2095 2098; x_wconf 91' lang='lat' dir='ltr'>ne-</span> 
     </span>
     <span class='ocr_line' id='line_1_52' title="bbox 90 2117 2095 2179; baseline 0.001 -16.019"><span class='ocrx_word' id='word_1_319' title='bbox 90 2126 260 2163; x_wconf 71' lang='grc' dir='ltr'><strong><em>ενεεδε</em></strong></span> <span class='ocrx_word' id='word_1_320' title='bbox 285 2126 354 2162; x_wconf 89' lang='lat' dir='ltr'>est</span> <span class='ocrx_word' id='word_1_321' title='bbox 378 2130 565 2171; x_wconf 87' lang='lat' dir='ltr'>serram,</span> <span class='ocrx_word' id='word_1_322' title='bbox 591 2117 697 2176; x_wconf 90' lang='lat' dir='ltr'>quia</span> <span class='ocrx_word' id='word_1_323' title='bbox 723 2131 777 2162; x_wconf 88' lang='lat' dir='ltr'>ex</span> <span class='ocrx_word' id='word_1_324' title='bbox 801 2117 921 2163; x_wconf 89' lang='lat' dir='ltr'>ferro</span> <span class='ocrx_word' id='word_1_325' title='bbox 949 2128 1030 2173; x_wconf 90' lang='lat' dir='ltr'>est,</span> <span class='ocrx_word' id='word_1_326' title='bbox 1057 2118 1218 2163; x_wconf 89' lang='lat' dir='ltr'>duram</span> <span class='ocrx_word' id='word_1_327' title='bbox 1261 2133 1374 2174; x_wconf 87' lang='lat' dir='ltr'>esse,</span> <span class='ocrx_word' id='word_1_328' title='bbox 1415 2129 1460 2164; x_wconf 93' lang='lat' dir='ltr'>et</span> <span class='ocrx_word' id='word_1_329' title='bbox 1494 2119 1748 2175; x_wconf 88' lang='lat' dir='ltr'>hominem,</span> <span class='ocrx_word' id='word_1_330' title='bbox 1776 2119 1882 2179; x_wconf 91' lang='lat' dir='ltr'>quia</span> <span class='ocrx_word' id='word_1_331' title='bbox 1922 2119 2095 2164; x_wconf 86' lang='lat' dir='ltr'>animal</span> 
     </span>
     <span class='ocr_line' id='line_1_53' title="bbox 69 2183 1259 2262; baseline 0.001 -33.036"><span class='ocrx_word' id='word_1_332' title='bbox 69 2183 351 2235; x_wconf 58' lang='lat' dir='ltr'>*rationale</span> <span class='ocrx_word' id='word_1_333' title='bbox 378 2194 459 2238; x_wconf 85' lang='lat' dir='ltr'>est,</span> <span class='ocrx_word' id='word_1_334' title='bbox 486 2183 751 2242; x_wconf 86' lang='lat' dir='ltr'>disciplinae</span> <span class='ocrx_word' id='word_1_335' title='bbox 777 2185 1119 2262; x_wconf 86' lang='lat' dir='ltr'>perceptibilem</span> <span class='ocrx_word' id='word_1_336' title='bbox 1146 2199 1259 2231; x_wconf 89' lang='lat' dir='ltr'>esse.</span> 
     </span>
    </p>

    <p class='ocr_par' dir='ltr' id='par_1_6' title="bbox 75 2244 2158 3048">
     <span class='ocr_line' id='line_1_54' title="bbox 75 2244 2092 2321; baseline 0.001 -26"><span class='ocrx_word' id='word_1_337' title='bbox 75 2244 162 2321; x_wconf 30' lang='lat'>§³³⁷⁷</span> <span class='ocrx_word' id='word_1_338' title='bbox 220 2250 483 2296; x_wconf 80' lang='lat' dir='ltr'>Necessitas</span> <span class='ocrx_word' id='word_1_339' title='bbox 506 2264 618 2295; x_wconf 88' lang='lat' dir='ltr'>vero</span> <span class='ocrx_word' id='word_1_340' title='bbox 645 2252 820 2310; x_wconf 86' lang='lat' dir='ltr'>agentis</span> <span class='ocrx_word' id='word_1_341' title='bbox 837 2253 1151 2298; x_wconf 90' lang='lat' dir='ltr'>consideratur</span> <span class='ocrx_word' id='word_1_342' title='bbox 1169 2263 1213 2298; x_wconf 89' lang='lat' dir='ltr'>et</span> <span class='ocrx_word' id='word_1_343' title='bbox 1227 2263 1450 2313; x_wconf 90' lang='lat' dir='ltr'>quantum</span> <span class='ocrx_word' id='word_1_344' title='bbox 1477 2253 1560 2298; x_wconf 92' lang='lat' dir='ltr'>ad</span> <span class='ocrx_word' id='word_1_345' title='bbox 1549 2267 1699 2313; x_wconf 81' lang='lat' dir='ltr'>ipsum</span> <span class='ocrx_word' id='word_1_346' title='bbox 1718 2267 1868 2313; x_wconf 89' lang='lat' dir='ltr'>agere,</span> <span class='ocrx_word' id='word_1_347' title='bbox 1891 2264 1935 2299; x_wconf 93' lang='lat' dir='ltr'>et</span> <span class='ocrx_word' id='word_1_348' title='bbox 1955 2268 2092 2314; x_wconf 91' lang='lat' dir='ltr'>quan-</span> 
     </span>
     <span class='ocr_line' id='line_1_55' title="bbox 89 2316 2092 2378; baseline 0.001 -14.038"><span class='ocrx_word' id='word_1_349' title='bbox 89 2323 229 2367; x_wconf 64' lang='lat' dir='ltr'>m</span> <span class='ocrx_word' id='word_1_350' title='bbox 253 2317 311 2364; x_wconf 75' lang='lat' dir='ltr'>ad</span> <span class='ocrx_word' id='word_1_351' title='bbox 335 2316 551 2363; x_wconf 87' lang='lat' dir='ltr'>effectum</span> <span class='ocrx_word' id='word_1_352' title='bbox 577 2330 952 2378; x_wconf 89' lang='lat' dir='ltr'>consequentem.</span> <span class='ocrx_word' id='word_1_353' title='bbox 978 2321 1133 2364; x_wconf 90' lang='lat' dir='ltr'>Prima</span> <span class='ocrx_word' id='word_1_354' title='bbox 1174 2331 1328 2365; x_wconf 88' lang='lat' dir='ltr'>autem</span> <span class='ocrx_word' id='word_1_355' title='bbox 1367 2323 1650 2366; x_wconf 87' lang='lat' dir='ltr'>necessitatis</span> <span class='ocrx_word' id='word_1_356' title='bbox 1693 2321 2000 2366; x_wconf 89' lang='lat' dir='ltr'>consideratio</span> <span class='ocrx_word' id='word_1_357' title='bbox 2037 2322 2092 2366; x_wconf 92' lang='lat' dir='ltr'>si-</span> 
     </span>
     <span class='ocr_line' id='line_1_56' title="bbox 239 2385 2091 2448; baseline 0.002 -18.593"><span class='ocrx_word' id='word_1_358' title='bbox 239 2394 345 2430; x_wconf 82' lang='lat' dir='ltr'>est</span> <span class='ocrx_word' id='word_1_359' title='bbox 367 2385 629 2430; x_wconf 86' lang='lat' dir='ltr'>necessitati</span> <span class='ocrx_word' id='word_1_360' title='bbox 654 2386 916 2442; x_wconf 88' lang='lat' dir='ltr'>accidentis,</span> <span class='ocrx_word' id='word_1_361' title='bbox 942 2401 1081 2447; x_wconf 88' lang='lat' dir='ltr'>quam</span> <span class='ocrx_word' id='word_1_362' title='bbox 1121 2388 1259 2432; x_wconf 89' lang='lat' dir='ltr'>habet</span> <span class='ocrx_word' id='word_1_363' title='bbox 1300 2403 1356 2433; x_wconf 86' lang='lat' dir='ltr'>ex</span> <span class='ocrx_word' id='word_1_364' title='bbox 1389 2388 1620 2448; x_wconf 90' lang='lat' dir='ltr'>principiis</span> <span class='ocrx_word' id='word_1_365' title='bbox 1646 2388 1939 2444; x_wconf 90' lang='lat' dir='ltr'>formalibus,</span> <span class='ocrx_word' id='word_1_366' title='bbox 1973 2390 2091 2434; x_wconf 88' lang='lat' dir='ltr'>sicut</span> 
     </span>
     <span class='ocr_line' id='line_1_57' title="bbox 204 2451 2090 2515; baseline 0.002 -18.761"><span class='ocrx_word' id='word_1_367' title='bbox 204 2465 253 2497; x_wconf 83' lang='lat' dir='ltr'>m</span> <span class='ocrx_word' id='word_1_368' title='bbox 277 2451 368 2496; x_wconf 89' lang='lat' dir='ltr'>alia</span> <span class='ocrx_word' id='word_1_369' title='bbox 393 2452 647 2498; x_wconf 90' lang='lat' dir='ltr'>accidentia</span> <span class='ocrx_word' id='word_1_370' title='bbox 678 2467 733 2497; x_wconf 84' lang='lat' dir='ltr'>ex</span> <span class='ocrx_word' id='word_1_371' title='bbox 762 2456 1032 2499; x_wconf 88' lang='lat' dir='ltr'>necessitate</span> <span class='ocrx_word' id='word_1_372' title='bbox 1049 2455 1378 2514; x_wconf 89' lang='lat' dir='ltr'>principiorum</span> <span class='ocrx_word' id='word_1_373' title='bbox 1404 2455 1716 2500; x_wconf 89' lang='lat' dir='ltr'>essentialium</span> <span class='ocrx_word' id='word_1_374' title='bbox 1742 2456 2006 2515; x_wconf 92' lang='lat' dir='ltr'>procedunt,</span> <span class='ocrx_word' id='word_1_375' title='bbox 2027 2456 2090 2501; x_wconf 91' lang='lat' dir='ltr'>ita</span> 
     </span>
     <span class='ocr_line' id='line_1_58' title="bbox 143 2515 2090 2583; baseline 0.003 -20"><span class='ocrx_word' id='word_1_376' title='bbox 143 2515 151 2525; x_wconf 89' lang='grc'><em>“</em></span> <span class='ocrx_word' id='word_1_377' title='bbox 194 2532 198 2535; x_wconf 73' lang='grc'>’</span> <span class='ocrx_word' id='word_1_378' title='bbox 229 2519 323 2564; x_wconf 82' lang='lat' dir='ltr'>ctio</span> <span class='ocrx_word' id='word_1_379' title='bbox 354 2532 408 2563; x_wconf 83' lang='lat' dir='ltr'>ex</span> <span class='ocrx_word' id='word_1_380' title='bbox 438 2520 710 2565; x_wconf 86' lang='lat' dir='ltr'>necessitate</span> <span class='ocrx_word' id='word_1_381' title='bbox 740 2519 932 2577; x_wconf 86' lang='lat' dir='ltr'>formae,</span> <span class='ocrx_word' id='word_1_382' title='bbox 959 2536 1040 2582; x_wconf 89' lang='lat' dir='ltr'>per</span> <span class='ocrx_word' id='word_1_383' title='bbox 1063 2536 1203 2581; x_wconf 88' lang='lat' dir='ltr'>quam</span> <span class='ocrx_word' id='word_1_384' title='bbox 1231 2536 1371 2582; x_wconf 75' lang='lat' dir='ltr'>agens</span> <span class='ocrx_word' id='word_1_385' title='bbox 1408 2532 1477 2566; x_wconf 90' lang='lat' dir='ltr'>est</span> <span class='ocrx_word' id='word_1_386' title='bbox 1510 2532 1638 2567; x_wconf 89' lang='lat' dir='ltr'>actu:</span> <span class='ocrx_word' id='word_1_387' title='bbox 1675 2523 1739 2567; x_wconf 92' lang='lat' dir='ltr'>sic</span> <span class='ocrx_word' id='word_1_388' title='bbox 1773 2523 1896 2567; x_wconf 89' lang='lat' dir='ltr'>enim</span> <span class='ocrx_word' id='word_1_389' title='bbox 1923 2524 2017 2583; x_wconf 89' lang='lat' dir='ltr'>agit</span> <span class='ocrx_word' id='word_1_390' title='bbox 2041 2534 2090 2568; x_wconf 90' lang='lat' dir='ltr'>ut</span> 
     </span>
     <span class='ocr_line' id='line_1_59' title="bbox 258 2594 337 2631; baseline -0.013 0"><span class='ocrx_word' id='word_1_391' title='bbox 258 2594 337 2631; x_wconf 54' lang='lat' dir='ltr'>at.</span> 
     </span>
     <span class='ocr_line' id='line_1_60' title="bbox 215 2651 2091 2715; baseline 0.003 -18"><span class='ocrx_word' id='word_1_392' title='bbox 215 2651 491 2698; x_wconf 86' lang='lat' dir='ltr'>Differenter</span> <span class='ocrx_word' id='word_1_393' title='bbox 514 2663 671 2699; x_wconf 88' lang='lat' dir='ltr'>tamen</span> <span class='ocrx_word' id='word_1_394' title='bbox 696 2654 788 2700; x_wconf 92' lang='lat' dir='ltr'>hoc</span> <span class='ocrx_word' id='word_1_395' title='bbox 815 2655 1015 2700; x_wconf 88' lang='lat' dir='ltr'>accidit</span> <span class='ocrx_word' id='word_1_396' title='bbox 1003 2670 1051 2700; x_wconf 80' lang='lat' dir='ltr'>in</span> <span class='ocrx_word' id='word_1_397' title='bbox 1074 2655 1256 2700; x_wconf 90' lang='lat' dir='ltr'>actione</span> <span class='ocrx_word' id='word_1_398' title='bbox 1276 2669 1392 2714; x_wconf 90' lang='lat' dir='ltr'>quae</span> <span class='ocrx_word' id='word_1_399' title='bbox 1413 2655 1460 2699; x_wconf 90' lang='lat' dir='ltr'>in</span> <span class='ocrx_word' id='word_1_400' title='bbox 1476 2656 1576 2715; x_wconf 88' lang='lat' dir='ltr'>ipso</span> <span class='ocrx_word' id='word_1_401' title='bbox 1601 2666 1763 2715; x_wconf 86' lang='lat' dir='ltr'>agente</span> <span class='ocrx_word' id='word_1_402' title='bbox 1787 2667 1956 2711; x_wconf 90' lang='lat' dir='ltr'>manet,</span> <span class='ocrx_word' id='word_1_403' title='bbox 1974 2657 2091 2702; x_wconf 90' lang='lat' dir='ltr'>sicut</span> 
     </span>
     <span class='ocr_line' id='line_1_61' title="bbox 86 2717 2088 2781; baseline 0.001 -15"><span class='ocrx_word' id='word_1_404' title='bbox 86 2763 93 2768; x_wconf 73' lang='grc'>,,</span> <span class='ocrx_word' id='word_1_405' title='bbox 221 2717 379 2779; x_wconf 86' lang='lat' dir='ltr'>lligere</span> <span class='ocrx_word' id='word_1_406' title='bbox 397 2729 442 2764; x_wconf 84' lang='lat' dir='ltr'>et</span> <span class='ocrx_word' id='word_1_407' title='bbox 455 2719 588 2775; x_wconf 84' lang='lat' dir='ltr'>velle,</span> <span class='ocrx_word' id='word_1_408' title='bbox 605 2731 650 2765; x_wconf 88' lang='lat' dir='ltr'>et</span> <span class='ocrx_word' id='word_1_409' title='bbox 665 2721 724 2765; x_wconf 88' lang='lat' dir='ltr'>in</span> <span class='ocrx_word' id='word_1_410' title='bbox 731 2722 911 2766; x_wconf 89' lang='lat' dir='ltr'>actione</span> <span class='ocrx_word' id='word_1_411' title='bbox 929 2736 1045 2781; x_wconf 90' lang='lat' dir='ltr'>quae</span> <span class='ocrx_word' id='word_1_412' title='bbox 1067 2722 1113 2766; x_wconf 90' lang='lat' dir='ltr'>in</span> <span class='ocrx_word' id='word_1_413' title='bbox 1131 2721 1323 2766; x_wconf 89' lang='lat' dir='ltr'>alterum</span> <span class='ocrx_word' id='word_1_414' title='bbox 1338 2723 1511 2776; x_wconf 90' lang='lat' dir='ltr'>transit,</span> <span class='ocrx_word' id='word_1_415' title='bbox 1538 2723 1654 2767; x_wconf 89' lang='lat' dir='ltr'>sicut</span> <span class='ocrx_word' id='word_1_416' title='bbox 1680 2737 1716 2768; x_wconf 93' lang='lat' dir='ltr'>c</span> <span class='ocrx_word' id='word_1_417' title='bbox 1708 2722 1944 2768; x_wconf 75' lang='lat' dir='ltr'>ilefacere.</span> <span class='ocrx_word' id='word_1_418' title='bbox 1965 2724 2088 2768; x_wconf 87' lang='lat' dir='ltr'>Nam</span> 
     </span>
     <span class='ocr_line' id='line_1_62' title="bbox 83 2777 2088 2866; baseline 0.003 -36.077"><span class='ocrx_word' id='word_1_419' title='bbox 83 2777 177 2834; x_wconf 64' lang='lat' dir='ltr'>“h</span> <span class='ocrx_word' id='word_1_420' title='bbox 202 2786 355 2846; x_wconf 87' lang='lat' dir='ltr'>primo</span> <span class='ocrx_word' id='word_1_421' title='bbox 388 2800 556 2845; x_wconf 87' lang='lat' dir='ltr'>genere</span> <span class='ocrx_word' id='word_1_422' title='bbox 592 2788 784 2832; x_wconf 88' lang='lat' dir='ltr'>actionis</span> <span class='ocrx_word' id='word_1_423' title='bbox 818 2791 1020 2866; x_wconf 85' lang='lat' dir='ltr'>sequitur</span> <span class='ocrx_word' id='word_1_424' title='bbox 1055 2803 1109 2833; x_wconf 85' lang='lat' dir='ltr'>ex</span> <span class='ocrx_word' id='word_1_425' title='bbox 1139 2788 1303 2842; x_wconf 89' lang='lat' dir='ltr'>forma,</span> <span class='ocrx_word' id='word_1_426' title='bbox 1335 2803 1416 2848; x_wconf 89' lang='lat' dir='ltr'>per</span> <span class='ocrx_word' id='word_1_427' title='bbox 1455 2803 1594 2848; x_wconf 89' lang='lat' dir='ltr'>quam</span> <span class='ocrx_word' id='word_1_428' title='bbox 1637 2804 1776 2848; x_wconf 91' lang='lat' dir='ltr'>agens</span> <span class='ocrx_word' id='word_1_429' title='bbox 1816 2790 1866 2835; x_wconf 85' lang='lat' dir='ltr'>fit</span> <span class='ocrx_word' id='word_1_430' title='bbox 1895 2791 1942 2834; x_wconf 93' lang='lat' dir='ltr'>in</span> <span class='ocrx_word' id='word_1_431' title='bbox 1969 2800 2088 2847; x_wconf 87' lang='lat' dir='ltr'>actu,</span> 
     </span>
     <span class='ocr_line' id='line_1_63' title="bbox 75 2854 2087 2916; baseline 0.002 -17.047"><span class='ocrx_word' id='word_1_432' title='bbox 75 2854 374 2901; x_wconf 49' lang='lat' dir='ltr'>&amp;necessitas</span> <span class='ocrx_word' id='word_1_433' title='bbox 401 2854 596 2899; x_wconf 86' lang='lat' dir='ltr'>actionis</span> <span class='ocrx_word' id='word_1_434' title='bbox 620 2856 779 2914; x_wconf 87' lang='lat' dir='ltr'>ipsius:</span> <span class='ocrx_word' id='word_1_435' title='bbox 807 2856 914 2914; x_wconf 89' lang='lat' dir='ltr'>quia</span> <span class='ocrx_word' id='word_1_436' title='bbox 940 2855 995 2900; x_wconf 90' lang='lat' dir='ltr'>ad</span> <span class='ocrx_word' id='word_1_437' title='bbox 1023 2870 1121 2900; x_wconf 88' lang='lat' dir='ltr'>esse</span> <span class='ocrx_word' id='word_1_438' title='bbox 1147 2856 1243 2914; x_wconf 89' lang='lat' dir='ltr'>ejus</span> <span class='ocrx_word' id='word_1_439' title='bbox 1269 2855 1385 2900; x_wconf 89' lang='lat' dir='ltr'>nihil</span> <span class='ocrx_word' id='word_1_440' title='bbox 1426 2857 1728 2902; x_wconf 85' lang='lat' dir='ltr'>extrinsecum</span> <span class='ocrx_word' id='word_1_441' title='bbox 1770 2858 2010 2916; x_wconf 91' lang='lat' dir='ltr'>requiritur</span> <span class='ocrx_word' id='word_1_442' title='bbox 2040 2858 2087 2902; x_wconf 93' lang='lat' dir='ltr'>in</span> 
     </span>
     <span class='ocr_line' id='line_1_64' title="bbox 75 2917 2088 3004; baseline 0.003 -39.081"><span class='ocrx_word' id='word_1_443' title='bbox 75 2917 250 2989; x_wconf 53' lang='lat' dir='ltr'>lqnod</span> <span class='ocrx_word' id='word_1_444' title='bbox 275 2920 395 2965; x_wconf 83' lang='lat' dir='ltr'>actio</span> <span class='ocrx_word' id='word_1_445' title='bbox 420 2921 712 2976; x_wconf 84' lang='lat' dir='ltr'>terminetur3</span> <span class='ocrx_word' id='word_1_446' title='bbox 741 2935 845 2965; x_wconf 90' lang='lat' dir='ltr'>cum</span> <span class='ocrx_word' id='word_1_447' title='bbox 873 2923 996 2966; x_wconf 91' lang='lat' dir='ltr'>enim</span> <span class='ocrx_word' id='word_1_448' title='bbox 1022 2936 1181 2967; x_wconf 88' lang='lat' dir='ltr'>sensus</span> <span class='ocrx_word' id='word_1_449' title='bbox 1208 2922 1341 2967; x_wconf 90' lang='lat' dir='ltr'>fuerit</span> <span class='ocrx_word' id='word_1_450' title='bbox 1365 2922 1509 2968; x_wconf 89' lang='lat' dir='ltr'>factus</span> <span class='ocrx_word' id='word_1_451' title='bbox 1548 2924 1594 2967; x_wconf 89' lang='lat' dir='ltr'>in</span> <span class='ocrx_word' id='word_1_452' title='bbox 1638 2934 1740 2968; x_wconf 90' lang='lat' dir='ltr'>actu</span> <span class='ocrx_word' id='word_1_453' title='bbox 1782 2939 1862 2983; x_wconf 92' lang='lat' dir='ltr'>per</span> <span class='ocrx_word' id='word_1_454' title='bbox 1886 2925 2088 3004; x_wconf 85' lang='lat' dir='ltr'>speciem</span> 
     </span>
     <span class='ocr_line' id='line_1_65' title="bbox 79 2978 2158 3048; baseline 0.002 -15.084"><span class='ocrx_word' id='word_1_455' title='bbox 79 2978 400 3042; x_wconf 66' lang='lat' dir='ltr'>tensibilem,</span> <span class='ocrx_word' id='word_1_456' title='bbox 425 3002 615 3033; x_wconf 87' lang='lat' dir='ltr'>necesse</span> <span class='ocrx_word' id='word_1_457' title='bbox 643 2999 710 3034; x_wconf 91' lang='lat' dir='ltr'>est</span> <span class='ocrx_word' id='word_1_458' title='bbox 734 2985 884 3048; x_wconf 89' lang='lat' dir='ltr'>ipsum</span> <span class='ocrx_word' id='word_1_459' title='bbox 911 2990 1091 3044; x_wconf 88' lang='lat' dir='ltr'>sentire,</span> <span class='ocrx_word' id='word_1_460' title='bbox 1119 2999 1163 3034; x_wconf 92' lang='lat' dir='ltr'>et</span> <span class='ocrx_word' id='word_1_461' title='bbox 1189 2989 1397 3035; x_wconf 89' lang='lat' dir='ltr'>similiter</span> <span class='ocrx_word' id='word_1_462' title='bbox 1419 3005 1526 3035; x_wconf 91' lang='lat' dir='ltr'>cum</span> <span class='ocrx_word' id='word_1_463' title='bbox 1547 2991 1803 3036; x_wconf 89' lang='lat' dir='ltr'>intellectus</span> <span class='ocrx_word' id='word_1_464' title='bbox 1827 3002 1896 3037; x_wconf 89' lang='lat' dir='ltr'>est</span> <span class='ocrx_word' id='word_1_465' title='bbox 1916 2994 1961 3036; x_wconf 91' lang='lat' dir='ltr'>in</span> <span class='ocrx_word' id='word_1_466' title='bbox 1984 3002 2087 3038; x_wconf 86' lang='lat' dir='ltr'>actu</span> <span class='ocrx_word' id='word_1_467' title='bbox 2146 3026 2158 3030; x_wconf 31' lang='lat' dir='ltr'>v-</span> 
     </span>
    </p>
   </div>
   <div class='ocr_carea' id='block_1_4' title="bbox 5 2124 77 2187">
    <p class='ocr_par' dir='ltr' id='par_1_7' title="bbox 5 2124 77 2187">
     <span class='ocr_line' id='line_1_66' title="bbox 5 2124 77 2187; baseline 0 0"><span class='ocrx_word' id='word_1_468' title='bbox 5 2124 77 2187; x_wconf 67' lang='lat' dir='ltr'>i</span> 
     </span>
    </p>
   </div>
   <div class='ocr_carea' id='block_1_5' title="bbox 64 3054 2088 3650">
    <p class='ocr_par' dir='ltr' id='par_1_8' title="bbox 72 3054 2087 3317">
     <span class='ocr_line' id='line_1_67' title="bbox 72 3054 2087 3118; baseline 0.003 -20.078"><span class='ocrx_word' id='word_1_469' title='bbox 72 3058 208 3113; x_wconf 53' lang='grc' dir='ltr'><strong><em>ψει·</em></strong></span> <span class='ocrx_word' id='word_1_470' title='bbox 229 3055 431 3114; x_wconf 84' lang='lat' dir='ltr'>speciem</span> <span class='ocrx_word' id='word_1_471' title='bbox 456 3054 803 3114; x_wconf 87' lang='lat' dir='ltr'>intelligibilem.</span> <span class='ocrx_word' id='word_1_472' title='bbox 836 3057 888 3100; x_wconf 90' lang='lat' dir='ltr'>In</span> <span class='ocrx_word' id='word_1_473' title='bbox 921 3057 1123 3101; x_wconf 90' lang='lat' dir='ltr'>secundo</span> <span class='ocrx_word' id='word_1_474' title='bbox 1172 3068 1324 3101; x_wconf 90' lang='lat' dir='ltr'>autem</span> <span class='ocrx_word' id='word_1_475' title='bbox 1361 3071 1527 3116; x_wconf 87' lang='lat' dir='ltr'>genere</span> <span class='ocrx_word' id='word_1_476' title='bbox 1565 3059 1771 3113; x_wconf 89' lang='lat' dir='ltr'>actionis,</span> <span class='ocrx_word' id='word_1_477' title='bbox 1806 3059 2087 3118; x_wconf 67' lang='lat' dir='ltr'>sequituruex</span> 
     </span>
     <span class='ocr_line' id='line_1_68' title="bbox 74 3116 2088 3184; baseline 0.004 -20.085"><span class='ocrx_word' id='word_1_478' title='bbox 74 3116 276 3181; x_wconf 41' lang='lat' dir='ltr'>,afferma</span> <span class='ocrx_word' id='word_1_479' title='bbox 299 3121 547 3166; x_wconf 87' lang='lat' dir='ltr'>necessitas</span> <span class='ocrx_word' id='word_1_480' title='bbox 572 3123 765 3167; x_wconf 89' lang='lat' dir='ltr'>actionis</span> <span class='ocrx_word' id='word_1_481' title='bbox 792 3133 1013 3182; x_wconf 92' lang='lat' dir='ltr'>quantum</span> <span class='ocrx_word' id='word_1_482' title='bbox 1041 3124 1096 3167; x_wconf 91' lang='lat' dir='ltr'>ad</span> <span class='ocrx_word' id='word_1_483' title='bbox 1122 3123 1335 3168; x_wconf 89' lang='lat' dir='ltr'>virtutem</span> <span class='ocrx_word' id='word_1_484' title='bbox 1362 3125 1554 3183; x_wconf 83' lang='lat' dir='ltr'>agendi3</span> <span class='ocrx_word' id='word_1_485' title='bbox 1580 3125 1618 3169; x_wconf 91' lang='lat' dir='ltr'>si</span> <span class='ocrx_word' id='word_1_486' title='bbox 1643 3126 1766 3169; x_wconf 87' lang='lat' dir='ltr'>enim</span> <span class='ocrx_word' id='word_1_487' title='bbox 1791 3126 1909 3184; x_wconf 89' lang='lat' dir='ltr'>ignis</span> <span class='ocrx_word' id='word_1_488' title='bbox 1935 3126 1992 3171; x_wconf 92' lang='lat' dir='ltr'>sit</span> <span class='ocrx_word' id='word_1_489' title='bbox 2017 3140 2088 3171; x_wconf 89' lang='lat' dir='ltr'>ca-</span> 
     </span>
     <span class='ocr_line' id='line_1_69' title="bbox 78 3182 2087 3249; baseline 0.004 -19.085"><span class='ocrx_word' id='word_1_490' title='bbox 78 3182 258 3240; x_wconf 45' lang='lat' dir='ltr'>mdus,</span> <span class='ocrx_word' id='word_1_491' title='bbox 283 3188 593 3232; x_wconf 85' lang='lat' dir='ltr'>necessarium</span> <span class='ocrx_word' id='word_1_492' title='bbox 618 3199 686 3234; x_wconf 90' lang='lat' dir='ltr'>est</span> <span class='ocrx_word' id='word_1_493' title='bbox 708 3190 859 3249; x_wconf 83' lang='lat' dir='ltr'>ipsum</span> <span class='ocrx_word' id='word_1_494' title='bbox 885 3190 1053 3235; x_wconf 86' lang='lat' dir='ltr'>habere</span> <span class='ocrx_word' id='word_1_495' title='bbox 1078 3191 1292 3235; x_wconf 87' lang='lat' dir='ltr'>virtutem</span> <span class='ocrx_word' id='word_1_496' title='bbox 1321 3190 1639 3236; x_wconf 86' lang='lat' dir='ltr'>calefaciendi:</span> <span class='ocrx_word' id='word_1_497' title='bbox 1677 3205 1771 3236; x_wconf 92' lang='lat' dir='ltr'>non</span> <span class='ocrx_word' id='word_1_498' title='bbox 1812 3202 1968 3237; x_wconf 91' lang='lat' dir='ltr'>tamen</span> <span class='ocrx_word' id='word_1_499' title='bbox 2007 3206 2087 3238; x_wconf 91' lang='lat' dir='ltr'>ne-</span> 
     </span>
     <span class='ocr_line' id='line_1_70' title="bbox 93 3253 1826 3317; baseline 0.002 -18.078"><span class='ocrx_word' id='word_1_500' title='bbox 93 3264 251 3299; x_wconf 78' lang='lat' dir='ltr'>cesse</span> <span class='ocrx_word' id='word_1_501' title='bbox 279 3263 348 3298; x_wconf 86' lang='lat' dir='ltr'>est</span> <span class='ocrx_word' id='word_1_502' title='bbox 371 3253 521 3312; x_wconf 89' lang='lat' dir='ltr'>ipsum</span> <span class='ocrx_word' id='word_1_503' title='bbox 548 3254 811 3310; x_wconf 88' lang='lat' dir='ltr'>calefacere,</span> <span class='ocrx_word' id='word_1_504' title='bbox 838 3270 893 3302; x_wconf 90' lang='lat' dir='ltr'>eo</span> <span class='ocrx_word' id='word_1_505' title='bbox 921 3257 1043 3316; x_wconf 90' lang='lat' dir='ltr'>quod</span> <span class='ocrx_word' id='word_1_506' title='bbox 1071 3257 1124 3301; x_wconf 88' lang='lat' dir='ltr'>ab</span> <span class='ocrx_word' id='word_1_507' title='bbox 1148 3258 1401 3302; x_wconf 89' lang='lat' dir='ltr'>extrinseco</span> <span class='ocrx_word' id='word_1_508' title='bbox 1428 3258 1639 3317; x_wconf 90' lang='lat' dir='ltr'>impediri</span> <span class='ocrx_word' id='word_1_509' title='bbox 1664 3269 1826 3317; x_wconf 87' lang='lat' dir='ltr'>potest.</span> 
     </span>
    </p>

    <p class='ocr_par' dir='ltr' id='par_1_9' title="bbox 56 3318 2085 3650">
     <span class='ocr_line' id='line_1_71' title="bbox 144 3318 2084 3383; baseline 0.004 -18.714"><span class='ocrx_word' id='word_1_510' title='bbox 144 3339 149 3347; x_wconf 32' lang='grc' dir='ltr'>’ν</span> <span class='ocrx_word' id='word_1_511' title='bbox 213 3318 313 3365; x_wconf 90' lang='lat' dir='ltr'>Nec</span> <span class='ocrx_word' id='word_1_512' title='bbox 341 3320 398 3365; x_wconf 89' lang='lat' dir='ltr'>ad</span> <span class='ocrx_word' id='word_1_513' title='bbox 423 3322 709 3380; x_wconf 91' lang='lat' dir='ltr'>propositum</span> <span class='ocrx_word' id='word_1_514' title='bbox 735 3322 897 3378; x_wconf 89' lang='lat' dir='ltr'>differt,</span> <span class='ocrx_word' id='word_1_515' title='bbox 924 3334 1071 3369; x_wconf 90' lang='lat' dir='ltr'>utrum</span> <span class='ocrx_word' id='word_1_516' title='bbox 1102 3338 1240 3383; x_wconf 89' lang='lat' dir='ltr'>agens</span> <span class='ocrx_word' id='word_1_517' title='bbox 1283 3325 1340 3369; x_wconf 90' lang='lat' dir='ltr'>sit</span> <span class='ocrx_word' id='word_1_518' title='bbox 1381 3339 1495 3368; x_wconf 89' lang='lat' dir='ltr'>unus</span> <span class='ocrx_word' id='word_1_519' title='bbox 1536 3334 1715 3369; x_wconf 91' lang='lat' dir='ltr'>tantum</span> <span class='ocrx_word' id='word_1_520' title='bbox 1757 3326 1812 3370; x_wconf 90' lang='lat' dir='ltr'>ad</span> <span class='ocrx_word' id='word_1_521' title='bbox 1854 3327 2084 3372; x_wconf 85' lang='lat' dir='ltr'>actionem</span> 
     </span>
     <span class='ocr_line' id='line_1_72' title="bbox 74 3372 2085 3466; baseline 0.005 -36.239"><span class='ocrx_word' id='word_1_522' title='bbox 74 3372 353 3453; x_wconf 44' lang='lat' dir='ltr'>{sufficiens</span> <span class='ocrx_word' id='word_1_523' title='bbox 377 3400 458 3446; x_wconf 88' lang='lat' dir='ltr'>per</span> <span class='ocrx_word' id='word_1_524' title='bbox 482 3401 614 3433; x_wconf 89' lang='lat' dir='ltr'>suam</span> <span class='ocrx_word' id='word_1_525' title='bbox 638 3387 853 3466; x_wconf 79' lang='lat' dir='ltr'>formam,</span> <span class='ocrx_word' id='word_1_526' title='bbox 877 3390 951 3435; x_wconf 90' lang='lat' dir='ltr'>vel</span> <span class='ocrx_word' id='word_1_527' title='bbox 976 3401 1186 3449; x_wconf 86' lang='lat' dir='ltr'>oporteat</span> <span class='ocrx_word' id='word_1_528' title='bbox 1211 3391 1380 3436; x_wconf 90' lang='lat' dir='ltr'>multos</span> <span class='ocrx_word' id='word_1_529' title='bbox 1408 3401 1592 3450; x_wconf 88' lang='lat' dir='ltr'>agentes</span> <span class='ocrx_word' id='word_1_530' title='bbox 1616 3391 1671 3436; x_wconf 90' lang='lat' dir='ltr'>ad</span> <span class='ocrx_word' id='word_1_531' title='bbox 1694 3406 1832 3437; x_wconf 88' lang='lat' dir='ltr'>unam</span> <span class='ocrx_word' id='word_1_532' title='bbox 1856 3395 2085 3439; x_wconf 91' lang='lat' dir='ltr'>actionem</span> 
     </span>
     <span class='ocr_line' id='line_1_73' title="bbox 64 3433 2084 3515; baseline 0.005 -19.332"><span class='ocrx_word' id='word_1_533' title='bbox 64 3433 355 3515; x_wconf 70' lang='lat' dir='ltr'>agendam</span> <span class='ocrx_word' id='word_1_534' title='bbox 380 3456 665 3514; x_wconf 85' lang='lat' dir='ltr'>congregari,</span> <span class='ocrx_word' id='word_1_535' title='bbox 691 3455 808 3501; x_wconf 90' lang='lat' dir='ltr'>sicut</span> <span class='ocrx_word' id='word_1_536' title='bbox 832 3456 964 3502; x_wconf 87' lang='lat' dir='ltr'>multi</span> <span class='ocrx_word' id='word_1_537' title='bbox 989 3457 1201 3502; x_wconf 90' lang='lat' dir='ltr'>homines</span> <span class='ocrx_word' id='word_1_538' title='bbox 1221 3458 1277 3501; x_wconf 89' lang='lat' dir='ltr'>ad</span> <span class='ocrx_word' id='word_1_539' title='bbox 1293 3458 1563 3502; x_wconf 89' lang='lat' dir='ltr'>trahendam</span> <span class='ocrx_word' id='word_1_540' title='bbox 1588 3458 1768 3504; x_wconf 90' lang='lat' dir='ltr'>navim.</span> <span class='ocrx_word' id='word_1_541' title='bbox 1790 3473 1899 3504; x_wconf 86' lang='lat' dir='ltr'>narn</span> <span class='ocrx_word' id='word_1_542' title='bbox 1922 3474 2084 3506; x_wconf 89' lang='lat' dir='ltr'>omnes</span> 
     </span>
     <span class='ocr_line' id='line_1_74' title="bbox 71 3516 2084 3586; baseline 0.005 -23"><span class='ocrx_word' id='word_1_543' title='bbox 71 3516 110 3547; x_wconf 46' lang='lat'>“⁹</span> <span class='ocrx_word' id='word_1_544' title='bbox 94 3527 234 3586; x_wconf 36' lang='lat' dir='ltr'>{eunt</span> <span class='ocrx_word' id='word_1_545' title='bbox 255 3528 307 3564; x_wconf 86' lang='lat' dir='ltr'>ut</span> <span class='ocrx_word' id='word_1_546' title='bbox 328 3532 444 3564; x_wconf 87' lang='lat' dir='ltr'>unus</span> <span class='ocrx_word' id='word_1_547' title='bbox 470 3533 625 3580; x_wconf 86' lang='lat' dir='ltr'>agens,</span> <span class='ocrx_word' id='word_1_548' title='bbox 650 3521 728 3581; x_wconf 90' lang='lat' dir='ltr'>qui</span> <span class='ocrx_word' id='word_1_549' title='bbox 751 3521 802 3566; x_wconf 89' lang='lat' dir='ltr'>fit</span> <span class='ocrx_word' id='word_1_550' title='bbox 825 3531 929 3568; x_wconf 89' lang='lat' dir='ltr'>actu</span> <span class='ocrx_word' id='word_1_551' title='bbox 954 3537 1035 3583; x_wconf 88' lang='lat' dir='ltr'>per</span> <span class='ocrx_word' id='word_1_552' title='bbox 1061 3523 1386 3568; x_wconf 89' lang='lat' dir='ltr'>adunationem</span> <span class='ocrx_word' id='word_1_553' title='bbox 1412 3538 1572 3569; x_wconf 90' lang='lat' dir='ltr'>eorum</span> <span class='ocrx_word' id='word_1_554' title='bbox 1594 3523 1650 3570; x_wconf 87' lang='lat' dir='ltr'>ad</span> <span class='ocrx_word' id='word_1_555' title='bbox 1674 3526 1902 3572; x_wconf 87' lang='lat' dir='ltr'>actionem</span> <span class='ocrx_word' id='word_1_556' title='bbox 1929 3541 2084 3575; x_wconf 90' lang='lat' dir='ltr'>unam.</span> 
     </span>
     <span class='ocr_line' id='line_1_75' title="bbox 223 3582 2085 3650; baseline 0.005 -20.095"><span class='ocrx_word' id='word_1_557' title='bbox 223 3582 497 3632; x_wconf 82' lang='lat' dir='ltr'>Necessitas</span> <span class='ocrx_word' id='word_1_558' title='bbox 506 3595 659 3632; x_wconf 84' lang='lat' dir='ltr'>autem</span> <span class='ocrx_word' id='word_1_559' title='bbox 684 3600 800 3647; x_wconf 87' lang='lat' dir='ltr'>quae</span> <span class='ocrx_word' id='word_1_560' title='bbox 826 3598 894 3634; x_wconf 89' lang='lat' dir='ltr'>est</span> <span class='ocrx_word' id='word_1_561' title='bbox 918 3602 944 3633; x_wconf 89' lang='lat' dir='ltr'>a</span> <span class='ocrx_word' id='word_1_562' title='bbox 970 3602 1107 3635; x_wconf 85' lang='lat' dir='ltr'>causa</span> <span class='ocrx_word' id='word_1_563' title='bbox 1139 3599 1316 3649; x_wconf 88' lang='lat' dir='ltr'>agente,</span> <span class='ocrx_word' id='word_1_564' title='bbox 1352 3589 1428 3637; x_wconf 85' lang='lat' dir='ltr'>vel</span> <span class='ocrx_word' id='word_1_565' title='bbox 1464 3601 1679 3638; x_wconf 87' lang='lat' dir='ltr'>movente</span> <span class='ocrx_word' id='word_1_566' title='bbox 1714 3592 1761 3641; x_wconf 88' lang='lat' dir='ltr'>in</span> <span class='ocrx_word' id='word_1_567' title='bbox 1798 3593 1979 3650; x_wconf 86' lang='lat' dir='ltr'>effectu,</span> <span class='ocrx_word' id='word_1_568' title='bbox 2009 3593 2085 3640; x_wconf 85' lang='lat' dir='ltr'>vel</span> 
     </span>
    </p>
   </div>
  </div>
 </body>
</html>
