2294 3854
230 237 333 303 652
935 245 1090 284 LIBER
1129 245 1201 283 1v.
1243 244 1364 283 CAP.
1405 223 1502 282 Lv}

224 350 326 394 tatis
361 349 590 408 praedicta
622 347 873 392 incarnatio
907 346 1054 390 attulit
1085 347 1274 400 mundo,
1307 356 1355 390 ut
1386 345 1580 403 septima
1610 345 1726 390 ratio
1758 346 2060 404 procedebat:
2080 346 2181 392 Nec

225 417 424 475 oportuit
450 426 633 474 propter
657 415 746 457 hoc
776 414 897 490 quod
932 427 987 456 ex
1017 413 1332 456 incarnatione
1358 412 1510 455 divina
1536 426 1698 456 omnes
1722 413 1936 457 homines
1961 413 2187 458 salvaren

223 493 307 538 tur,
335 484 411 527 sed
435 493 610 526 tantum
636 480 701 524 illi
728 480 816 538 qui
829 479 1087 538 praedictae
1114 479 1419 523 incarnationi
1437 479 1736 523 adhaererent
1752 493 1833 538 per
1852 478 1990 523 fidem
2013 489 2061 524 et
2076 478 2185 524 fidei

223 559 522 594 sacramenta.

311 615 390 659 Est
415 614 638 672 siquidem
662 612 984 656 incarnationis
1012 612 1193 660 divinae
1219 611 1359 656 virtus
1381 611 1609 656 sufficiens
1636 612 1691 656 ad
1715 612 1925 656 omnium
1940 608 2183 661 hominum

223 681 442 734 salutem3
470 680 547 723 sed
575 679 695 737 quod
723 692 816 721 non
845 692 1007 722 omnes
1029 691 1084 721 ex
1106 678 1197 722 hoc
1215 677 1447 722 salvantur
1462 692 1517 722 ex
1535 691 1697 722 eorum
1713 678 2068 738 indispositione
2078 691 2186 724 con-

222 748 368 805 tingit,
397 746 517 804 quod
544 745 869 788 incarnationis
895 743 1094 788 fructum
1117 745 1165 788 in
1191 758 1240 789 se
1261 745 1490 804 suscipere
1515 744 1693 799 nolunt,
1718 745 1956 790 incarnato
1980 746 2085 790 Deo
2106 760 2186 806 per

223 813 362 856 fidem
389 824 433 856 et
459 825 665 855 amorem
693 825 787 855 non
819 810 1115 854 inhaerendo.
1154 810 1262 855 Non
1296 812 1418 855 enim
1456 820 1552 855 erat
1582 810 1847 856 hominibus
1877 811 2186 857 subtrahenda

223 879 403 922 libertas
427 878 609 931 arbitrii,
636 892 717 936 per
742 891 880 935 quam
906 887 1099 936 possunt
1122 876 1196 921 vel
1226 878 1463 921 inhaerere
1495 876 1571 921 vel
1594 891 1690 921 non
1721 877 1960 923 inhaerere
1985 878 2089 924 Deo
2120 879 2185 924 in-

224 957 422 998 carnato,
445 958 502 987 ne
527 944 701 987 bonum
723 943 926 987 hominis
952 953 1166 988 coactum
1192 954 1324 1004 esset,
1352 953 1397 988 et
1421 953 1606 1002 propter
1634 943 1725 988 hoc
1748 944 1922 1004 absque
1947 945 2114 991 merito
2139 956 2186 991 et

222 1010 481 1055 illaudabile
506 1010 782 1054 redderetur.

311 1077 548 1120 Praedicta
589 1076 727 1120 etiam
767 1076 857 1120 Dei
887 1076 1142 1121 incarnatio
1174 1071 1499 1121 sufficientibus
1530 1077 1711 1122 indiciis
1741 1044 2006 1129 hominibus
2035 1078 2184 1124 mani-

220 1142 380 1187 festata
400 1152 478 1187 est.
496 1142 723 1186 Divinitas
746 1144 867 1186 enim
889 1142 1017 1186 nullo
1041 1143 1182 1187 modo
1207 1143 1552 1187 convenientius
1575 1142 1856 1188 manifestari
1872 1151 2026 1204 potest
2045 1158 2184 1205 quam

221 1224 301 1268 per
332 1224 384 1253 ea
417 1224 532 1268 quae
565 1219 669 1253 sunt
700 1209 881 1268 propria
913 1209 1015 1254 Dei.
1049 1209 1129 1253 Est
1155 1219 1309 1253 autem
1330 1209 1419 1253 Dei
1440 1210 1675 1268 proprium
1701 1210 1825 1268 quod
1847 1219 2036 1255 naturae
2054 1209 2186 1270 leges

220 1277 462 1319 immutare
482 1276 637 1334 possit,
655 1290 789 1334 supra
811 1286 1022 1319 naturam
1045 1275 1214 1335 aliquid
1236 1276 1487 1334 operando,
1507 1277 1635 1334 cujus
1660 1276 1757 1334 ipse
1782 1287 1850 1321 est
1872 1285 2046 1321 auctor.
2063 1276 2187 1322 Con-

219 1342 558 1386 venientissime
576 1342 713 1399 igitur
728 1343 944 1400 probatur
967 1342 1136 1401 aliquid
1155 1356 1254 1387 esse
1278 1342 1481 1386 divinum
1505 1356 1586 1400 per
1608 1355 1745 1402 opera
1769 1357 1889 1402 quae
1902 1357 2039 1402 supra
2058 1343 2185 1404 leges

220 1419 407 1453 naturae
439 1408 566 1462 fiunt,
599 1409 715 1452 sicut
746 1409 868 1467 quod
902 1409 1028 1452 caeci
1059 1407 1387 1464 illu-minentur,
1420 1408 1589 1467 leprosi
1615 1409 1904 1464 mundentur,
1926 1409 2095 1458 mortui
2116 1423 2188 1455 su-

219 1477 447 1519 scitentur.
482 1475 757 1533 Huiusmodi
780 1475 964 1533 quidem
998 1475 1136 1534 opera
1170 1475 1380 1519 Christus
1413 1474 1588 1530 effecit;
1622 1476 1741 1519 unde
1774 1485 1817 1520 et
1848 1476 1949 1535 ipse
1966 1490 2048 1536 per
2067 1476 2185 1522 haec

219 1556 356 1600 opera
382 1542 726 1600 quaerentibus:
769 1543 833 1586 Tu
866 1557 903 1586 es
933 1544 1006 1601 qui
1029 1548 1229 1587 venturus
1254 1557 1307 1597 es,
1334 1557 1390 1586 an
1421 1542 1554 1586 alium
1580 1545 1892 1602 exspectamus?
1922 1544 2186 1589 suamdivi-

218 1610 407 1653 nitatem
440 1609 781 1663 demonstravit,
816 1609 971 1653 dicens
1004 1609 1139 1666 (Luc.
1164 1608 1264 1653 VII.
1294 1610 1415 1666 22.):
1453 1609 1580 1654 Caeci
1602 1609 1757 1670 viciant,
1784 1609 1926 1655 claudi
1946 1610 2183 1667 ambulant,

218 1676 368 1734 leprosi
397 1675 669 1729 mundantur,
695 1676 813 1720 surdi
837 1675 1030 1731 audiunt,
1053 1678 1212 1722 mortui
1235 1682 1468 1735 resurgunt,
1492 1686 1576 1720 etc.
1601 1676 1757 1721 Alium
1782 1686 1937 1722 autem
1957 1678 2200 1722 mundum-

220 1757 374 1787 creare
405 1757 592 1787 necesse
618 1757 713 1787 non
737 1753 846 1797 erat,
878 1757 965 1786 nec
993 1743 1108 1787 ratio
1136 1743 1315 1787 divinae
1337 1743 1601 1802 sapientiae,
1623 1756 1708 1787 nec
1729 1756 1883 1788 rerum
1909 1754 2071 1789 natura
2090 1744 2182 1790 hoc

218 1809 427 1853 habebat.
456 1810 506 1853 Si
533 1818 686 1854 autern
712 1809 901 1867 dicatur,
926 1820 974 1854 ut
1000 1821 1164 1854 octava
1189 1809 1305 1854 ratio
1330 1810 1629 1868 proponebat,
1658 1811 1780 1869 quod
1810 1810 2185 1870 huiusmodimi-

218 1875 374 1919 racula
401 1876 539 1919 etiam
575 1890 656 1934 per
682 1875 796 1920 alios
825 1890 924 1920 esse
949 1875 1069 1920 facta
1100 1876 1327 1934 leguntur,
1358 1886 1513 1919 tamen
1544 1875 1928 1921 considerandum
1954 1886 2026 1921 est
2057 1875 2182 1936 quod

219 1941 366 1986 multo
394 1941 673 1986 differentius
698 1952 742 1987 et
763 1943 958 1986 divinius
976 1942 1186 1987 Christus
1205 1957 1257 1986 ea
1275 1940 1440 1987 effecit.
1456 1942 1575 1986 Nam
1597 1942 1673 1986 alii
1689 1943 2001 1988 orando-haec
2017 1941 2183 1988 fecisse

217 2008 441 2067 leguntur,
478 2009 685 2053 Christus
720 2018 873 2053 autem
906 2009 1190 2067 imperando,
1224 2009 1354 2068 quasi
1381 2023 1434 2053 ex
1455 2010 1637 2068 propria
1662 2019 1911 2068 potestate;
1932 2008 1977 2055 et
1997 2023 2094 2054 non
2114 2022 2185 2055 so-

216 2074 313 2118 lum
345 2075 440 2133 ipse
472 2075 587 2119 haec
619 2074 739 2129 fecit,
773 2076 851 2120 sed
883 2086 927 2119 et
959 2076 1058 2119 aliis
1091 2075 1252 2120 eadem
1285 2086 1330 2120 et
1362 2077 1538 2134 majora
1576 2075 1774 2120 faciendi
1803 2075 1958 2121 tribuit
1988 2086 2183 2136 potata-

215 2152 323 2194 tem,
356 2142 445 2200 qui,
480 2141 535 2185 ad
568 2141 716 2186 solam
748 2135 1092 2186 invocationem
1124 2142 1326 2186 nominis
1360 2141 1546 2196 Christi,
1578 2142 1846 2201 hujusmodi
1870 2142 2092 2188 miracula
2113 2142 2184 2189 fa-

216 2208 407 2252 ciebant.
441 2207 498 2252 Et
538 2222 633 2252 non
666 2208 818 2252 solum
860 2208 1118 2268 corporalia
1159 2208 1381 2252 miracula
1412 2223 1493 2267 per
1532 2208 1769 2254 Christum
1800 2208 1920 2254 facta
1950 2219 2070 2266 sunt,
2099 2209 2181 2255 sed
2238 2252 2241 2254 .

215 2275 353 2318 etiam
385 2274 649 2333 spiritualia,
682 2289 798 2334 quae
831 2286 936 2319 sunt
966 2275 1112 2319 multo
1145 2277 1338 2334 majora,
1377 2275 1552 2320 scilicet
1583 2275 1720 2334 quod,
1753 2289 1834 2335 per
1866 2275 2105 2322 Christum
2135 2286 2187 2321 et·

215 2342 270 2385 ad
304 2343 645 2386 invocationem
678 2343 879 2386 nominis
913 2345 1025 2401 ejus,
1060 2343 1253 2400 Spiritus
1289 2343 1486 2387 Sanctus
1518 2343 1713 2396 daretur,
1756 2355 1848 2400 quo
1882 2342 2182 2388 accenderen-

214 2419 286 2452 tur
312 2409 449 2452 corda
476 2409 673 2452 caritatis
696 2409 874 2452 divinae
903 2408 1082 2462 affectu,
1115 2419 1159 2452 et
1191 2419 1367 2453 mentes
1399 2409 1726 2453 instruerentur
1750 2409 1900 2454 subito
1922 2410 1969 2454 in
1990 2409 2180 2454 scientia

215 2475 490 2530 divinorum,
524 2485 568 2519 et
597 2475 780 2533 linguae
807 2475 1085 2534 simplicium
1108 2475 1402 2519 redderentur
1424 2476 1615 2519 disertae
1640 2475 1695 2519 ad
1718 2475 1920 2520 divinam
1940 2475 2179 2521 veritatem

215 2542 479 2585 hominibus
511 2542 872 2601 proponendam.
908 2542 1183 2600 Huiusmodi
1218 2552 1372 2586 autem
1405 2556 1545 2601 opera
1566 2542 1735 2586 indicia
1761 2550 1867 2586 sunt
1887 2552 2098 2602 expressa
2116 2536 2182 2587 tli-

216 2608 414 2652 vinitatis
449 2609 634 2662 Christi,
677 2623 793 2667 quae
824 2609 976 2653 nullus
1009 2623 1147 2667 purus
1179 2609 1325 2653 homo
1368 2608 1518 2653 facere
1550 2611 1711 2669 potuit.
1754 2609 1891 2654 Unde
1926 2609 2179 2669 Apostolus

218 2675 375 2731 (Hebr.
410 2675 465 2720 Π.
503 2689 540 2732 3.
575 2685 619 2718 et
649 2675 714 2732 4.)
747 2675 856 2719 dicit
888 2676 1010 2734 quod
1036 2674 1158 2719 salus
1185 2676 1445 2730 hominum,
1472 2691 1598 2734 quum
1626 2678 1796 2720 initium
1826 2679 2042 2737 accepisset
2059 2676 2180 2722 char-

216 2743 309 2785 rari
331 2750 411 2800 per
441 2743 677 2786 Dominum
702 2742 781 2801 per
812 2757 875 2786 eos
907 2744 980 2800 qui
1010 2742 1251 2797 audierunt,
1284 2744 1329 2786 in
1362 2758 1435 2787 nos
1465 2744 1714 2795 confirmata
1746 2749 1814 2797 est,
1847 2749 2062 2790 attestante
2086 2744 2179 2789 Dal)

215 2810 341 2865 signis
372 2815 410 2853 ct
434 2810 675 2862 virtutibus,
710 2816 747 2853 et
778 2811 915 2854 variis
937 2810 1118 2867 Spiritus
1150 2810 1295 2854 Sancti
1327 2809 1694 2854 distributionibus.

304 2874 433 2918 Licet
459 2884 609 2918 autem
636 2875 768 2918 saluti
791 2876 927 2919 totius
954 2876 1146 2919 humani
1173 2877 1350 2951 generis
1373 2876 1460 2919 Dei
1483 2876 1736 2921 incarnatio
1767 2876 2026 2922 necessaria
2045 2873 2177 2932 foret,

215 2955 307 2984 non
333 2951 488 2985 tamen
515 2942 716 3000 oportuit
742 2942 863 3000 quod
887 2943 1011 2986 Deus
1031 2956 1055 2985 a
1081 2942 1304 3001 principio
1325 2942 1481 2986 mundi
1503 2943 1826 2997 incarnaretur,
1843 2950 1893 2987 ut
1916 2956 2043 3012 nono
2066 2941 2178 3011 obji-

218 3007 428 3051 ciebatur.

304 3074 460 3118 Primo
495 3074 695 3133 quidem,
728 3076 832 3133 quia
865 3089 945 3132 per
977 3075 1129 3118 Deum
1161 3075 1447 3119 incarnatum
1481 3076 1722 3134 oportebat
1752 3075 2029 3120 hominibus
2037 3075 2176 3120 media

216 3140 366 3183 cinam
400 3140 548 3185 afferri
576 3151 735 3186 contra
767 3151 970 3199 peccata,
997 3152 1046 3186 ut
1071 3143 1277 3202 superius
1304 3144 1365 3200 (c.
1398 3144 1483 3200 54.)
1512 3142 1717 3186 habitum
1745 3153 1827 3187 est.
1859 3142 2035 3188 Contra
2060 3152 2182 3202 pecu·v

216 3217 368 3251 catum
406 3218 557 3251 autem
599 3207 735 3251 alicui
774 3210 1097 3253 convenienter
1137 3209 1363 3253 medicina
1404 3223 1497 3252 non
1532 3208 1716 3253 affertur
1750 3209 1839 3254 nisi
1877 3211 2002 3269 prius
2041 3219 2183 3254 summ

216 3272 439 3317 defectum
474 3284 791 3332 recognoscat,
825 3284 873 3318 ut
905 3275 969 3318 sic
1002 3289 1082 3332 per
1113 3275 1422 3320 humilitatem
1466 3276 1611 3319 homo
1645 3275 1701 3319 de
1734 3276 1887 3335 seipso
1916 3289 2013 3321 non
2043 3285 2184 3335 prae--

217 3354 399 3383 sumens
432 3342 568 3397 jactet
599 3355 726 3398 spem
759 3355 889 3384 suam
918 3342 961 3384 in
988 3342 1156 3396 Deum,
1185 3356 1210 3385 a
1236 3356 1327 3401 quo
1350 3341 1453 3386 solo
1487 3352 1637 3398 potest
1668 3342 1821 3386 sanari-
1848 3351 2105 3401 peccatum,
2125 3339 2178 3387 ἀὲ

217 3419 349 3462 supra
377 3405 501 3461 (ibid
506 3406 526 3462 )
550 3406 756 3450 habitum
775 3417 856 3451 est.
874 3408 1061 3451 Poterat
1078 3418 1230 3451 autem
1248 3408 1393 3452 homo
1417 3409 1472 3452 de
1500 3408 1660 3467 seipso·
1669 3419 1961 3466 praesumere
1975 3417 2023 3453 et
2038 3420 2175 3468 quan·
2214 3418 2216 3421 ’

217 3482 313 3515 tum
342 3472 395 3515 ad
423 3472 675 3526 scientiam,
709 3482 751 3517 et
784 3482 1003 3550 quantum
1037 3474 1091 3517 ad
1125 3474 1352 3519 virtutem.
1384 3473 1730 3534 Relinquendus
1762 3474 1901 3534 igitur
1931 3471 2177 3535 aliquande

218 3536 298 3581 fuit
324 3538 420 3591 sibi,
448 3548 494 3582 ut
521 3540 795 3597 experiretur
821 3540 942 3599 quod
970 3541 1065 3598 ipse
1101 3540 1186 3584 sibi
1211 3554 1304 3585 non
1331 3539 1557 3585 sufficeret
1590 3541 1644 3585 ad
1679 3541 1888 3596 salutem,
1912 3550 2062 3601 neque
2093 3551 2175 3600 per

218 3604 452 3647 scientiam
480 3605 749 3661 naturalem,
775 3608 880 3664 quia
908 3616 1010 3651 ante
1035 3615 1214 3666 tempus
1247 3607 1361 3666 legis
1393 3607 1587 3667 scriptae
1619 3608 1765 3652 homo
1797 3606 1950 3667 legem
1980 3614 2172 3654 naturae
2228 3621 2231 3625 ·

2286 2705 2294 2714 ›.
2274 2392 2294 2701 vassmmfflfffl-
2286 2382 2288 2388 -
2288 2367 2294 2378 2.
2276 2336 2294 2359 ’..
2282 2282 2294 2331 im..

2278 3441 2294 3454 a*
2276 3343 2294 3430 ,Αἵ-κά(
2288 3314 2294 3317 i
2284 3249 2294 3293 atei>
2278 3118 2294 3242 „eran-mm]
2274 2719 2294 3110 fffflndstfflt‘ann—:fflkfflfflm
