2332 3854
298 161 403 232 638
1019 170 1173 210 LIBER
1194 170 1283 209 ‘tv
1327 154 1447 209 CAP.
1486 170 1537 208 ι..
1573 172 1575 174 “

295 280 400 323 tiam
432 277 554 320 unius
585 277 779 330 hominis,
801 279 1034 333 peccatores
1065 274 1275 317 constituti
1298 278 1391 318 sunt
1413 271 1561 317 multi:
1587 272 1651 316 ita
1673 277 1711 316 et
1722 279 1802 331 per
1825 274 1949 317 unius
1969 273 2154 319 hominis
2163 275 2250 319 obe·

293 343 508 397 dientiam,
535 344 642 401 justi
668 343 964 386 constituentur
989 339 1123 384 multi.
1437 358 1442 363 ·
2117 370 2121 374 »
2147 361 2149 365 »
2178 356 2182 363 ·
2228 358 2231 361 r

383 409 474 454 Sed
501 409 606 468 quia
637 407 873 466 Pelagiani
904 405 1123 450 haeretici
1153 415 1394 464 peccatum
1432 403 1652 464 originale
1682 415 1978 464 negaverunt,
2013 375 2252 451 ostenden-

293 476 404 521 dum
425 486 493 520 est
517 475 731 519 homines
760 487 864 516 cum
892 482 1082 530 peccato
1116 471 1329 531 originali
1353 472 1494 516 nasci.
2246 490 2249 494 τ

379 543 436 586 Et
462 542 609 599 primo
637 539 823 598 quidem
851 538 1175 582 assumendum
1204 548 1271 582 est
1297 538 1418 597 quod
1445 538 1606 582 dicitur
1633 538 1773 596 (Gen.
1796 537 1855 582 ΙΙ.
1891 551 1956 596 15.
1985 505 2252 597 17.)-:Tu1it

291 608 499 653 Dominus
534 609 650 650 Deus
685 606 905 662 hominem,
937 611 974 649 et
1000 607 1140 664 posuit
1163 620 1256 649 eum
1280 607 1325 649 in
1348 604 1614 671 paradiso..
1669 606 1994 663 ,praecepitque
2018 606 2057 650 ei
2075 601 2251 650 ἰΞῶσπει

292 676 359 719 Ex
391 675 504 717 omni
525 673 634 730 ligno
662 671 856 730 paradisi
882 670 1056 724 comede,
1083 671 1131 715 de
1152 672 1262 730 ligno
1289 677 1426 715 autem
1447 673 1622 716 scientae
1644 671 1742 714 boni
1765 676 1802 714 et
1831 671 1937 714 mali
1961 685 2012 715 ne
2027 670 2250 716 comedas:

291 743 336 785 in
358 753 614 798 quacumque
639 744 778 784 autem
799 737 862 781 die
893 737 1114 782 comederis
1149 752 1198 781 ex
1229 752 1290 791 eo,
1311 744 1443 782 morte
1473 738 1678 781 morieris.
1713 736 1819 790 Sed,
1850 737 1965 796 quia*
1984 737 2137 782 Adam
2161 750 2248 781 nec

292 821 347 851 eo
375 806 446 849 die
474 819 564 864 quo
585 804 786 849 comedit
812 813 914 848 actu
933 813 1140 848 mortuus
1157 814 1238 858 est,
1256 813 1437 863 oportet
1456 803 1519 847 sic
1542 802 1735 860 intelligi
1760 803 1881 862 quod
1899 803 2063 848 dicitur
2079 802 2251 848 {Morte

291 874 498 926 morieris,
522 871 568 915 id
588 881 655 916 est
680 870 939 914 necessitati
965 871 1126 914 mortis
1152 871 1238 914 eris
1267 870 1494 924 addictus;
1521 870 1644 928 quod
1678 869 1862 928 quidem
1897 868 2252 923 frustra2dicere·

291 950 377 992 tur,
409 939 447 982 si
478 939 623 981 homo
662 953 716 982 ex
747 936 1028 981 institutione
1060 950 1168 982 suae
1195 946 1396 984 ,naturae
1434 936 1754 980 necessitatem
1787 935 2014 981 moriendi
2037 935 2251 982 haberet.

295 1006 490 1064 Oportet
512 1005 647 1062 igitur
665 1004 816 1048 dicere
843 1003 964 1062 quod
991 1018 1116 1047 mors
1134 1013 1178 1047 et
1199 1003 1446 1048 necessitas
1473 1002 1699 1046 moriendi
1719 1002 1776 1046 sit
1800 1015 1952 1060 poena
1973 1002 2251 1063 homini‘pto

292 1081 482 1131 peccato
509 1071 693 1114 inflicta.
721 1071 880 1114 Poena
906 1079 1181 1114 autemnon
1213 1067 1430 1127 infligitur
1454 1070 1571 1127 juste
1602 1069 1690 1112 nisi
1715 1083 1798 1127 pro
1825 1067 1971 1127 culpa.
1992 1068 2046 1113 In
2076 1068 2253 1129 quibus·

293 1153 488 1197 cumque
514 1139 651 1197 igitur
672 1138 898 1181 invenitur
923 1137 1039 1181 haec
1066 1149 1230 1195 poena,
1260 1149 1449 1180 necesse
1482 1145 1551 1180 est
1575 1145 1626 1180 ut
1649 1135 1696 1179 in
1723 1135 1787 1179 eis
1819 1135 2253 1196 inveniatur-aliqua

294 1206 440 1281 culpa.
470 1205 596 1249 Sed
585 1220 633 1248 in
660 1205 788 1248 omni
819 1205 1009 1248 homine
1049 1204 1276 1253 invenitur
1301 1203 1416 1247 haec
1459 1217 1624 1262 poena,
1657 1202 1796 1247 etiam
1838 1217 1864 1246 a
1895 1203 2123 1263 principio
2143 1215 2253 1249 snae

291 1272 566 1325 nativitatis;
595 1285 648 1315 ex
674 1281 782 1315 tunc
819 1270 943 1314 enim
974 1271 1175 1315 nascitur
1200 1270 1460 1314 necessitati
1499 1269 1660 1313 mortis
1688 1269 1935 1324 addictus;
1948 1270 2070 1319 unde
2089 1276 2159 1319 et
2177 1269 2255 1315 ali-

292 1339 369 1416 qui
394 1353 503 1382 mox
529 1347 633 1396 post
657 1337 941 1381 nativitatem
982 1337 1252 1390 moriuntur,
1278 1336 1334 1380 de
1366 1345 1495 1380 utero
1521 1334 1727 1380 translati
1764 1334 1836 1381 ad
1851 1335 2095 1385 tumulum.
2106 1336 2249 1396 Ergo

293 1407 338 1449 in
376 1406 440 1450 eis
467 1415 536 1449 est
568 1404 752 1463 aliquod
793 1413 1048 1463 peccatum.
1087 1403 1177 1447 Sed
1203 1417 1298 1447 non
1330 1412 1571 1462 peccatum
1615 1401 1808 1456 actuale,
1834 1401 1940 1462 quia
1960 1412 2061 1451 non
2076 1402 2254 1454 hebent

291 1474 419 1532 pueri
445 1486 579 1516 usum
604 1472 735 1516 liberi
761 1471 946 1526 arbitrii,
967 1472 1065 1516 sine
1091 1485 1183 1530 quo
1209 1470 1325 1515 nihil
1349 1471 1599 1529 imputatur
1629 1469 1810 1515 homini
1842 1469 1898 1517 ad
1923 1479 2187 1533 peccatum,
2205 1481 2255 1517 ut
2296 1490 2298 1492 ·

293 1555 347 1585 ex
372 1540 444 1584 his
471 1554 586 1599 quae
620 1539 739 1583 dicta
765 1548 870 1583 sunt
899 1539 947 1582 in
979 1538 1111 1582 tertio
1145 1547 1343 1597 apparet.
1383 1537 1585 1582 Necesse
1613 1546 1680 1581 est
1704 1536 1842 1595 igitur
1867 1535 2027 1582 dicere
2052 1537 2217 1625 quod(
2204 1551 2253 1583 m

292 1608 356 1652 eis
377 1608 434 1651 sit
463 1616 705 1666 peccatum
731 1619 811 1665 per
837 1605 1065 1664 originem
1086 1605 1359 1649 traductum.
2175 1629 2179 1637 ‹

381 1674 484 1718 Hoc
508 1674 646 1718 etiam
674 1686 882 1732 expresse
909 1681 1096 1749 apparet
1118 1686 1172 1716 ex
1204 1671 1351 1715 verbis
1383 1669 1599 1729 Apostoli
1624 1669 1783 1728 (Rom.
1809 1669 1866 1715 V.
1897 1669 2011 1728 12.).
2024 1642 2167 1719 Sient.
2178 1678 2254 1730 per
2318 1688 2332 1726 ἢ

294 1756 438 1785 unum
449 1741 656 1785 hominem
680 1746 897 1798 peccatum
928 1740 973 1783 in
994 1739 1101 1783 hunc
1126 1737 1329 1782 mandam
1355 1738 1536 1782 intravit
1567 1742 1603 1780 et
1616 1745 1696 1795 per
1719 1742 1939 1795 peccatum
1969 1751 2113 1798 mors,
2126 1738 2191 1792 ita
2208 1743 2264 1783 et·
2301 1724 2332 1777 ”i

293 1810 337 1852 in
364 1822 498 1852 omnes
524 1808 704 1852 homines
730 1821 842 1850 mors
854 1806 1115 1864 pertransiit,
1142 1806 1187 1848 in
1213 1819 1292 1863 quo
1317 1819 1453 1848 omnes
1469 1808 1763 1863 peccaverunt.
1790 1802 1898 1848 Non
1918 1811 2253 1862 potest->nutem
2321 1779 2332 1856 ἔ

294 1874 383 1918 dici
410 1875 533 1932 quod
567 1888 647 1933 per
678 1887 820 1916 unum
851 1872 1091 1916 hominem
1127 1871 1174 1914 in
1215 1870 1439 1914 mundum
1471 1879 1712 1928 peccatum
1742 1869 1926 1913 intravit
1955 1883 2053 1928 per
2060 1869 2251 1930 modum
2319 1857 2332 1952 3

289 1941 576 1994 imitationis,
604 1940 708 1998 quia
728 1940 798 1983 sic
825 1948 1066 1998 peccatum
1093 1952 1187 1981 non
1213 1938 1492 1995 pervenisset
1512 1936 1601 1979 nisi
1633 1935 1689 1979 ad
1715 1948 1794 1979 eos
1817 1935 1895 1995 qui
1918 1935 2157 1994 peccando
2168 1936 2253 1999 pri·
2314 1942 2332 1994 ⁵52³

295 2021 424 2050 mum
456 2007 696 2051 hominem
726 2005 982 2059 imitantur3
1010 2015 1067 2058 et,
1093 2019 1234 2080 quum
1267 2017 1392 2047 mors
1419 2017 1498 2062 per
1523 1998 1760 2061 peccatum
1793 2002 1842 2046 in
1873 2001 2100 2049 mundum
2119 2002 2252 2049 intra*
2314 1997 2329 2016 ”

292 2074 419 2127 verit,
461 2087 555 2117 non
597 2073 851 2131 perveniret
878 2085 1002 2115 mors
1034 2071 1122 2114 nisi
1153 2070 1210 2114 ad
1237 2083 1316 2113 eos
1342 2069 1420 2128 qui
1445 2079 1638 2128 peccant
1672 2069 1718 2112 in
1751 2067 2111 2115 similitudinem
2108 2069 2254 2128 primi

290 2141 492 2184 hominis
519 2141 763 2199 peccantis.
791 2138 882 2183 Sed
905 2140 960 2182 ad
986 2138 1076 2181 hoc
1105 2136 1439 2181 excludendum
1466 2134 1719 2194 Aposlolus
1742 2135 1901 2181 subdit·
1915 2135 2038 2194 quod
2062 2137 2255 2194 regnavit
2311 2127 2313 2130 ’

289 2223 401 2252 mors
431 2209 482 2252 ab
511 2207 651 2251 Adam
683 2221 808 2264 usqae
834 2205 887 2249 ad
919 2206 1090 2263 Moysen
1114 2205 1310 2248 etiamen
1336 2218 1398 2247 eos
1424 2203 1496 2260 qui
1521 2217 1604 2246 non
1622 2207 1902 2260 peccaverunt
1937 2203 1982 2248 in
2013 2200 2253 2250 similitudi=
2298 2195 2311 2207 ”

287 2289 379 2318 nem
401 2274 780 2332 praevaricationis
810 2271 943 2317 Adae.
978 2271 1086 2315 Non
1118 2284 1227 2328 ergo
1269 2269 1490 2313 intellexit
1530 2267 1798 2327 Apostolus,
1838 2268 1962 2327 quod
1993 2282 2074 2327 per
2104 2277 2247 2317 unum

287 2341 526 2384 hominem
553 2349 793 2417 peccatum
823 2339 871 2381 in
911 2337 1135 2381 mundum
1160 2336 1393 2380 intraverit
1423 2349 1504 2394 per
1529 2334 1722 2379 modum
1754 2333 2039 2389 imitationis,-
2064 2334 2160 2383 sed
2168 2348 2250 2394 pet
2295 2333 2298 2336 ’

291 2407 482 2451 modum
504 2406 706 2465 originis.
2035 2427 2038 2436 ι
2070 2424 2072 2426 ·
2118 2425 2122 2448 ς
2230 2425 2240 2429 -’
2291 2400 2308 2460 2?

376 2475 644 2517 Praeterea:
679 2473 716 2516 si
742 2481 919 2516 tantum
960 2470 1215 2515 secundum
1255 2469 1562 2512 imitationem
1603 2465 1857 2526 Apostolus
1899 2445 2167 2527 loqueretur
2183 2439 2252 2515 de

287 2542 474 2586 introitu
501 2541 677 2600 peccati
702 2540 749 2583 in
781 2539 1020 2592 mundum,
1047 2539 1196 2597 potius
1230 2536 1414 2580 dixisset
1434 2549 1513 2594 per
1540 2534 1774 2579 diabolum
1799 2544 2043 2593 peecatum
2055 2535 2251 2582 intrasse

288 2610 334 2652 in
361 2607 584 2652 mundum
602 2621 739 2666 quam
764 2619 844 2665 per
871 2619 1013 2649 unum
1039 2604 1294 2657 hominem,
1312 2603 1429 2647 sicut
1456 2616 1663 2661 expresse
1699 2601 1862 2649 dicitur
1878 2600 2009 2660 (Sap.
2038 2600 2097 2650 111
2128 2602 2252 2659 24)ss

287 2675 458 2719 Invidia
488 2674 644 2718 diaboli
676 2688 787 2717 mors
812 2673 1005 2716 introivit
1039 2674 1084 2715 in
1132 2672 1272 2715 orbem
1315 2676 1551 2714 terraram:
1585 2670 1811 2714 imitantur
1843 2674 1980 2713 autem
2026 2666 2148 2713 illum
2178 2669 2253 2728 qui

269 2747 382 2787 ‘sunt
406 2757 455 2786 ex
473 2748 597 2800 parte
629 2741 755 2784 illias.
2302 2741 2306 2771 ἶ

376 2809 563 2852 Adhuc:
598 2806 790 2865 (Psalm.
819 2806 870 2850 L.
905 2806 967 2863 7.)
1005 2804 1155 2849 David
1189 2804 1325 2848 dicit:
1368 2804 1473 2848 Ecce
1505 2804 1549 2847 in
1576 2802 1867 2861 iniquitatibus
1892 2806 2110 2862 conceptus
2139 2815 2244 2856 sum,
2286 2815 2307 2853 ῥ’,

287 2882 324 2920 et
355 2877 400 2919 in
424 2876 606 2934 peccatis
638 2875 820 2932 concepit
851 2887 914 2917 me
939 2878 1072 2916 mater
1103 2886 1222 2924 mea;
1268 2869 1390 2930 quod
1426 2883 1521 2913 non
1563 2878 1713 2928 potest
1751 2867 1942 2928 intelligi
1974 2867 2028 2913 de
2059 2877 2250 2928 peccato

289 2941 469 2994 actuali,
496 2955 637 3000 quum
677 2940 828 2984 David
871 2954 924 2983 ex
950 2938 1158 2996 legitimo
1206 2937 1500 2982 matrimonio
1530 2946 1778 2994 conceptus
1814 2945 1869 2980 et
1894 2945 2028 2980 natus
2063 2933 2251 2980 dicatur.

290 3008 486 3067 Oportet
511 3008 647 3066 igitur
675 3017 722 3051 ut
746 3007 837 3051 hoc
866 3006 921 3049 ad
944 3014 1185 3064 peccatum
1219 3003 1441 3062 originale
1469 3002 1699 3047 referatur.
2274 3030 2282 3047 a,
2313 3002 2317 3007 '

375 3074 609 3132 Amplius·
639 3074 739 3131 (Job
768 3072 890 3116 XIV.
928 3072 992 3129 4)
1035 3072 1223 3115 dicitur:
1261 3071 1369 3127 Quis
1393 3076 1526 3129 potest
1547 3069 1691 3127 facere
1717 3067 1918 3113 mundum
1949 3066 1996 3112 de
2027 3063 2246 3112 immundo

288 3147 526 3199 conceptum
557 3142 739 3185 semine?
765 3155 899 3183 nonne
926 3146 969 3183 tu
987 3140 1058 3196 qai
1078 3138 1186 3183 solas
1216 3138 1292 3182 es?
1316 3136 1380 3180 Ex
1404 3149 1498 3194 quo
1526 3133 1765 3179 manifeste
1792 3133 1937 3193 accipi
1962 3143 2111 3192 potest
2127 3132 2251 3192 quod

286 3221 339 3250 ex
365 3207 653 3250 immunditia
695 3205 885 3249 humani
927 3205 1110 3249 seminis
1150 3203 1298 3262 aliqua
1332 3202 1620 3246 immunditia
1648 3200 1702 3245 ad
1729 3200 1967 3245 hominem
1990 3214 2044 3243 ex
2071 3193 2304 3260 semme}
2327 3257 2330 3259 Α

288 3284 561 3330 conceptum
594 3273 848 3332 perveniat;
878 3271 1016 3330 quod
1028 3280 1208 3329 oportet
1231 3267 1420 3327 intelligi
1449 3268 1503 3311 de
1530 3267 1820 3311 immunditia
1836 3266 2027 3325 peccati,
2049 3273 2132 3324 pro
2149 3264 2249 3326 φιδ-

289 3341 387 3384 sola
413 3341 557 3383 homo
585 3340 630 3383 in
657 3339 879 3397 judicium
907 3337 1166 3398 deducitur3
1193 3335 1493 3395 praemittitur
1521 3335 1666 3379 enim:
1694 3335 1752 3379 Et
1782 3333 1965 3392 dignum
1983 3333 2099 3378 ducis
2125 3327 2303 3394 up&

288 3406 567 3465 hujuscemodi
609 3407 774 3465 aperire
806 3405 942 3449 oculos
975 3410 1075 3457 tuos,
1109 3410 1147 3448 et
1173 3402 1371 3447 adducere
1396 3416 1489 3445 eum
1510 3407 1642 3445 tecum
1668 3402 1713 3444 in
1733 3399 1943 3458 judicium
1960 3400 2005 3446 ?
2002 3397 2090 3445 sic
2113 3397 2279 3468 lgm

290 3473 473 3531 aliquod
500 3482 742 3530 peccatum
769 3481 837 3516 est
863 3469 986 3530 quod
1007 3470 1152 3514 homo
1180 3468 1407 3514 contrahit
1440 3467 1530 3511 ab
1519 3481 1615 3526 ipsa
1647 3467 1717 3511 sui
1748 3465 1953 3570 origine,
1956 3460 2097 3534 quud
2109 3451 2276 3529 ot&
2274 3518 2276 3520 ,

290 3537 392 3583 nale
418 3538 592 3584 dicitur.
1987 3568 1996 3571 „
2050 3546 2060 3570 ῑ
2084 3552 2087 3563 2
2132 3561 2136 3570 ·
2194 3528 2281 3590 ξι
