2332 3854
222 180 330 246 340
794 227 797 235 ,
888 187 1042 227 LIBER
1079 186 1156 236 111,
1199 186 1319 226 CAP.
1358 187 1488 226 xmt,

219 293 268 337 in
293 291 494 350 potentia
519 296 622 335 esse
643 289 871 334 intellecta
898 299 1015 343 actu,
1042 302 1179 348 quam
1204 289 1344 334 habet
1367 302 1430 334 ex·
1452 293 1581 349 parte
1595 291 1859 337 intellectus
1887 293 2089 351 agentist-
2105 299 2198 340 -s‘e-‘

222 357 371 402 cunda
396 362 465 402 est
486 356 738 414 intelligere
763 355 993 400 intellecta
1018 356 1064 398 in
1097 365 1224 409 actu;
1256 356 1378 400 haecv
1403 356 1529 401 enim
1558 357 1829 402 duo-homov
1853 369 2004 417 potest
2026 358 2198 407 faeere·

220 426 305 484 pe'r‘
325 425 531 468 habitum
553 422 920 467 intellectualem.
951 422 1152 474 Quando
1178 421 1314 481 igit'ur
1336 423 1639 483 complebitur
1664 425 1898 484 generatio
1923 420 2189 472 intellectus:

218 492 271 536 in‘
291 491 462 542 habitu,
496 489 797 547 complebitur
822 489 868 530 in
894 488 994 545 ipso
1027 498 1215 547 utraque
1242 491 1595 547 praemissarum
1622 491 1955 549 operationum;
1984 491 2191 552 Sempe?

221 560 375 602 autem
403 556 575 599 accedit
602 555 657 598 ad
685 553 1075 610 complementum
1102 568 1217 613 ,suae
1244 557 1566 614 generationis,
1599 557 1707 601 dum
1741 562 1889 602 novas
1917 558 2181 618 speeieerin·

219 624 424 669 tellectas
459 623 670 679 acquirit;
698 630 743 664 et
768 621 832 663 sic
859 632 1049 665 necesse
1077 622 1144 665 est
1169 622 1291 680 quod
1319 624 1591 682 quandoque
1619 624 1857 681 generatio
1885 624 2203 690 compleam·-

220 690 307 735 nisi
334 693 390 734 sit
415 688 810 746 impedimentum,
844 688 949 745 quia
973 687 1098 731 nulla
1126 689 1360 746 generatio
1387 699 1455 734 est
1482 692 1535 733 ad
1562 689 1789 734 infinitum
1812 691 2016 736 tendens.
2045 690 2187 737 Cous*³

219 757 413 816 plebitur
434 756 569 812 igitur
593 755 865 812 quandoque
893 763 1082 813 utraque
1106 755 1426 812 operationum
1452 756 1709 800 intellectus
1733 757 1781 800 in
1805 757 2199 816 habitt'i3·petboc<-

219 823 340 882 quod
369 823 523 865 omnia
557 819 788 863 intellecta
819 820 866 862 in
899 820 1101 878 potentia
1131 820 1269 865 faciat
1299 822 1345 865 in
1379 832 1481 866 actu
1515 823 1659 881 (quod
1693 827 1760 867 est
1789 823 2196 882 complemenflnn

218 890 390 947 primae
417 885 731 945 operationis),
759 896 803 930 et
827 900 909 945 per
934 887 1024 931 hoc
1047 887 1170 946 quod
1202 887 1426 947 intelliget
1451 888 1944 948 omnia‘intelli'gibilia·
1960 895 2180 950 separata,

221 966 265 999 et
290 969 383 998 non
418 963 638 1012 separata.

309 1021 467 1072 Quum
495 1030 647 1063 autem
664 1018 920 1063 intellectus
951 1020 1178 1078 possibilis
1203 1033 1298 1064 non
1324 1021 1468 1080 possit
1482 1021 1738 1080 intelligere
1763 1022 2036 1068 snbstantias
2059 1030 2183 1082 sepa'·

218 1091 337 1132 ratas
364 1089 471 1144 Jam,
499 1086 749 1129 secundum
777 1087 872 1142 ejus
900 1086 1182 1143 opinionem,
1209 1096 1257 1130 ut
1283 1087 1457 1131 dictum
1483 1098 1564 1140 est,
1589 1088 1782 1133 intendit
1813 1089 1937 1147 quod·
1961 1089 2182 1149 intellige-

221 1156 322 1198 mus
349 1167 428 1212 per
453 1152 738 1196 intellectum
769 1152 815 1195 in
843 1152 998 1195 habitu
1031 1153 1303 1197 substantias
1334 1164 1578 1212 separatas,
1603 1155 1650 1197 in
1677 1155 2180 1213 quantumintellectus

218 1234 372 1279 agens,
395 1220 471 1278 qui
498 1220 551 1262 ab
579 1221 678 1277 ipso
701 1218 882 1277 ponitur
899 1219 1148 1263 substantia
1170 1229 1392 1278 separata,
1414 1220 1492 1264 fiet
1512 1220 1661 1264 forma
1678 1220 1933 1266 intellectus
1950 1222 2002 1266 in
2022 1222 2181 1267 habitu

218 1289 263 1331 et
286 1288 332 1330 in
354 1286 486 1329 nobis
511 1286 644 1343 ipsis3
671 1285 733 1328 ita
760 1285 882 1343 quod
908 1299 988 1343 per
1014 1299 1119 1328 eum
1146 1285 1469 1344 intelligemus,
1495 1288 1612 1331 sicut
1636 1301 1756 1331 nunc
1778 1287 2082 1346 intelligimus
2100 1301 2182 1348 per

217 1352 501 1397 intellectum
518 1351 796 1410 possibilem.
815 1351 870 1395 Et
887 1365 1029 1410 quum
1046 1352 1100 1395 de
1122 1354 1286 1396 virtute
1308 1352 1563 1397 intellectus
1575 1371 1579 1373 ’
1591 1356 1765 1412 agentis
1782 1353 2006 1399 sitfacere
2023 1353 2188 1400 omnia·

216 1419 446 1463 intellecta
472 1418 518 1461 in
546 1428 648 1461 actu
675 1432 791 1476 quae
819 1429 924 1462 sunt
949 1418 1251 1477 intelligibilia
1275 1419 1322 1462 in
1348 1420 1552 1478 potentia
1578 1429 1624 1464 et
1650 1419 2060 1479 etiam‘intelligere
2081 1420 2181 1465 sub·

218 1486 404 1531 stantias
437 1492 680 1543 separatas,
712 1485 759 1527 in
786 1494 904 1528 statu
935 1485 1017 1528 illo
1049 1485 1356 1542 intelligemus
1389 1498 1550 1530 omnes
1583 1487 1855 1531 substantias
1882 1491 2118 1545 separatas
2138 1496 2201 1532 etr

219 1553 374 1597 omnia
401 1551 703 1609 intelligibilia
729 1565 823 1594 non
849 1562 1068 1610 separata.
1096 1552 1165 1605 Et,
1193 1553 1443 1596 secundum
1469 1554 1575 1607 hoc,
1595 1568 1679 1612 vper
1703 1554 1823 1599 h'anc
1850 1554 2185 1612 cognationem,-

222 1633 337 1679 quae
370 1628 438 1662 est
470 1633 523 1662 ex
555 1618 960 1676 phantasmatibus,
992 1620 1281 1676 pervenimus
1313 1620 1359 1662 in
1397 1620 1712 1678 cognitionem
1747 1620 2025 1666 substantiae
2055 1634 2182 1680 sepa-

219 1697 367 1740 ratae;
389 1700 483 1730 non
504 1686 624 1744 quod
650 1686 748 1744 ipsa
771 1686 1087 1744 phantasmata
1111 1686 1357 1740 intellecta,
1379 1702 1460 1745 per
1482 1701 1552 1740 ea,
1579 1689 1668 1732 sint
1692 1688 1897 1732 medium
1918 1686 2183 1747 aliquo'dra'd

221 1753 565 1812 cognoscendas
583 1752 853 1796 substantias
871 1763 1112 1811 separatas,
1131 1763 1265 1811 prout
1285 1754 1450 1797 accidit
1465 1753 1511 1796 in
1529 1754 1729 1798 scientiis
1747 1753 2053 1812 speculativis,
2066 1754 2187 1799 sicut
2206 1753 2213 1755 ξ

218 1819 370 1879 posuit
397 1819 552 1876 opinio
585 1819 803 1877 superior,
837 1820 916 1862 sed
949 1819 994 1862 in
1027 1830 1247 1877 quantum
1279 1820 1454 1878 species
1485 1820 1792 1878 intelligibiles
1823 1831 1926 1865 sunt
1958 1821 2184 1880 quaedam

219 1886 538 1945 dispositiones
570 1885 616 1928 in
649 1886 780 1928 nobis
815 1886 870 1928 ad
901 1885 1040 1928 talem
1072 1885 1270 1929 formam
1304 1901 1420 1944 quae
1451 1897 1519 1930 est
1549 1886 1805 1932 intellectus
1832 1900 1985 1946 agens,
2010 1887 2183 1933 Et'hoc

220 1964 287 1998 est
312 1954 511 2012 primum
543 1954 588 1996 in
615 1967 706 2010 quo
735 1951 946 1995 differunt
971 1953 1058 1996 hae
1085 1953 1200 1996 duae
1227 1954 1480 2010 opiniones

310 2021 442 2064 Unde
470 2019 651 2078 quando
679 2018 934 2062 intellectus
961 2020 1006 2061 in
1033 2019 1189 2062 habitu
1212 2019 1345 2063 fuerit
1363 2019 1586 2078 perfectus
1613 2033 1694 2078 per
1718 2020 1986 2077 hujusmodi
2009 2020 2184 2079 species

217 2086 522 2144 intelligibiles
557 2088 600 2129 in
634 2086 765 2128 nobis
796 2085 938 2128 factas
967 2087 1020 2128 ab
1049 2086 1283 2129 intellectu
1317 2096 1494 2143 agente,
1527 2086 1603 2130 fiet
1635 2087 1731 2144 ipse
1757 2086 2012 2132 intellectus
2044 2101 2185 2147 agens

217 2155 348 2197 nobis
375 2153 537 2204 forma,
565 2163 611 2195 ut
639 2153 810 2195 dictum
839 2162 929 2205 est;
958 2163 1002 2195 et
1027 2154 1237 2195 nominat
1261 2153 1409 2211 ipsum
1440 2152 1722 2196 intellectum
1751 2153 1977 2212 adeptum,
2006 2154 2062 2198 de
2088 2168 2180 2214 quo
2320 2200 2326 2204 ,

224 2222 379 2264 dicunt
407 2219 703 2263 Aristotelem
732 2220 880 2262 dicere
909 2220 1132 2276 (secundo
1163 2220 1234 2262 De
1261 2229 1460 2277 generat.
1504 2219 1687 2263 animal.
1716 2234 1753 2263 c.
1791 2219 1852 2279 3.)
1884 2220 2006 2279 quod
2038 2221 2096 2266 sit
2126 2221 2182 2265 ab
2305 2230 2332 2285 ᾗ

220 2289 486 2332 extrinseco.
514 2287 570 2330 Et
594 2287 675 2339 sic,
708 2286 815 2330 licet
840 2287 887 2328 in
915 2287 1112 2330 scientiis
1146 2286 1436 2344 speculativis
1462 2300 1556 2329 non
1589 2287 1646 2329 sit
1671 2286 1888 2345 perfectio
1915 2286 2076 2331 ultima
2100 2287 2180 2331 hu-

220 2369 368 2408 mana,
395 2354 510 2397 sicut
536 2353 741 2411 superior
767 2353 965 2411 ponebat
991 2353 1162 2409 opinio,
1190 2367 1268 2411 per
1294 2367 1369 2396 eas
1396 2362 1551 2396 tamen
1579 2353 1724 2396 homo
1750 2353 2004 2412 disponitur
2029 2354 2086 2398 ad
2111 2353 2179 2398 ul-

219 2423 379 2466 timam
394 2420 721 2480 perfectionem
739 2420 1121 2478 consequendam.
1142 2420 1197 2464 Et
1213 2420 1303 2464 hoc
1319 2429 1385 2463 est
1396 2419 1648 2463 secundum
1659 2419 1705 2463 in
1719 2421 1810 2478 qu'o
1823 2417 1972 2465 differt
1986 2420 2187 2466 secunda

223 2489 379 2548 opinio
403 2502 429 2531 a
451 2490 610 2546 prima.

313 2555 473 2599 Tertio
502 2565 654 2598 autem
680 2553 826 2597 differt
852 2567 931 2612 per
956 2553 1046 2597 hoc
1080 2553 1216 2612 quod,
1244 2554 1496 2598 secundum
1529 2554 1725 2612 primam
1752 2554 2034 2613 opinionem,
2058 2554 2187 2600 intel-

220 2622 363 2681 ligere
388 2620 672 2665 intellectum
691 2630 902 2678 agentem
930 2629 997 2663 est
1023 2634 1159 2663 causa
1178 2620 1300 2679 quod
1329 2621 1617 2664 continuetur
1642 2620 1908 2676 nobiscum,
1934 2621 2186 2666 secundum

221 2703 331 2733 vero
358 2688 476 2732 hanc
504 2687 753 2731 secundam
780 2686 1060 2745 opinionem,
1088 2697 1155 2730 est
1177 2702 1201 2730 e
1229 2700 1477 2741 converso;
1503 2701 1626 2740 nam,
1649 2696 1832 2746 propter
1852 2687 1943 2732 hoc
1965 2688 2088 2747 quod
2108 2700 2172 2733 no

221 2755 398 2800 biscum
425 2754 714 2798 continuatur
731 2763 780 2797 ut
795 2752 958 2806 forma,
980 2753 1277 2811 intelligimus
1302 2754 1454 2812 ipsum
1474 2763 1518 2797 et
1535 2753 1645 2798 alias
1662 2754 2185 2814 substantiasseparztns.

313 2822 439 2865 Haec
468 2831 620 2865 autem
647 2820 1014 2864 irrationabiliter
1040 2820 1262 2863 dicuntur.
1920 2871 1922 2875 y

313 2890 572 2934 Intellectus
590 2888 774 2932 enimin
794 2888 964 2942 habitu,
987 2888 1104 2931 sicut
1125 2887 1380 2932 intellectus
1407 2886 1648 2946 possibilis,
1666 2888 1849 2946 ponitur
1866 2888 2187 2934 abAlexandro

226 2970 323 3018 esse
351 2955 621 3013 generabilis
650 2966 694 2999 et
720 2954 1036 3012 corruptibilis.
1065 2954 1319 2998 Aeternum
1346 2964 1497 2998 autem
1525 2968 1619 2998 non
1647 2964 1796 3012 potest
1820 2954 1918 3000 fieri
1941 2954 2091 3000 forma
2117 2966 2191 3015 ges

222 3022 435 3068 nerabilis
462 3033 505 3066 et
528 3021 845 3079 corruptibilis,
863 3021 1115 3065 secundum
1134 3035 1264 3074 eum;
1291 3031 1475 3079 propter
1497 3021 1584 3065 hoc
1602 3022 1724 3063 enim
1750 3023 1879 3080 ponit
1904 3020 2189 3066 intellectum

223 3090 503 3150 possibilem,
540 3089 616 3148 qui
651 3089 803 3132 unitur
840 3088 972 3131 nobis
1006 3098 1054 3131 ut
1080 3087 1243 3140 forma,
1283 3101 1380 3131 esse
1415 3086 1719 3144 generabilem
1754 3097 1798 3132 et
1824 3088 2189 3148 corruptibilem-3

222 3156 503 3201 intellectum
530 3170 639 3199 vero
675 3165 901 3211 agentern,
928 3154 1004 3213 qui
1037 3164 1104 3198 est
1134 3154 1502 3211 incorruptibilis,
1541 3167 1638 3197 esse
1674 3154 1972 3199 substantiam
2010 3167 2188 3214 separa·

224 3236 333 3269 tam.
364 3224 520 3276 Quum
549 3224 684 3281 igitur
719 3222 975 3266 intellectus
1015 3235 1169 3277 agens,
1207 3222 1459 3265 secundum
1498 3221 1823 3276 Alexandrum,
1860 3230 2192 3281 ponatur'esse'

225 3293 450 3351 quaedam
482 3290 729 3334 substantia
757 3300 962 3347 separata
986 3299 1181 3343 aeterna,
1206 3288 1486 3347 impossibile
1514 3289 1597 3332 erit
1619 3288 1740 3347 quod
1766 3288 2022 3334 intellectus
2048 3296 2201 3349 agens·

226 3360 302 3404 fiat
327 3359 474 3403 forma
502 3356 758 3403 intellectus
787 3359 831 3401 in
861 3357 1030 3401 habitu.

314 3428 575 3470 Praeterea:
607 3424 755 3469 forma
783 3424 1051 3476 intellectus,
1079 3423 1123 3467 in
1152 3431 1466 3482 quantumest
1493 3421 1760 3476 intellectus,
1787 3429 1855 3467 est
1878 3421 2185 3481 intelligibile,

225 3494 341 3538 sicut
366 3493 513 3538 forma
540 3506 698 3537 sensus
726 3502 793 3535 est
816 3490 1052 3545 sensibile;
1078 3504 1172 3534 non
1199 3489 1322 3533 enim
1349 3490 1508 3547 recipit
1533 3489 1788 3534 intellectus
1819 3483 2008 3549 aliquid,
2028 3501 2108 3548 per
2135 3498 2185 3534 se

225 3560 472 3619 loquendo,
499 3559 586 3604 nisi
610 3557 967 3617 intelligibiliter,
994 3557 1110 3602 sicut
1135 3570 1218 3601 nec
1247 3569 1404 3601 sensus
1426 3556 1514 3600 nisi
1539 3554 1822 3600 sensibiliter.
1849 3554 1900 3601 si
1918 3554 2062 3616 >igitur
2085 3566 2179 3600 non
