2332 3854
236 3028 239 3030 ’
275 3029 393 3072 ciem
419 3029 611 3086 pertinet
625 3040 763 3085 quam
783 3026 935 3069 anima
956 3025 1183 3069 rationem
1201 3026 1398 3078 habens;
1426 3025 1612 3077 etenim,
1630 3024 1882 3068 secundum
1900 3023 2236 3082 Philosophum

283 183 391 236 608
946 194 1100 233 Lmen
1138 194 1210 232 tv.
1253 194 1373 232 CAP.
1414 193 1585 233 xxxu.

279 300 372 343 riae
398 298 614 358 Virginis,
641 308 718 343 aut
743 298 865 358 quod
896 296 975 341 illa
1006 297 1063 340 sit
1094 305 1238 340 mater
1270 297 1388 355 ejus3
1415 296 1538 355 quod
1570 305 1726 341 tamen
1757 298 1803 341 in
1830 298 2096 358 evangelica
2117 297 2237 344 Scri-

283 375 413 425 ptura
441 366 664 410 asseritur.

367 434 626 476 Praeterea:
654 432 700 475 in
726 429 978 488 Evangelio
1005 431 1214 487 expresse
1247 398 1409 473 dicitur
1430 429 1559 505 equod
1587 429 1797 474 Christus
1831 430 2033 475 animam
2063 431 2235 486 habuit,

279 499 395 543 sicut
420 509 486 542 est
513 498 622 541 illud
649 497 830 555 (Matth.
858 495 1024 539 XXVI.
1057 495 1167 554 383)
1204 495 1353 540 Tristis
1378 502 1434 540 est
1455 497 1601 540 anima
1626 511 1717 540 mea
1738 510 1861 554 usque
1882 496 1936 541 ad
1961 503 2165 550 mortem;
2193 507 2238 543 et

279 565 459 623 (Joann.
479 564 579 607 XII.
598 563 713 620 27.):
730 563 855 606 Nunc
873 563 1019 605 anima
1041 576 1132 605 mea
1154 563 1322 605 herbata
1346 568 1414 606 ost.
1438 561 1494 606 Et
1514 576 1572 606 ne
1593 561 1710 606 forte
1732 562 1918 607 dicant
1905 573 2057 621 rpsum
2070 562 2238 609 Filium

280 632 366 674 Dei
389 631 590 674 animam
618 629 719 682 dici,
743 642 798 671 eo
822 628 944 685 quod
967 628 1218 670 secundum
1237 641 1399 671 eorum
1416 628 1691 686 positionem
1707 628 1814 672 loco
1833 629 2013 672 animae
2030 640 2075 673 et
2091 630 2238 674 carnis

280 699 349 753 sit,
377 696 650 741 sumendum
677 705 744 738 est
769 694 890 753 quod
917 694 1147 738 Dominus
1169 694 1278 738 dicit
1304 694 1490 752 (Joann.
1517 695 1573 738 X.
1606 695 1719 751 18.):
1748 696 1991 741 Putemus
2015 695 2142 741 habau
2166 703 2239 766 po-

280 763 405 807 nendi
436 764 622 806 animam
655 775 791 805 meam
823 767 859 804 et
889 762 1041 805 iterum
1071 761 1258 805 sumendi
1290 775 1407 813 eam;
1443 774 1497 804 ex
1528 774 1619 820 quo
1651 761 1918 820 intelligitur
1943 761 2070 807 ahud
2097 763 2239 834 qaum

282 830 484 873 animam
510 842 608 871 esse
635 827 680 870 in
708 827 894 871 Christo
921 826 1044 902 quod
1076 827 1235 870 habuit
1265 837 1538 885 potestatem
1566 827 1769 885 ponendi
1799 828 2001 872 animam
2027 829 2163 873 suain
2195 839 2240 874 et

279 895 502 940 sumendi.
530 894 636 938 Non
664 903 815 937 autem
848 893 972 937 fuit
961 908 1007 936 m
1038 903 1264 969 potestate
1289 894 1494 952 corporis
1521 894 1643 951 quod
1674 895 1875 938 uniretur
1903 894 2021 939 Filio
2051 894 2142 940 Dei
2164 894 2240 939 vel

280 970 563 1025 separaretur
596 975 621 1003 a
653 960 773 1013 Deo,
805 974 946 1018 quum
978 959 1071 1003 hoc
1103 959 1242 1003 etiarn
1272 970 1461 1003 naturae
1491 969 1766 1018 potestatem
1796 960 2001 1005 excedat.
2043 960 2240 1021 oportet

278 1031 414 1088 igitur
440 1022 668 1085 intelligi
658 1041 703 1070 ιιι
733 1026 919 1071 Christo
947 1027 1068 1070 aliud
1093 1026 1233 1071 fuisse
1265 1026 1468 1070 animam
1494 1035 1540 1070 et
1565 1026 1688 1101 aliud
1709 1026 1991 1071 divinitatem
2012 1026 2115 1072 Filii
2130 1027 2260 1083 Dei„

280 1098 352 1140 cui
380 1096 544 1139 meri-to
571 1094 673 1138 talis
699 1103 900 1153 potestas
926 1093 1146 1138 tribuitur.

369 1163 507 1206 Item:
534 1161 727 1214 tristitia,
753 1161 818 1204 ira
845 1170 890 1204 et
914 1159 1180 1218 huiusmodi
1195 1159 1430 1219 passiones
1447 1170 1550 1203 sunt
1570 1159 1754 1204 animae
1769 1159 2028 1214 sensitiva,
2044 1161 2111 1205 ιιι
2108 1170 2240 1220 pum

280 1242 360 1286 per
386 1227 759 1285 Philosophum
748 1240 795 1270 ιιι
821 1226 1017 1285 septimo
1043 1226 1226 1286 Physic.
1250 1227 1301 1284 (t.
1320 1241 1358 1270 c.
1381 1226 1484 1285 19..)
1511 1226 1639 1270 Haec
1656 1227 1873 1271 autemin
1892 1226 2091 1272 Christo
2091 1216 2237 1273 fixisse

278 1310 334 1339 ex
359 1293 621 1352 Evangeliis
647 1293 985 1352 comprobatur.
1015 1293 1213 1352 Oportet
1242 1293 1380 1351 igitur
1404 1293 1450 1336 in
1476 1293 1664 1338 Christo
1694 1292 2240 1339 fuisseanimamzsem-

272 1361 436 1415 -tivarn,
463 1361 518 1403 de
544 1374 634 1418 qua
659 1359 847 1418 planum
871 1369 939 1404 est
964 1359 1086 1418 quod
1112 1358 1262 1404 differt
1286 1373 1314 1403 a
1338 1369 1499 1404 natura
1527 1359 1680 1403 divina
1705 1359 1808 1403 Filii
1832 1359 1938 1405 Dei.-
2015 1373 2018 1379 ·

368 1427 458 1471 Sed
485 1426 590 1485 quia
616 1436 764 1502 potest
791 1427 877 1470 dici
903 1426 1107 1470 humana
1131 1426 1179 1469 in
1204 1425 1465 1484 Evangeliis
1487 1426 1805 1484 :metaphorice
1822 1425 2014 1473 uicinae
2032 1426 2237 1482 obt-isto,

277 1496 392 1538 sicut
423 1494 478 1537 de
510 1494 613 1537 Deo
654 1493 701 1536 in
738 1492 963 1552 plerisque
995 1491 1110 1536 locis
1142 1506 1271 1536 sacra
1304 1492 1536 1550 Scriptura
1568 1492 1788 1551 loquitur,
1816 1493 2157 1552 accipiendum
2170 1502 2239 1553 est

278 1560 446 1619 aliquid
473 1560 595 1619 quod
621 1573 808 1604 necesse
834 1562 889 1603 sit
914 1569 964 1603 ut
989 1559 1168 1617 proprie
1196 1559 1367 1603 dictum
1392 1558 1684 1618 intelligatur.
1712 1559 1843 1603 Sicut
1868 1559 1997 1605 enim
2020 1558 2131 1604 alia
2142 1572 2240 1605 eur.-
2317 1558 2332 1582 ὲ

275 1627 465 1687 poralia,
498 1641 613 1686 quae
641 1627 695 1671 de
724 1627 909 1671 Christo
937 1626 1256 1685 Evangelistae
1287 1636 1485 1680 narrant,
1519 1627 1698 1685 proprie
1729 1624 2043 1685 intelliguntur
2068 1636 2119 1672 α
2134 1639 2236 1671 non

278 1695 611 1753 metaphorice;
632 1694 700 1737 ita
727 1702 906 1751 oportet
930 1706 1024 1737 non
1053 1693 1365 1770 metaphorice
1394 1693 1453 1736 de
1484 1693 1585 1751 ipso
1616 1692 1810 1751 intelligi
1840 1692 1964 1752 quod
1995 1693 2238 1740 ιιιιιιῶεα-

278 1761 404 1814 verit‚
432 1771 476 1804 et
501 1775 581 1819 per
602 1773 886 1820 consequens
913 1760 1035 1818 quod
1068 1759 1287 1803 esurierit.
1314 1759 1494 1803 Esurire
1521 1769 1674 1803 autem
1699 1771 1794 1803 non
1819 1769 1889 1803 est
1912 1758 2001 1804 nisi
2024 1758 2238 1812 habentis

279 1828 482 1871 animam
515 1827 791 1880 sensitivam,
833 1840 974 1884 quum
1015 1826 1185 1870 esuries
1226 1826 1283 1870 sit
1326 1826 1550 1884 appetitus
1584 1826 1684 1870 cibi.
1718 1825 1919 1884 Oportet
1944 1822 2104 1886 :igitur
2112 1827 2238 1886 quod

282 1894 492 1940 Christus
518 1894 727 1938 habuerit
751 1894 955 1937 animam
981 1892 1257 1937 sensitiva-m.

977 2090 1233 2147 CAPUT
1276 2090 1544 2146 XXXIII.

799 2227 884 2264 DE
942 2226 1202 2265 ERRORE
1258 2226 1720 2265 APOLLINARIS

294 2302 597 2343 DICENTIS
638 2301 890 2341 ANIMAM
937 2300 1363 2339 RATIONALEM
1400 2300 1533 2339 NON
1572 2300 1797 2339 FUISSE
1830 2301 1894 2340 m
1927 2300 2239 2377 CHMSTO,

889 2375 959 2412 ET
1000 2375 1073 2412 DE
1115 2373 1326 2413 ERRORE
1366 2374 1617 2413 ORIGENIS
2012 2387 2022 2395 ·

410 2449 668 2488 DICENTIS
696 2440 912 2489 ANIMAM
934 2448 1155 2487 CHRISTI
1181 2448 1328 2488 ANTE
1355 2448 1596 2488 MUNDUM
1623 2448 1810 2486 FUISSE
1830 2445 2115 2488 CREATAM.

365 2562 447 2605 His
474 2571 629 2613 autem
658 2559 930 2604 testimoniis
963 2559 1239 2618 evangelicis
1266 2559 1547 2618 Apollinaris
1583 2559 1818 2603 convictus
1850 2559 1986 2616 (teate
2006 2558 2128 2618 Aug.
2158 2558 2236 2604 lib.

276 2630 399 2673 haer.
426 2643 470 2671 ιι.
502 2627 605 2685 55.),
633 2626 868 2671 confessus
896 2635 963 2670 est
987 2626 1034 2669 in
1062 2625 1247 2670 Christo
1271 2627 1475 2670 ani-mam
1498 2626 1763 2670 sensitivam
1786 2624 1940 2678 inisse,
1965 2625 2237 2681 tamensim

277 2705 428 2740 mente
456 2705 501 2739 et
524 2692 773 2747 intellectu,
800 2693 862 2736 ita
889 2693 1011 2751 quod
1039 2693 1244 2737 Verbum
1270 2693 1359 2736 Dei
1383 2692 1518 2736 fuerit
1542 2692 1609 2736 illi
1636 2691 1816 2736 animae
1841 2691 1950 2736 loco
1977 2690 2237 2737 intellectus

277 2773 323 2807 et
346 2764 524 2807 mentis.
553 2760 643 2804 Sed
669 2774 753 2803 nec
780 2760 870 2803 hoc
898 2759 1062 2803 sufficit
1088 2759 1144 2803 ad
1171 2759 1541 2803 inconvenientia
1568 2758 1800 2818 praedicta
1822 2758 2023 2810 vitandat
2067 2786 2078 2813 χ

365 2829 520 2872 Homo
548 2828 670 2871 enim
697 2827 898 2885 speciem
925 2827 1110 2869 sortitur
1132 2826 1382 2870 humanam
1412 2839 1465 2869 ex
1489 2826 1581 2869 hoc
1609 2825 1960 2884 quod-mentem
1984 2824 2236 2868 humanam

276 2905 321 2940 et
345 2895 570 2939 rationem
595 2894 745 2938 habet.
776 2893 824 2936 Si
850 2893 985 2951 igitur
1013 2892 1222 2936 Christus
1249 2893 1340 2936 hoc
1368 2906 1461 2935 non
1488 2892 1660 2946 habuit,
1688 2905 1822 2935 verus
1852 2890 2124 2935 homonem
2154 2890 2237 2935 fuit

274 2973 359 3006 nec
387 2962 590 3019 ejusdem
617 2960 785 3018 speciei
810 2960 1065 3003 nobiscum.
1100 2959 1272 3002 Anima
1301 2969 1454 3002 autem
1481 2960 1657 3002 ratione
1691 2971 1849 3002 carens
1883 2957 1940 3001 ad
1969 2956 2110 3001 alium
2139 2958 2239 3016 spio-

274 3095 320 3138 in
347 3105 513 3138 octavo
541 3093 797 3151 Metaphys.
826 3094 877 3150 (t.
907 3106 944 3136 c.
978 3093 1080 3148 ια),
1108 3092 1271 3135 dicitur
1296 3092 1434 3150 quod,
1461 3093 1506 3135 in
1535 3090 1875 3135 diffinitionibus
1906 3100 1952 3134 et
1981 3091 2236 3151 speciebus,

275 3161 501 3219 quaelibet
527 3159 777 3203 differentia
806 3158 1059 3203 essentialis
1093 3158 1244 3202 addita
1268 3157 1343 3201 vel
1363 3158 1594 3210 subtracta
1620 3157 1764 3200 variat
1794 3156 2011 3215 speeiem,
2043 3157 2160 3201 siem
2187 3156 2237 3200 in

274 3228 475 3271 numeris
497 3227 658 3270 unitas,
686 3224 929 3269 Rationale
952 3234 1103 3268 autem
1129 3234 1198 3286 est
1220 3223 1468 3268 differentia
1496 3222 1723 3282 specifica.
1747 3222 1797 3266 Si
1821 3223 1958 3281 igitur
1979 3223 2025 3273 in
2049 3221 2237 3267 Christo

275 3293 356 3337 fuit
383 3294 534 3336 anima
562 3293 775 3336 sensitiva
802 3292 898 3335 sine
920 3292 1113 3344 ratione,
1135 3288 1230 3334 non
1251 3289 1335 3334 fuit
1352 3290 1558 3348 ejusdem
1585 3289 1754 3348 speciei
1771 3302 1877 3343 cum
1896 3288 2049 3340 anima
2063 3297 2235 3343 nostra,

275 3374 390 3419 quae
417 3369 483 3404 est
508 3360 734 3404 rationem
761 3359 948 3402 habens.
974 3357 1072 3401 Nec
1100 3359 1195 3415 ipse
1221 3357 1358 3416 igitur
1386 3356 1595 3401 Christus
1618 3355 1703 3400 fuit
1730 3354 1934 3414 ejusdem
1958 3354 2175 3450 speciei
2156 3365 2239 3400 no*

276 3427 467 3471 biscum.
1976 3455 1979 3457 —
2137 3454 2139 3458 .

369 3494 555 3537 Adhuc.
590 3492 705 3537 inter
738 3493 856 3552 ipsas
892 3492 1067 3536 animas
1099 3491 1335 3535 sensitivas
1366 3490 1542 3534 ratione
1575 3498 1780 3534 carentes
1811 3458 2066 3534 diversitas
2078 3500 2236 3535 secun-

277 3560 384 3603 dum
411 3560 611 3619 speciem
637 3559 836 3614 exsistit,
862 3558 984 3618 quod
1017 3565 1141 3618 patet
1167 3572 1219 3602 ex
1252 3556 1525 3602 animalibus
1558 3554 1907 3611 irrationalibus,
1934 3566 2055 3615 quae
2085 3553 2140 3598 ab
2171 3553 2260 3610 ἰιι

2324 1585 2332 1656 Ξ

2317 1694 2332 1757 3

2321 1782 2332 1858 3

2316 1970 2332 2033 ἐξ

2316 2026 2332 2096 3
