2332 3854
772 269 927 310 Lmen
964 268 1042 309 m.
1084 268 1205 310 cAP.
1244 268 1335 308 xv.
1914 266 2019 324 305

71 389 206 434 supra
230 375 291 434 (c.
319 375 381 433 7.)
408 373 648 433 probatum
686 383 767 418 est.
795 372 1083 433 Impossibile
1110 383 1178 418 est
1209 372 1346 432 igitur
1386 385 1557 432 ponere
1584 384 1816 416 summum
1849 370 2025 415 malum

72 441 195 503 quod
222 442 275 486 sit
304 440 531 485 malorum
559 440 845 500 principium.

160 509 296 554 Item:
326 507 437 552 illud
480 507 603 566 quod
635 516 703 551 est
741 506 941 565 primum
974 506 1245 565 principium
1271 520 1366 551 non
1398 515 1466 551 est
1501 505 1554 549 ab
1582 504 1736 564 aliquo
1774 514 2026 548 causatum.

75 576 230 621 Omne
272 585 426 620 autem
457 573 631 618 malum
670 583 881 618 causatur
908 587 932 617 a
971 574 1109 627 bono,
1142 583 1191 618 ut
1216 583 1453 619 ostensum
1486 582 1556 616 est
1588 573 1651 629 (c.
1686 571 1792 629 ια).
1818 571 1927 615 Non
1960 579 2028 615 est

71 642 208 702 igitur
233 641 407 685 malum
434 641 632 700 primum
658 639 944 699 principium.

161 708 396 767 Amplius:
423 707 598 752 malum
627 721 722 751 non
761 707 855 764 agit
890 707 976 750 nisi
1002 707 1048 750 in
1074 707 1236 751 virtute
1261 707 1386 758 boni,
1422 716 1471 751 ut
1496 720 1549 750 ex
1586 704 1846 764 praemissis
1878 703 2028 761 (ibid.)

73 784 210 835 patet.
237 775 444 819 Primum
472 785 624 819 autem
656 773 928 832 principium
956 774 1054 832 agit·
1074 774 1237 818 virtute
1259 775 1456 833 propria.
1476 772 1651 817 Malum
1674 772 1810 831 igitur
1836 784 1930 816 non
1952 784 2030 829 po-

72 851 160 887 test
185 855 284 886 esse
310 841 508 900 primum
540 841 826 900 principium.

163 907 428 952 Praeterea:
456 922 598 966 quum
624 907 668 950 id
691 907 812 966 quod
839 916 906 950 est
937 921 1017 965 per
1045 907 1254 951 accidens
1281 909 1337 951 sit
1362 907 1585 966 posterius
1612 919 1668 950 eo
1696 905 1819 964 quod
1852 914 1920 949 est
1952 917 2031 963 per

73 988 138 1029 se,
164 974 445 1034 impossibile
472 984 540 1018 est
565 974 686 1033 quod
703 974 761 1017 sit
791 974 990 1032 primum
1015 974 1060 1017 id
1084 975 1205 1032 quod
1233 984 1299 1018 est
1318 988 1397 1033 per
1424 974 1649 1018 accidens.
1672 972 1849 1016 Malum
1876 981 2030 1015 autem

73 1055 168 1086 non
200 1041 353 1086 evenit
382 1041 470 1084 nisi
495 1054 574 1099 per
591 1039 819 1093 accidens,
837 1051 880 1084 et
897 1050 1074 1098 praeter
1099 1041 1416 1095 intentionem,
1447 1050 1496 1084 ut
1511 1040 1754 1099 probatum
1777 1047 1845 1083 est
1867 1038 1928 1095 (c.
1950 1036 2032 1094 4.).

29 1102 34 1108 “
72 1107 360 1168 Impossibile
386 1117 454 1152 est
477 1107 613 1166 igitur
645 1107 767 1165 quod
794 1106 969 1150 malum
1001 1106 1058 1150 sit
1082 1107 1281 1166 primum
1305 1107 1589 1165 principium.

0 2332 8 2372 Ξ

1 2539 14 2579 ξ

2 2579 35 2885 ἰ

162 1174 353 1219 Adhuc:
381 1188 520 1218 omne
539 1173 713 1217 malum
730 1174 868 1217 habet
885 1187 1070 1217 causam
1088 1186 1168 1232 per
1187 1175 1412 1228 accidens,
1438 1184 1488 1218 ut
1503 1173 1745 1232 probatum
1760 1181 1828 1217 est
1841 1174 1905 1225 (c.
1927 1171 2032 1230 13.).

74 1240 283 1286 Primum
311 1250 464 1285 autem
490 1240 763 1300 principium
785 1254 878 1284 non
909 1240 1047 1284 habet
1084 1254 1270 1284 causam
1303 1254 1450 1300 neque
1477 1254 1556 1299 per
1589 1253 1650 1293 se,
1676 1251 1825 1298 neque
1850 1251 1931 1297 per
1963 1251 2034 1282 ac-

77 1307 247 1354 cidens.
272 1307 449 1352 Malum
474 1308 611 1366 igitur
635 1321 729 1351 non
755 1317 905 1366 potest
936 1321 1035 1351 esse
1061 1307 1260 1366 primum
1283 1306 1554 1366 principium
1579 1307 1626 1350 in
1654 1306 1808 1365 aliquo
1845 1318 2026 1364 genere.

163 1375 304 1419 Item:
339 1388 475 1419 causa
497 1388 576 1434 per
601 1388 649 1418 se
675 1384 742 1418 est
768 1375 890 1433 prior
916 1387 970 1417 ea
996 1387 1112 1433 quae
1139 1383 1206 1418 est
1231 1388 1311 1433 per
1353 1373 1577 1418 accidens.
1611 1372 1703 1417 Sed
1728 1371 1903 1417 malum
1934 1384 2030 1416 non

77 1450 147 1486 est
171 1454 308 1487 causa
333 1441 421 1485 nisi
446 1455 525 1500 per
546 1441 774 1495 accidens,
799 1450 849 1484 ut
865 1450 1102 1485 ostensum
1125 1450 1193 1485 est
1210 1444 1271 1500 (c.
1294 1441 1396 1496 14).
1415 1440 1592 1485 Malum
1607 1440 1745 1499 igitur
1765 1453 1861 1484 non
1882 1447 2034 1498 potest

76 1521 176 1554 esse
201 1508 399 1567 primum
424 1507 697 1567 principium
728 1508 774 1551 in
799 1506 953 1566 aliquo
981 1521 1162 1566 genere.

162 1574 252 1619 Per
275 1573 366 1619 hoc
393 1584 547 1619 autem
572 1573 823 1618 excluditur
848 1587 974 1618 error
997 1574 1377 1618 Manichaeorum
1402 1574 1673 1633 ponentium
1700 1572 1886 1633 aliquod
1912 1586 2035 1618 sum-

81 1656 208 1687 murn
235 1641 409 1686 malum
436 1641 557 1701 quod
583 1650 651 1686 est
674 1641 946 1700 principium
973 1643 1172 1700 primum
1199 1641 1409 1686 omniurn
1431 1640 1677 1686 malorum.

828 1853 1085 1911 CAPUT
1125 1854 1279 1911 XVI.

448 1991 604 2038 Quon
644 1991 784 2030 murs
825 1990 1152 2045 quusmBET
1192 1990 1280 2030 REI
1311 1991 1413 2029 EST
1452 1990 1662 2030 BONUM.

167 2106 218 2151 Si
234 2116 388 2151 autem
404 2120 543 2151 omne
571 2120 712 2165 agens
735 2107 830 2165 agit
850 2117 1034 2167 propter
1058 2108 1248 2162 bonurn,
1275 2117 1325 2151 ut
1346 2120 1482 2165 supra
1505 2108 1566 2167 (c.
1598 2107 1658 2166 3.)
1681 2105 1922 2165 probatum
1956 2115 2037 2161 est,

77 2174 280 2234 sequitur
306 2173 493 2218 ulterius
519 2174 641 2233 quod
669 2174 910 2233 cujuslibet
935 2177 1050 2219 entis
1074 2175 1250 2220 bonum
1281 2175 1339 2219 sit
1368 2174 1484 2218 finis.

168 2241 323 2287 Omne
356 2241 480 2285 enirn
506 2255 586 2286 ens
622 2242 856 2286 ordinatur
890 2241 937 2285 in
964 2242 1104 2286 finem
1136 2256 1214 2301 per
1250 2256 1383 2286 suam
1415 2242 1670 2296 actionem3
1698 2251 1881 2300 oportet
1912 2242 2036 2286 enim

76 2307 202 2369 quod
223 2307 301 2352 vel
323 2300 422 2367 ipsa
447 2308 567 2353 actio
590 2308 646 2353 sit
667 2307 783 2362 finis,
814 2307 888 2352 vel
910 2309 1034 2367 quod
1060 2308 1162 2353 finis
1189 2308 1381 2353 actionis
1407 2308 1465 2353 sit
1486 2308 1587 2352 finis
1609 2309 1799 2367 agentis,
1821 2308 1945 2368 quod
1967 2317 2035 2353 est

77 2376 174 2435 ejus
196 2375 386 2420 bonum.

165 2440 402 2501 Amplius:
434 2440 536 2486 finis
567 2441 634 2486 rei
659 2442 899 2500 cujuslibet
930 2453 998 2487 est
1029 2443 1076 2486 in
1109 2442 1231 2502 quod
1262 2444 1531 2487 terminatur
1557 2443 1780 2502 appetitus
1805 2443 1921 2501 ejus.
1949 2442 2040 2502 Ap-

75 2508 243 2570 petitus
276 2519 429 2552 autem
461 2508 700 2567 cujuslibet
730 2510 795 2554 rei
826 2510 1094 2554 terminatur
1120 2510 1175 2553 ad
1196 2510 1395 2564 bonum;
1427 2510 1492 2554 sic
1520 2510 1642 2554 enim
1670 2509 1937 2569 philosophi
1963 2509 2040 2554 dif-

76 2575 240 2621 finiunt
262 2576 461 2620 bonurn:
493 2591 516 2617 «
541 2574 681 2628 Quod
708 2576 865 2621 omnia
897 2587 1114 2636 appetunt
1139 2593 1180 2620 >›.
1210 2576 1464 2635 Cujuslibet
1488 2577 1624 2636 igitur
1649 2579 1716 2622 rei
1740 2576 1842 2621 finis
1869 2587 1939 2622 est
1964 2576 2042 2621 ali-

77 2642 202 2703 quod
231 2642 420 2686 bonurn.

165 2709 305 2755 Item:
337 2708 450 2753 illud
486 2708 542 2752 ad
565 2709 702 2767 'quod
735 2709 904 2768 aliquid
935 2710 1079 2754 tendit
1115 2724 1256 2769 quum
1294 2720 1419 2754 extra
1450 2710 1599 2768 ipsum
1625 2709 1773 2765 fuerit,
1800 2719 1845 2754 et
1868 2709 1915 2753 in
1947 2723 2040 2768 quo

78 2775 271 2836 quiescit
301 2790 442 2835 quum
474 2777 622 2835 ipsum
649 2776 870 2831 habuerit,
898 2786 966 2820 est
997 2776 1097 2820 finis
1131 2778 1241 2834 ejus.
1271 2777 1645 2836 Unumquodque
1678 2786 1847 2830 autern,
1873 2777 1908 2820 si
1941 2790 2041 2834 per-

77 2841 277 2888 fectione
301 2843 484 2902 propria
511 2852 676 2895 careat,
708 2843 755 2886 in
787 2843 934 2900 ipsam
961 2854 1186 2896 movetur,
1214 2854 1436 2901 quantum
1459 2844 1507 2887 in
1533 2858 1581 2887 se
1608 2853 1704 2897 est;
1736 2843 1775 2887 si
1799 2857 1909 2888 vero
1937 2856 2040 2887 earn

77 2907 260 2963 habeat,
298 2909 347 2953 in
384 2908 483 2967 ipsa
524 2909 728 2967 quiescit.
761 2909 883 2953 Finis
915 2910 1053 2967 igitur
1084 2910 1438 2969 uniuscujusque
1476 2911 1542 2955 rei
1573 2921 1641 2954 est
1672 2911 1769 2968 ejus
1806 2909 2039 2969 perfectio.

79 2974 306 3021 Perfectio
338 2984 489 3019 autern
518 2974 759 3033 cujuslibet
789 2990 836 3020 es
868 2976 1041 3019 bonum
1064 2976 1219 3035 ipsius.
1244 2977 1617 3037 Unumquodque
1643 2977 1781 3036 igitur
1807 2977 2042 3021 ordinatur

78 3042 128 3087 in
157 3042 334 3086 bonum
364 3042 481 3086 sicut
510 3041 557 3084 in
583 3041 734 3086 finem.

168 3108 431 3153 Praeterea:
466 3108 633 3152 eodem
666 3108 807 3152 modo
835 3109 1101 3153 ordinantur
1132 3111 1177 3154 in
1202 3109 1341 3155 finem
1368 3125 1422 3155 ea
1449 3125 1564 3170 quae
1593 3121 1882 3170 cognoscunt
1902 3110 2041 3156 finem

28 3219 34 3233 s
82 3184 129 3220 et
158 3188 212 3219 ea
242 3188 359 3233 quae
392 3173 529 3217 finem
561 3187 655 3217 non
688 3185 988 3232 cognoscunt,
1020 3175 1127 3220 licet
1159 3190 1212 3220 ea
1245 3191 1361 3235 quae
1398 3187 1686 3235 cognoscunt
1709 3177 1850 3221 finem
1882 3191 1961 3236 per
1992 3192 2041 3222 se

81 3251 356 3286 moveantur
381 3241 427 3283 in
454 3239 607 3294 finem,
639 3255 755 3299 quae
788 3251 940 3286 autem
977 3257 1071 3286 non
1103 3254 1391 3301 cognoscunt
1415 3244 1569 3299 finem,
1594 3244 1785 3288 tendunt
1815 3244 1862 3288 in
1902 3244 2042 3288 finem

83 3307 214 3367 quasi
240 3307 293 3351 ab
327 3307 418 3351 alio
445 3307 631 3362 directa,
657 3308 774 3351 sicut
798 3317 920 3366 patet
961 3310 1016 3353 de
1042 3310 1285 3367 sagittante
1323 3321 1367 3354 et
1403 3312 1581 3369 sagitta.
1623 3311 1714 3354 Sed
1741 3325 1795 3354 ea
1821 3325 1937 3370 quae
1965 3325 2043 3356 co-

84 3384 312 3434 gnoscunt
336 3374 473 3418 finem
506 3388 686 3432 semper
717 3375 981 3419 ordinantur
1007 3377 1051 3419 in
1078 3377 1251 3420 bonum
1278 3378 1395 3421 sicut
1420 3379 1465 3421 in
1493 3377 1656 3431 finem;
1681 3391 1790 3421 narn
1815 3377 2042 3432 voluntas,

86 3454 202 3501 quae
244 3451 312 3485 est
347 3441 570 3500 appetitus
602 3440 703 3485 finis
735 3443 1031 3501 praecogniti,
1058 3457 1151 3487 non
1187 3444 1332 3487 tendit
1356 3444 1403 3487 in
1444 3444 1612 3502 aliquid
1637 3445 1726 3488 nisi
1757 3445 1838 3489 sub
1864 3445 2041 3490 ratione

8 3568 9 3572 Ἰ
84 3506 211 3562 boni,
235 3509 357 3567 quod
382 3518 451 3552 est
476 3508 572 3565 ejus
598 3508 846 3566 objectum.
873 3509 994 3568 Ergo
1027 3520 1072 3554 et
1103 3524 1156 3554 ea
1182 3524 1298 3569 quae
1325 3510 1464 3554 finem
1490 3525 1584 3555 non
1613 3522 1901 3570 cognoscunt
1926 3512 2042 3556 ordi-

87 3584 250 3620 nantur
279 3575 327 3619 in
357 3575 531 3620 bonum
564 3574 680 3619 sicut
709 3575 756 3619 in
787 3574 942 3621 finem.
967 3576 1090 3622 Finis
1115 3577 1252 3636 igitur
1277 3578 1485 3622 omnium
1519 3587 1586 3623 est
1617 3579 1803 3622 bonum.

229 3741 268 3778 8.
293 3741 446 3779 Tanna
473 3743 605 3780 Summa
631 3750 741 3778 contra
766 3743 921 3780 Gentiles.
1867 3757 1910 3782 20
