2332 3854
267 197 378 264 256
808 205 825 219 “
904 207 1060 246 LmER
1099 206 1155 244 11.
1198 207 1319 244 CAP.
1361 205 1582 244 Lxxxw.

266 313 347 367 sic,
372 326 512 371 quum
540 325 701 356 omnes
733 310 912 354 animae
937 310 1168 353 humanae
1200 308 1291 352 sint
1320 308 1452 352 unius
1484 307 1654 367 speciei
1683 307 1800 352 sicut
1825 317 1869 352 et
1891 321 2053 352 omnes
2077 307 2225 351 homi-

263 393 360 432 nes,
385 393 479 423 non
505 387 727 437 repugnat
751 376 1007 436 praedictae
1033 375 1173 434 quieti
1197 375 1236 419 si
1265 375 1392 420 Deus
1419 374 1620 433 quotidie
1645 388 1788 418 novas
1821 374 1997 418 animas
2024 382 2160 418 creat.

355 445 604 490 Sciendum
631 454 783 488 autem
810 453 877 486 est
903 441 1025 500 quod
1052 442 1105 485 ab
1129 440 1374 486 Aristotele
1391 455 1485 485 non
1496 441 1722 485 invenitur
1748 441 1919 484 dictum
1946 439 2068 499 quod
2090 438 2226 484 iutel-

263 512 406 556 lectus
431 513 658 556 humanus
691 510 747 554 sit
778 518 1007 563 aeternus;
1041 507 1165 567 quod
1200 510 1353 552 tamen
1391 508 1540 552 dicere
1575 507 1812 551 consuevit
1841 507 1888 550 in
1914 507 1985 551 his
2011 520 2128 565 quae
2153 520 2223 551 se-

263 579 463 623 cundum
481 592 610 622 suam
629 576 895 635 opinionem
917 588 1097 634 semper
1112 574 1306 618 fuerunt.
1323 574 1448 619 Dicit
1469 584 1620 618 autem
1639 575 1787 632 ipsum
1805 587 1903 617 esse
1925 579 2221 632 perpetuum;

264 646 386 705 quod
414 645 596 704 quidem
623 652 772 701 potest
797 642 886 685 dici
912 642 967 685 de
995 641 1065 685 his
1087 655 1203 700 quae
1230 655 1409 700 semper
1435 650 1580 694 erunt,
1607 640 1785 684 etiamsi
1806 654 1902 684 non
1922 653 2104 698 semper
2120 637 2218 685 fue·

264 714 372 766 rint;
399 712 517 755 unde
541 714 585 754 in
613 710 793 753 decimo
821 709 968 767 primo
991 708 1193 767 Metaph.
1221 709 1273 765 (t.
1297 722 1334 751 c.
1368 709 1472 765 17.),
1499 721 1639 766 quum
1667 707 1870 750 animam
1894 705 2220 751 intellectivam

265 794 291 823 a
323 778 585 822 conditione
611 776 802 819 aliarum
829 775 1082 818 formarum
1105 775 1342 833 acciperet,
1367 788 1461 818 non
1489 774 1598 818 dixit
1623 773 1746 832 quod
1772 774 1886 817 haec
1913 772 2063 818 forma
2087 771 2222 826 fuerit

266 855 369 890 ante
396 844 649 896 materiam,
677 843 799 901 quod
824 852 979 885 tamen
1010 840 1142 888 Plato
1169 841 1226 885 de
1257 841 1371 885 ideis
1403 841 1594 894 dicebat,
1617 850 1662 884 et
1687 841 1751 884 sic
1777 841 2012 884 videbatur
2037 853 2214 884 conve-

264 913 392 955 niens
408 911 625 954 materiae
651 909 698 952 in
724 923 812 968 qua
838 908 1108 967 loquebatur
1133 918 1182 952 ut
1208 907 1380 966 aliquid
1407 907 1496 951 tale
1523 908 1578 951 de
1605 908 1757 951 anima
1788 907 1983 962 diceret3
2009 906 2088 951 sed
2115 906 2226 950 dixit

267 979 388 1038 quod
416 988 569 1022 manet
594 985 696 1036 post
723 989 900 1035 corpus.

954 1152 1208 1209 CAPUT
1250 1153 1532 1208 LXXXV.

601 1291 760 1337 QUOD
804 1271 1125 1330 ANIMA'NON
1159 1288 1259 1327 EST
1299 1288 1372 1326 DE
1405 1287 1745 1327 SUBSTANTIA
1778 1287 1890 1326 DEI.

907 1393 966 1450 (I.
984 1397 1098 1450 part.
1121 1397 1270 1449 quaest.
1294 1390 1386 1435 XC.
1409 1396 1491 1435 art.
1515 1406 1536 1435 1
1540 1390 1585 1446 )

354 1509 420 1552 Ex
443 1507 515 1551 his
542 1506 680 1551 etiam
705 1515 829 1583 patet
860 1505 1062 1549 animam
1087 1518 1182 1548 non
1209 1517 1307 1548 esse
1331 1502 1386 1547 de
1411 1501 1662 1546 substantia
1683 1499 1785 1544 Dei.

357 1576 605 1620 Ostensum
635 1584 702 1618 est
727 1574 850 1617 enim
877 1587 1011 1631 supra
1037 1572 1156 1650 (Lib.
1183 1572 1216 1616 Ι.
1242 1586 1280 1616 c.
1308 1571 1395 1628 15.)
1424 1569 1625 1613 divinam
1652 1567 1949 1613 substantiam
1973 1580 2072 1613 esse
2090 1541 2229 1613 aeter-

265 1658 388 1696 nam,
415 1656 499 1686 nec
527 1640 695 1700 aliquid
723 1642 819 1698 ejus
837 1640 892 1683 de
908 1653 1031 1683 novo
1050 1640 1263 1698 incipere.
1287 1637 1484 1681 Animae
1512 1641 1663 1680 autem
1681 1635 1911 1679 humanae
1928 1648 2024 1678 non
2047 1634 2227 1688 fuerunt

268 1720 371 1753 ante
397 1723 603 1767 corpora,
636 1717 685 1751 ut
717 1717 949 1751 ostensum
979 1716 1046 1750 est
1072 1707 1132 1763 (c.
1161 1704 1267 1764 83.).
1294 1705 1401 1749 Non
1427 1704 1564 1762 igitur
1591 1703 1743 1746 anima
1767 1710 1917 1760 potest
1933 1714 2031 1746 esse
2053 1701 2108 1746 de
2129 1702 2231 1747 sub-

267 1777 431 1821 stantia
456 1776 621 1820 divina.

356 1842 591 1902 Amplius:
620 1852 855 1886 ostensum
877 1850 945 1885 est
970 1854 1103 1898 supra
1130 1839 1249 1896 (Lib.
1277 1839 1312 1882 Ι,
1332 1853 1369 1883 c.
1398 1838 1489 1895 27.)
1518 1836 1640 1895 quod
1657 1836 1784 1880 Deus
1801 1834 1968 1879 nullius
1992 1836 2059 1880 rei
2078 1835 2228 1880 forma

269 1924 366 1954 esse
385 1919 546 1968 potest.
564 1910 734 1953 Anima
751 1919 904 1952 autem
922 1908 1125 1951 humana
1142 1916 1209 1950 est
1224 1905 1374 1949 forma
1392 1904 1610 1963 corporiS‚
1628 1914 1676 1947 ut
1695 1915 1929 1947 ostensum
1946 1912 2012 1947 est
2035 1904 2096 1960 (c.
2119 1902 2223 1961 57.).

267 1978 374 2022 Non
399 1978 535 2035 igitur
561 1987 629 2020 est
654 1976 708 2020 de
731 1976 980 2020 substantia
1006 1975 1170 2018 divina.

309 2034 617 2088 ¹Praeterea:
647 2056 785 2086 omne
807 2042 919 2086 illud
944 2056 998 2085 ex
1024 2055 1114 2100 quo
1139 2040 1188 2084 fit
1215 2039 1383 2115 aliquid
1407 2048 1473 2082 est
1498 2040 1543 2081 in
1567 2037 1771 2096 potentia
1799 2036 1854 2080 ad
1880 2036 1929 2080 id.
1953 2036 2075 2096 quod
2101 2035 2151 2081 fit
2176 2050 2232 2081 ex

269 2126 339 2156 eo.
365 2111 624 2155 Substantia
652 2119 804 2153 autem
830 2109 920 2152 Dei
940 2123 1036 2152 non
1059 2107 1187 2152 estin
1205 2106 1408 2166 potentia
1427 2107 1480 2149 ad
1501 2104 1685 2162 aliquid,
1703 2118 1844 2163 quum
1865 2103 1923 2148 sit
1937 2117 2074 2163 purus
2091 2113 2232 2158 actus,

269 2189 317 2222 ut
345 2193 479 2236 supra
507 2178 626 2234 (Lib.
647 2177 681 2220 Ι.
700 2191 735 2220 c.
761 2175 848 2233 16.)
878 2185 1114 2219 ostensum
1132 2183 1211 2218 est.
1232 2171 1519 2231 Impossibile
1537 2181 1605 2215 est
1620 2171 1756 2230 igitur
1773 2170 1896 2230 quod
1913 2183 1969 2215 ex
1985 2170 2233 2216 substantia

270 2246 359 2289 Dei
385 2245 464 2288 fiat
489 2245 641 2288 anima
664 2243 737 2287 vel
762 2242 1086 2302 quodcumque
1115 2241 1248 2285 aliud.

359 2312 550 2355 Adhuc:
586 2310 697 2354 illud
740 2325 794 2354 ex
835 2324 926 2369 quo
963 2309 1013 2353 fit
1045 2308 1166 2352 aliud
1201 2307 1354 2366 aliquo
1388 2305 1529 2350 modo
1563 2315 1777 2349 mutatur.
1818 2304 1945 2349 Deus
1978 2313 2132 2349 autem
2163 2314 2233 2350 est

270 2379 461 2423 omnino
485 2378 748 2431 immobilis,
766 2387 814 2421 ut
831 2391 966 2435 supra
988 2376 1108 2433 (Lib.
1127 2376 1160 2419 Ι.
1182 2389 1219 2418 c.
1243 2374 1330 2431 14.)
1349 2373 1589 2432 probatum
1610 2382 1690 2416 est.
1709 2370 1996 2430 Impossibile
2029 2383 2077 2415 es
2093 2371 2231 2483 igitur

272 2446 394 2506 quod
423 2460 477 2490 ex
499 2459 556 2489 eo
585 2444 754 2503 aliquid
776 2444 873 2487 fieri
899 2443 1054 2502 possit.

359 2512 591 2571 Amplius.
618 2512 666 2556 in
690 2511 844 2554 anima
865 2509 1105 2554 manifeste
1130 2517 1316 2567 apparet
1340 2506 1531 2551 variatio
1559 2505 1810 2550 secundum
1832 2505 2071 2550 scientiam
2088 2514 2134 2550 et
2149 2504 2235 2550 vir-

271 2590 416 2624 tutem
440 2593 602 2624 eorum
624 2578 847 2654 opposita.
869 2578 997 2621 Deus
1024 2586 1178 2620 autem
1201 2584 1268 2619 est
1290 2574 1480 2617 omnino
1507 2571 1785 2616 invariabilis
1807 2582 1852 2616 et
1876 2586 1956 2631 per
1981 2586 2045 2626 se,
2077 2581 2124 2616 et
2152 2585 2234 2632 per

273 2646 498 2691 accidens
524 2646 633 2689 Non
654 2645 791 2706 igitur
819 2644 971 2687 anima
993 2652 1144 2701 potest
1166 2655 1263 2685 esse
1291 2641 1346 2684 de
1373 2641 1525 2684 divina
1551 2638 1813 2683 substantia.

359 2715 499 2757 Item:
525 2726 658 2771 supra
681 2721 918 2756 ostensum
945 2720 1013 2755 est
1036 2710 1155 2766 (Lib.
1183 2709 1216 2752 Ι
1246 2723 1283 2752 c.
1317 2706 1404 2764 16.)
1433 2707 1555 2766 quod
1587 2706 1713 2750 Deus
1746 2715 1813 2750 est
1845 2714 1970 2749 actus
2002 2704 2233 2764 purus,in

271 2795 362 2840 quo
388 2779 514 2824 nulla
539 2777 847 2838 potentialitas
875 2777 1112 2821 invenitur.
1140 2777 1192 2819 In
1220 2775 1371 2819 anima
1405 2785 1559 2818 autem
1590 2773 1793 2816 humana
1824 2772 2052 2817 invenitur
2083 2781 2128 2816 et
2157 2785 2235 2831 po-

270 2849 410 2892 tentia
436 2858 480 2891 et
502 2856 657 2900 actus;
679 2855 746 2889 est
767 2846 891 2889 enim
916 2845 963 2888 in
981 2858 1035 2888 ea
1056 2842 1314 2887 intellectus
1336 2840 1579 2900 possibilis,
1602 2840 1680 2898 qui
1702 2850 1769 2883 est
1784 2839 1988 2898 potentia
2004 2839 2061 2883 ad
2077 2837 2234 2883 omnia

269 2913 588 2973 intelligibilia,
612 2923 656 2957 et
682 2909 937 2956 intellectus
965 2925 1119 2969 agens,
1143 2919 1189 2951 ut
1213 2923 1267 2950 ex
1294 2907 1559 2964 supradictis
1584 2907 1643 2963 (c.
1673 2905 1741 2964 76.
1765 2915 1809 2950 et
1829 2906 1954 2965 seq.)
1968 2915 2104 2965 patet.
2126 2905 2234 2951 Non

274 2992 341 3027 est
360 2981 499 3039 igitur
526 2980 676 3023 anima
701 2979 903 3018 humana
930 2977 985 3017 de
1011 2983 1171 3016 natura
1195 2973 1358 3016 divina.

317 3080 319 3082 .
359 3049 499 3086 Item:
528 3055 670 3100 quum
696 3041 945 3084 substantia
972 3040 1122 3083 divina
1145 3041 1200 3083 sit
1227 3039 1419 3082 omnino
1441 3039 1741 3098 impartibilis,
1764 3053 1858 3083 non
1885 3049 2035 3098 potest
2066 3039 2234 3099 aliquid

272 3108 548 3154 substantiae
573 3110 669 3166 ejus
698 3121 794 3151 esse
818 3107 985 3161 anima,
1011 3107 1099 3150 nisi
1124 3106 1181 3150 sit
1201 3115 1297 3150 tota
1323 3106 1570 3150 substantia
1598 3107 1707 3164 ejus.
1743 3105 2055 3151 Substantiam
2080 3116 2234 3151 autem

272 3177 473 3220 divinam
496 3185 563 3219 est
584 3173 866 3233 impossibile
890 3187 989 3218 esse
1012 3173 1099 3217 nisi
1121 3187 1275 3226 unam,
1302 3182 1350 3216 ut
1376 3187 1510 3232 supra
1538 3173 1656 3230 (Lib.
1675 3174 1709 3216 I.
1729 3188 1766 3234 c.
1785 3174 1879 3231 42.)
1898 3183 2134 3219 ostensum
2151 3182 2232 3219 est.

274 3243 486 3302 Sequitur
508 3242 645 3300 igitur
671 3241 794 3299 quod
817 3240 1024 3284 omnium
1047 3240 1290 3284 hominum
1314 3240 1370 3283 sit
1395 3249 1573 3283 tantum
1601 3240 1769 3286 anima,
1786 3254 1891 3295 una,
1923 3250 2145 3299 quantum
2177 3239 2232 3283 ad

270 3309 575 3363 intellectum;
603 3318 647 3352 et
672 3308 761 3352 hoc
785 3321 920 3366 supra
948 3308 1007 3365 (c.
1036 3307 1128 3364 75.)
1156 3306 1463 3365 improbatum
1491 3316 1570 3351 est.
1598 3306 1706 3351 Non
1733 3317 1800 3352 est
1822 3307 1959 3366 igitur
1991 3306 2146 3352 anima
2175 3306 2232 3352 de

270 3376 521 3421 substantia
547 3375 711 3420 divina.

358 3443 548 3487 Videtur
575 3452 729 3487 autem
755 3442 869 3486 haec
898 3440 1054 3500 opinio
1078 3454 1132 3484 ex
1158 3439 1323 3499 triplici
1344 3438 1469 3484 fonte
1497 3441 1786 3499 processisse.

362 3509 565 3562 Quidam
592 3510 716 3554 enim
738 3518 990 3568 posuerunt
1008 3507 1182 3552 nullam
1207 3507 1505 3552 substantiam
1526 3507 1848 3567 incorpoream
1866 3520 1989 3562 esse;
2015 3506 2133 3551 unde
2148 3520 2233 3552 no·

271 3576 543 3622 bilissimum
570 3591 817 3637 corporum
842 3577 998 3621 Deum
1025 3589 1123 3622 esse
1150 3575 1374 3629 dicebant,
1397 3575 1492 3620 sive
1517 3575 1608 3620 hoc
1628 3584 1747 3620 esset
1769 3578 1860 3630 aen
1877 3574 1971 3619 sive
1987 3573 2122 3634 ignis,
2137 3573 2232 3620 sive

2321 3675 2332 3854 unm...a-.„
