2332 3854
295 187 397 226 100
939 183 1096 223 LIBER
1134 183 1170 221 1.
1213 182 1333 220 CAP.
1374 183 1594 221 LXXXIV.

285 288 407 348 quod
436 288 603 347 aliquid
630 287 687 332 sit
711 286 847 331 simul
874 300 953 330 ens
980 295 1023 329 et
1054 299 1149 329 non
1176 298 1269 328 ens,
1303 285 1411 328 Non
1437 294 1587 343 potest
1624 285 1761 344 igitur
1801 286 1927 331 Deus
1966 287 2084 332 velle
2124 290 2248 348 quod

287 354 527 399 affirmatio
555 364 599 398 et
623 354 806 412 negatio
834 353 922 396 sint
948 351 1085 395 simul
1109 365 1261 394 verae.
1287 350 1390 394 Hoc
1419 361 1573 395 autem
1597 351 1842 396 includitur
1867 353 1914 395 in
1941 353 2069 397 omni
2093 368 2173 413 per
2197 370 2246 401 se

283 421 568 480 impossibili,
595 421 715 479 quod
745 420 799 462 ad
826 419 1025 475 seipsum
1058 417 1408 475 repugnantiam
1432 418 1583 471 habet,
1609 418 1655 462 in
1683 429 1902 477 quantum
1930 421 2249 467 contradictio-

283 503 391 532 nem
417 488 633 546 implicat.
662 486 886 529 Voluntas
912 485 1046 542 igitur
1076 484 1163 527 Dei
1189 498 1283 526 non
1316 494 1466 542 potest
1491 499 1589 528 esse
1622 499 1702 543 per
1727 499 1775 528 se
1801 486 2170 544 impossibilium.
2188 518 2211 530 -,

373 555 606 612 Amplius:
640 553 851 595 voluntas
878 565 971 593 non
1006 560 1071 593 est
1097 550 1182 592 nisi
1210 549 1399 608 alicujus
1425 551 1535 594 boni
1555 550 1796 595 intellecti:
1819 551 1930 594 illud
1957 552 2095 610 igitur
2120 554 2244 613 quod

282 635 377 664 non
411 621 530 664 cadit
561 621 606 662 in
640 618 887 669 intellectu,
920 631 1014 659 non
1054 625 1204 675 potest
1235 617 1395 660 cadere
1421 618 1468 660 in
1494 618 1742 662 voluntate.
1777 618 1867 662 Sed
1900 632 1954 662 ea
1994 633 2111 677 quae
2141 633 2247 666 sunt

283 688 533 732 secundum
557 701 603 730 se
628 683 926 742 impossibilia
949 697 1043 725 non
1066 683 1234 726 cadunt
1248 683 1295 726 in
1313 683 1608 737 intellectum,
1629 699 1734 728 cum
1753 685 1837 728 sibi
1854 685 1962 743 ipsis
1978 699 2245 746 repugnent,

281 754 369 797 nisi
393 753 509 796 forte
537 767 615 809 per
641 764 840 794 errorem
859 763 951 791 non
970 748 1262 813 intelligentis
1279 763 1430 793 rerum
1449 751 1788 809 proprietatem,
1812 751 1935 809 quod
1957 751 2013 795 de
2030 752 2247 801 Deozdici

281 834 375 864 non
394 829 553 878 potest.
573 819 623 860 In
642 817 843 859 divinam
869 816 1006 874 igitur
1029 814 1315 859 voluntatem
1339 830 1434 860 non
1460 827 1650 874 possunt
1673 817 1832 861 cadere
1850 831 1966 876 quae
1988 819 2243 864 secundum

282 900 330 930 se
356 895 460 929 sunt
491 882 804 942 impossibilia

373 951 554 994 Adhuc:
583 950 833 993 secundum
861 947 983 1006 quod
1010 947 1367 1006 unumquodque
1394 963 1442 992 se
1468 949 1605 993 habet
1631 949 1686 993 ad
1713 963 1824 1003 esse,
1850 950 1914 994 ita
1938 964 1987 994 se
2011 950 2152 996 habet
2183 926 2238 996 ad

280 1019 545 1061 bonitatem.
576 1016 664 1059 Sed
691 1015 991 1073 impossibilia
1018 1025 1122 1058 sunt
1147 1029 1262 1073 quae
1288 1029 1382 1058 non
1409 1026 1600 1073 possunt
1625 1029 1747 1070 esse;
1774 1029 1890 1074 ergo
1922 1031 2018 1061 non
2055 1028 2245 1076 possunt

282 1098 378 1128 esse
412 1084 557 1136 bona3
586 1096 695 1140 ergo
722 1096 806 1126 nec
833 1081 975 1125 volita
1002 1095 1028 1124 a
1053 1081 1172 1135 De0,
1198 1081 1276 1139 qui
1300 1095 1395 1125 non
1422 1082 1518 1126 vult
1541 1082 1629 1126 nisi
1655 1097 1709 1126 ea
1736 1096 1852 1141 quae
1877 1093 1996 1138 sunt,
2031 1084 2106 1128 vel
2141 1098 2244 1143 pos-

282 1161 386 1195 sunt
413 1165 510 1194 esse
536 1150 671 1193 bona.

970 1324 1225 1380 CAPUT
1268 1325 1552 1380 LXXXV.

320 1465 479 1510 QUOD
515 1462 708 1503 mva
738 1461 1032 1501 VOLUNTAS
1066 1461 1183 1501 NON
1216 1461 1424 1499 TOLLIT
1453 1458 1919 1501 CONTINGENTIAM
1949 1461 1986 1499 A
2014 1432 2204 1530 κῆρε.

869 1556 942 1622 ι(Ι.
965 1570 1081 1624 part.
1108 1569 1260 1622 quaest.
1287 1563 1403 1607 XIX.
1431 1563 1617 1621 art.·8.).

367 1677 434 1721 Ex
459 1675 699 1735 praedictis
726 1684 878 1720 autem
903 1674 1062 1718 haberi
1092 1683 1243 1733 potest
1282 1674 1405 1733 quod
1446 1673 1599 1717 divina
1633 1672 1844 1717 'voluntas
1879 1662 2242 1732 contingentiam

278 1759 372 1788 non
398 1743 532 1796 tollit,
557 1757 642 1786 nec
669 1744 990 1786 necessitatem
1018 1741 1275 1785 absolutam
1291 1741 1423 1784 rebus
1440 1739 1649 1798 imponit.
1667 1739 1776 1783 Vult
1795 1741 1916 1784 enim
1933 1739 2063 1784 Deus
2084 1739 2243 1787 omnia

278 1825 394 1870 quae
420 1810 707 1869 requiruntur
734 1810 789 1853 ad
814 1823 912 1852 rem
940 1822 1077 1867 quam
1102 1807 1212 1862 vult,
1240 1818 1287 1852 ut
1313 1807 1485 1851 dictum
1512 1816 1592 1853 est.
1620 1806 1711 1850 Sed
1748 1805 1971 1865 aliquibus
2007 1806 2142 1852 rebus
2176 1821 2242 1852 se·

279 1878 480 1922 cundum
507 1877 699 1920 modum
725 1890 833 1920 suae
859 1886 1047 1919 naturae
1075 1875 1309 1932 competit,
1337 1874 1459 1932 quod
1485 1874 1572 1917 sint
1599 1873 1932 1931 contingentes,
1957 1887 2052 1917 non
2088 1887 2244 1931 neces-

277 1946 444 1998 sariae;
469 1944 606 2002 igitur
631 1942 728 1986 vult
754 1942 926 2000 aliquas
955 1956 1026 1985 res
1052 1954 1149 1985 esse
1177 1941 1508 1998 contingentes.
1536 1939 1752 1983 Efficacia
1778 1948 1931 1984 autem
1957 1939 2139 1985 divinae
2163 1953 2242 1985 vo-

277 2011 461 2055 luntatis
489 2010 640 2068 exigit,
662 2019 711 2052 ut
732 2023 826 2052 non
849 2008 1001 2052 solum
1027 2008 1083 2064 sit
1109 2007 1230 2066 quod
1257 2008 1382 2050 Deus
1407 2006 1505 2050 vult
1520 2020 1633 2059 esse,
1651 2006 1730 2050 sed
1748 2006 1885 2050 etiam
1908 2015 1958 2050 ut
1982 2006 2075 2057 hoc
2095 2005 2239 2052 modo

276 2078 346 2131 sit,
374 2078 490 2121 sicut
515 2077 640 2120 Deus
665 2074 764 2119 vult
788 2074 899 2118 illud
926 2088 1048 2129 esse;
1074 2088 1184 2117 nam
1210 2084 1254 2117 et
1290 2074 1336 2116 in
1375 2072 1610 2130 agentibus
1645 2071 1925 2116 naturalibus
1961 2086 2069 2117 cum
2098 2072 2240 2119 virtus

277 2158 415 2202 agens
443 2153 510 2187 est
534 2142 677 2196 fortis,
704 2141 925 2186 assimilat
950 2141 1035 2185 sibi
1059 2155 1195 2184 suum
1222 2138 1450 2193 effectum,
1476 2153 1571 2182 non
1603 2138 1756 2182 solum
1792 2148 2013 2198 quantum
2053 2138 2109 2183 ad
2143 2153 2241 2198 spe-

276 2211 410 2264 ciem,
437 2210 515 2254 sed
543 2210 681 2253 etiam
708 2218 929 2267 quantum
957 2208 1011 2251 ad
1039 2207 1307 2260 accidentia,
1335 2220 1451 2264 quae
1478 2215 1582 2250 sunt
1607 2206 1792 2264 quidam
1829 2205 1958 2251 modi
1986 2205 2128 2265 ipsius
2155 2206 2237 2263 rei.

274 2277 417 2335 Igitur
443 2275 646 2320 efficacia
673 2275 851 2319 divinae
877 2274 1123 2318 voluntatis
1151 2273 1512 2331 contingentiam
1537 2287 1632 2316 non
1658 2271 1790 2316 tollit.

364 2343 598 2402 Amplius:
625 2343 751 2386 Deus
778 2341 1071 2401 principalius
1097 2341 1195 2385 vult
1219 2342 1394 2384 bonum
1419 2340 1723 2384 universitatis
1758 2354 1948 2384 suorum
1973 2339 2234 2396 effectuum,

274 2425 412 2470 quam
440 2409 625 2469 aliquod
656 2410 830 2452 bonum
863 2408 1149 2466 particulare,
1176 2417 1346 2466 quanto
1372 2407 1420 2450 in
1444 2406 1525 2451 illo
1554 2407 1856 2465 complectier
1880 2408 2108 2452 invenitur
2128 2422 2237 2453 suae

272 2477 487 2521 bonitatis
519 2475 783 2520 similitudo.
811 2473 1075 2534 Completio
1108 2484 1263 2518 autem
1295 2473 1494 2518 universi
1525 2474 1676 2532 exigit,
1703 2483 1752 2518 ut
1776 2474 1865 2518 sint
1888 2473 2040 2533 aliqua
2062 2474 2239 2520 contin-

273 2544 440 2602 gentia,
468 2543 578 2587 alias
603 2556 698 2586 non
721 2556 883 2585 omnes
906 2541 1070 2599 gradus
1094 2541 1267 2584 entium
1288 2540 1336 2584 in
1356 2540 1568 2584 universo
1593 2541 1945 2585 continerentur.
1967 2534 2080 2586 Vult
2098 2536 2237 2601 igitur

271 2611 398 2655 Deus
426 2610 575 2669 aliqua
601 2623 700 2653 esse
727 2609 1051 2667 contingentia.

362 2677 551 2720 Adhuc:
578 2676 753 2720 bonum
779 2675 976 2719 universi
1002 2675 1050 2718 in
1077 2674 1278 2733 quodam
1305 2674 1462 2718 ordine
1490 2674 1818 2728 consideratur,
1844 2683 1894 2719 ut
1922 2683 2046 2734 patet
2078 2675 2128 2720 in
2163 2675 2237 2721 de·

272 2745 393 2788 cirno
430 2743 631 2788 secundo
671 2742 872 2801 Metaph.
914 2742 967 2799 (t.
1010 2756 1048 2785 c.
1090 2742 1198 2799 25.).
1239 2741 1444 2800 Requirit
1485 2751 1638 2785 autem
1678 2741 1792 2785 ordo
1829 2740 2028 2786 universi
2059 2741 2235 2802 aliquas
2283 2773 2285 2776 .

271 2825 430 2855 causas
464 2824 562 2855 esse
592 2809 848 2862 variabiles,
876 2823 981 2852 cum
1009 2814 1203 2867 corpora
1228 2807 1316 2852 sint
1348 2808 1404 2851 de
1435 2807 1714 2866 perfectione
1747 2808 1959 2862 universi,
1988 2822 2107 2868 quae
2137 2823 2234 2857 non

271 2887 459 2921 movent
483 2877 571 2920 nisi
596 2886 736 2920 mota.
764 2876 807 2920 A
834 2889 971 2919 causa
998 2885 1151 2919 autern
1177 2874 1383 2919 variabili
1409 2873 1595 2919 effectus
1622 2874 1939 2933 contingentes
1960 2885 2233 2934 sequuntur-3

272 2958 366 2988 non
393 2945 517 2988 enim
542 2952 692 3002 potest
719 2956 817 2987 esse
844 2935 1031 2986 effectus
1063 2941 1277 3002 firmioris
1297 2955 1395 2985 esse
1417 2955 1554 3000 quam
1578 2955 1660 2985 sua
1681 2956 1840 2986 causa:
1868 2941 1988 2986 unde
2008 2941 2232 2997 videmus,

271 3012 478 3070 quamvis
507 3024 643 3054 causa
668 3019 846 3054 remota
868 3010 925 3053 sit
945 3009 1215 3062 necessaria,
1237 3009 1275 3053 si
1296 3019 1451 3053 tamen
1474 3023 1611 3052 causa
1633 3009 1840 3068 proxima
1864 3009 1924 3054 sit
1943 3010 2231 3069 contingens,

270 3077 483 3122 effectum
510 3077 854 3135 contingentem
882 3090 994 3129 esse,
1021 3076 1138 3119 sicut
1163 3085 1286 3134 patet
1318 3076 1365 3118 in
1397 3075 1467 3119 his
1495 3090 1609 3134 quae
1637 3076 1756 3120 circa
1787 3075 2003 3121 inferiora
2034 3089 2233 3137 corpora

271 3145 503 3189 accidunt:
524 3158 639 3203 quae
657 3143 841 3219 quidem
865 3143 1176 3201 contingentia
1198 3152 1302 3186 sunt
1324 3152 1508 3200 propter
1529 3156 1769 3186 causarum
1791 3143 2103 3202 proximarum
2124 3157 2231 3190 con·

267 3212 551 3288 tingentiam,
579 3211 786 3269 quamvis
813 3224 977 3254 causae
1004 3219 1224 3262 remotae,
1257 3222 1373 3267 quae
1396 3219 1500 3252 sunt
1526 3219 1678 3253 motus
1705 3209 1944 3265 coelestes,
1968 3209 2059 3255 sint
2080 3224 2136 3257 ex
2154 3224 2232 3256 ne-

269 3279 491 3322 cessitate
519 3278 630 3322 Vult
654 3278 790 3336 igitur
815 3278 940 3321 Deus
970 3276 1119 3335 aliqua
1148 3275 1463 3351 contingenter
1489 3276 1684 3320 evenire.

355 3346 617 3389 Praeterea:
644 3345 891 3388 necessitas
922 3358 975 3387 ex
1016 3342 1326 3401 suppositione
1367 3342 1415 3385 in
1457 3356 1593 3386 causa
1633 3356 1727 3387 non
1766 3352 1917 3402 potest
1951 3342 2227 3393 concludere

266 3411 584 3455 necessitatem
614 3411 868 3455 absolutam
895 3409 942 3453 in
969 3408 1145 3453 effectu.
1171 3408 1298 3452 Deus
1326 3418 1477 3451 autem
1503 3407 1599 3452 vult
1625 3407 1794 3468 aliquid
1825 3410 1871 3455 in
1898 3417 2106 3455 creatura
2127 3422 2226 3455 non

2314 2800 2332 2938 ιῇῡᾶῐιιώᾼ
2324 2767 2332 2789 ..ς
2322 2680 2332 2744 ,,’,ν;,;.
2326 2639 2328 2643 2
2320 2577 2332 2598 ..·„
2330 2559 2332 2561 .
2330 2528 2332 2543 ..
2324 2462 2332 2511 aaa.

2313 3319 2321 3330 ..
2314 3275 2320 3285 “
2300 3231 2325 3260 ³¹⁹1ss
2310 2990 2332 3223 >mmmmm
2312 2940 2332 2983 ιῑψ

265 3477 535 3522 necessitate
568 3477 788 3532 absoluta,
811 3477 889 3521 sed
915 3476 1068 3521 solum
1093 3474 1364 3520 necessitate
1382 3488 1497 3533 quae
1521 3485 1588 3519 est
1606 3489 1659 3519 ex
1675 3474 2004 3535 suppositione,
2020 3484 2070 3520 ut
2088 3488 2224 3536 supra

267 3545 327 3601 (c.
365 3544 458 3603 83.)
495 3553 729 3589 ostensum
770 3554 860 3598 est;
903 3557 956 3588 ex
995 3542 1230 3588 voluntate
1270 3541 1407 3601 igitur
1439 3541 1593 3587 divina
1623 3555 1717 3588 non
1748 3551 1901 3603 ‘potest
1930 3541 2148 3594 concludi
2175 3542 2231 3592 in
