<?xml version="1.0" encoding="UTF-8"?>
<!DOCTYPE html PUBLIC "-//W3C//DTD XHTML 1.0 Transitional//EN"
    "http://www.w3.org/TR/xhtml1/DTD/xhtml1-transitional.dtd">
<html xmlns="http://www.w3.org/1999/xhtml" xml:lang="en" lang="en">
 <head>
  <title>
</title>
<meta http-equiv="Content-Type" content="text/html;charset=utf-8" />
  <meta name='ocr-system' content='tesseract 3.04.00' />
  <meta name='ocr-capabilities' content='ocr_page ocr_carea ocr_par ocr_line ocrx_word'/>
</head>
<body>
  <div class='ocr_page' id='page_1' title='image "./divithomaeaquina00thom_0672.png"; bbox 0 0 2294 3854; ppageno 0'>
   <div class='ocr_carea' id='block_1_1' title="bbox 296 233 1561 285">
    <p class='ocr_par' dir='ltr' id='par_1_1' title="bbox 296 233 1561 285">
     <span class='ocr_line' id='line_1_1' title="bbox 296 233 1561 285; baseline -0.008 0"><span class='ocrx_word' id='word_1_1' title='bbox 296 233 402 285; x_wconf 87' lang='lat'>660</span> <span class='ocrx_word' id='word_1_2' title='bbox 682 256 685 258; x_wconf 57' lang='lat'><em>&gt;</em></span> <span class='ocrx_word' id='word_1_3' title='bbox 981 240 1138 278; x_wconf 71' lang='lat' dir='ltr'>unna</span> <span class='ocrx_word' id='word_1_4' title='bbox 1176 239 1249 279; x_wconf 89' lang='lat' dir='ltr'>1v.</span> <span class='ocrx_word' id='word_1_5' title='bbox 1291 237 1411 276; x_wconf 83' lang='lat' dir='ltr'><strong>CAP.</strong></span> <span class='ocrx_word' id='word_1_6' title='bbox 1453 237 1561 278; x_wconf 74' lang='lat' dir='ltr'>mx.</span> 
     </span>
    </p>
   </div>
   <div class='ocr_carea' id='block_1_2' title="bbox 222 338 2294 2467">
    <p class='ocr_par' dir='ltr' id='par_1_2' title="bbox 289 338 2249 1333">
     <span class='ocr_line' id='line_1_2' title="bbox 293 338 2247 398; baseline -0.002 -9"><span class='ocrx_word' id='word_1_7' title='bbox 293 346 399 390; x_wconf 88' lang='lat' dir='ltr'>dam</span> <span class='ocrx_word' id='word_1_8' title='bbox 432 344 488 389; x_wconf 92' lang='lat' dir='ltr'>de</span> <span class='ocrx_word' id='word_1_9' title='bbox 513 357 608 388; x_wconf 89' lang='lat' dir='ltr'>non</span> <span class='ocrx_word' id='word_1_10' title='bbox 634 342 813 387; x_wconf 90' lang='lat' dir='ltr'>vivente</span> <span class='ocrx_word' id='word_1_11' title='bbox 848 341 904 385; x_wconf 89' lang='lat' dir='ltr'>ad</span> <span class='ocrx_word' id='word_1_12' title='bbox 936 341 1092 385; x_wconf 88' lang='lat' dir='ltr'>vitam.</span> <span class='ocrx_word' id='word_1_13' title='bbox 1124 339 1231 383; x_wconf 89' lang='lat' dir='ltr'>Vita</span> <span class='ocrx_word' id='word_1_14' title='bbox 1264 349 1417 383; x_wconf 88' lang='lat' dir='ltr'>autem</span> <span class='ocrx_word' id='word_1_15' title='bbox 1449 338 1670 398; x_wconf 84' lang='lat' dir='ltr'>spirituali</span> <span class='ocrx_word' id='word_1_16' title='bbox 1702 339 1902 398; x_wconf 83' lang='lat' dir='ltr'>privatus</span> <span class='ocrx_word' id='word_1_17' title='bbox 1929 347 1995 385; x_wconf 88' lang='lat' dir='ltr'>est</span> <span class='ocrx_word' id='word_1_18' title='bbox 2019 340 2167 386; x_wconf 88' lang='lat' dir='ltr'>homo</span> <span class='ocrx_word' id='word_1_19' title='bbox 2199 341 2247 389; x_wconf 84' lang='lat' dir='ltr'>in</span> 
     </span>
     <span class='ocr_line' id='line_1_3' title="bbox 294 404 2246 470; baseline -0.003 -13"><span class='ocrx_word' id='word_1_20' title='bbox 294 427 375 458; x_wconf 90' lang='lat' dir='ltr'>sua</span> <span class='ocrx_word' id='word_1_21' title='bbox 401 411 576 470; x_wconf 84' lang='lat' dir='ltr'>origine</span> <span class='ocrx_word' id='word_1_22' title='bbox 598 424 677 470; x_wconf 92' lang='lat' dir='ltr'>per</span> <span class='ocrx_word' id='word_1_23' title='bbox 702 418 941 467; x_wconf 89' lang='lat' dir='ltr'>peccatum</span> <span class='ocrx_word' id='word_1_24' title='bbox 968 405 1204 465; x_wconf 87' lang='lat' dir='ltr'>originale,</span> <span class='ocrx_word' id='word_1_25' title='bbox 1231 413 1280 449; x_wconf 90' lang='lat' dir='ltr'>ut</span> <span class='ocrx_word' id='word_1_26' title='bbox 1302 418 1437 464; x_wconf 90' lang='lat' dir='ltr'>supra</span> <span class='ocrx_word' id='word_1_27' title='bbox 1463 406 1524 463; x_wconf 87' lang='lat' dir='ltr'>(c.</span> <span class='ocrx_word' id='word_1_28' title='bbox 1553 404 1645 462; x_wconf 87' lang='lat'>50.)</span> <span class='ocrx_word' id='word_1_29' title='bbox 1672 405 1845 449; x_wconf 87' lang='lat' dir='ltr'>dictum</span> <span class='ocrx_word' id='word_1_30' title='bbox 1879 415 1970 460; x_wconf 81' lang='lat' dir='ltr'>est3</span> <span class='ocrx_word' id='word_1_31' title='bbox 1997 415 2042 451; x_wconf 89' lang='lat' dir='ltr'>et</span> <span class='ocrx_word' id='word_1_32' title='bbox 2067 407 2123 451; x_wconf 92' lang='lat' dir='ltr'>ad</span> <span class='ocrx_word' id='word_1_33' title='bbox 2154 407 2246 452; x_wconf 87' lang='lat' dir='ltr'>hoc</span> 
     </span>
     <span class='ocr_line' id='line_1_4' title="bbox 295 470 2247 538; baseline -0.003 -15"><span class='ocrx_word' id='word_1_34' title='bbox 295 491 608 538; x_wconf 89' lang='lat' dir='ltr'>quaecumque</span> <span class='ocrx_word' id='word_1_35' title='bbox 625 485 812 535; x_wconf 90' lang='lat' dir='ltr'>peccata</span> <span class='ocrx_word' id='word_1_36' title='bbox 831 483 934 518; x_wconf 84' lang='lat' dir='ltr'>sunt</span> <span class='ocrx_word' id='word_1_37' title='bbox 958 472 1123 526; x_wconf 90' lang='lat' dir='ltr'>addita,</span> <span class='ocrx_word' id='word_1_38' title='bbox 1141 470 1369 515; x_wconf 89' lang='lat' dir='ltr'>abducunt</span> <span class='ocrx_word' id='word_1_39' title='bbox 1387 485 1413 516; x_wconf 92' lang='lat' dir='ltr'>a</span> <span class='ocrx_word' id='word_1_40' title='bbox 1432 470 1539 516; x_wconf 85' lang='lat' dir='ltr'>vita.</span> <span class='ocrx_word' id='word_1_41' title='bbox 1560 471 1810 529; x_wconf 90' lang='lat' dir='ltr'>Oportuit</span> <span class='ocrx_word' id='word_1_42' title='bbox 1798 473 1936 531; x_wconf 87' lang='lat' dir='ltr'>1gitur</span> <span class='ocrx_word' id='word_1_43' title='bbox 1954 472 2247 532; x_wconf 88' lang='lat' dir='ltr'>baptismum,</span> 
     </span>
     <span class='ocr_line' id='line_1_5' title="bbox 295 537 2248 604; baseline -0.003 -15"><span class='ocrx_word' id='word_1_44' title='bbox 295 545 372 604; x_wconf 90' lang='lat' dir='ltr'>qui</span> <span class='ocrx_word' id='word_1_45' title='bbox 409 554 477 588; x_wconf 91' lang='lat' dir='ltr'>est</span> <span class='ocrx_word' id='word_1_46' title='bbox 507 541 747 602; x_wconf 89' lang='lat' dir='ltr'>spiritualis</span> <span class='ocrx_word' id='word_1_47' title='bbox 780 540 1029 599; x_wconf 88' lang='lat' dir='ltr'>generatio,</span> <span class='ocrx_word' id='word_1_48' title='bbox 1061 538 1203 582; x_wconf 90' lang='lat' dir='ltr'>talem</span> <span class='ocrx_word' id='word_1_49' title='bbox 1235 539 1448 581; x_wconf 90' lang='lat' dir='ltr'>virtutem</span> <span class='ocrx_word' id='word_1_50' title='bbox 1478 537 1649 582; x_wconf 91' lang='lat' dir='ltr'>habere</span> <span class='ocrx_word' id='word_1_51' title='bbox 1679 538 1801 597; x_wconf 89' lang='lat' dir='ltr'>quod</span> <span class='ocrx_word' id='word_1_52' title='bbox 1833 538 1969 582; x_wconf 86' lang='lat' dir='ltr'>etiam</span> <span class='ocrx_word' id='word_1_53' title='bbox 2006 549 2248 598; x_wconf 82' lang='lat' dir='ltr'>peccatum</span> 
     </span>
     <span class='ocr_line' id='line_1_6' title="bbox 295 599 2247 685; baseline -0.002 -30"><span class='ocrx_word' id='word_1_54' title='bbox 295 610 516 685; x_wconf 85' lang='lat' dir='ltr'>originale</span> <span class='ocrx_word' id='word_1_55' title='bbox 544 619 587 652; x_wconf 90' lang='lat' dir='ltr'>et</span> <span class='ocrx_word' id='word_1_56' title='bbox 613 607 769 651; x_wconf 86' lang='lat' dir='ltr'>omnia</span> <span class='ocrx_word' id='word_1_57' title='bbox 796 605 990 649; x_wconf 88' lang='lat' dir='ltr'>actualia</span> <span class='ocrx_word' id='word_1_58' title='bbox 1016 614 1204 663; x_wconf 89' lang='lat' dir='ltr'>peccata</span> <span class='ocrx_word' id='word_1_59' title='bbox 1231 599 1479 648; x_wconf 85' lang='lat' dir='ltr'>commissa</span> <span class='ocrx_word' id='word_1_60' title='bbox 1500 603 1646 648; x_wconf 90' lang='lat' dir='ltr'>tollat.</span> <span class='ocrx_word' id='word_1_61' title='bbox 1667 602 1724 647; x_wconf 90' lang='lat' dir='ltr'>Et</span> <span class='ocrx_word' id='word_1_62' title='bbox 1747 604 1855 664; x_wconf 90' lang='lat' dir='ltr'>quia</span> <span class='ocrx_word' id='word_1_63' title='bbox 1874 603 2068 663; x_wconf 81' lang='lat' dir='ltr'>signum</span> <span class='ocrx_word' id='word_1_64' title='bbox 2098 617 2247 651; x_wconf 83' lang='lat' dir='ltr'>sacra·</span> 
     </span>
     <span class='ocr_line' id='line_1_7' title="bbox 296 670 2249 747; baseline -0.002 -27"><span class='ocrx_word' id='word_1_65' title='bbox 296 677 435 720; x_wconf 85' lang='lat' dir='ltr'>menti</span> <span class='ocrx_word' id='word_1_66' title='bbox 462 673 670 718; x_wconf 84' lang='lat' dir='ltr'>sensibile</span> <span class='ocrx_word' id='word_1_67' title='bbox 699 686 953 730; x_wconf 88' lang='lat' dir='ltr'>congruum</span> <span class='ocrx_word' id='word_1_68' title='bbox 981 671 1114 716; x_wconf 92' lang='lat' dir='ltr'>debet</span> <span class='ocrx_word' id='word_1_69' title='bbox 1140 684 1238 715; x_wconf 91' lang='lat' dir='ltr'>esse</span> <span class='ocrx_word' id='word_1_70' title='bbox 1261 670 1317 714; x_wconf 88' lang='lat' dir='ltr'>ad</span> <span class='ocrx_word' id='word_1_71' title='bbox 1342 670 1775 747; x_wconf 85' lang='lat' dir='ltr'>repraesentandum</span> <span class='ocrx_word' id='word_1_72' title='bbox 1799 670 2081 728; x_wconf 88' lang='lat' dir='ltr'>spiritualem</span> <span class='ocrx_word' id='word_1_73' title='bbox 2102 685 2249 717; x_wconf 83' lang='lat' dir='ltr'>sacra·</span> 
     </span>
     <span class='ocr_line' id='line_1_8' title="bbox 295 734 2248 796; baseline -0.001 -11"><span class='ocrx_word' id='word_1_74' title='bbox 295 742 436 786; x_wconf 88' lang='lat' dir='ltr'>menti</span> <span class='ocrx_word' id='word_1_75' title='bbox 473 740 698 792; x_wconf 85' lang='lat' dir='ltr'>effectum,</span> <span class='ocrx_word' id='word_1_76' title='bbox 730 738 957 782; x_wconf 85' lang='lat' dir='ltr'>foeditatis</span> <span class='ocrx_word' id='word_1_77' title='bbox 1002 734 1153 781; x_wconf 86' lang='lat' dir='ltr'>autern</span> <span class='ocrx_word' id='word_1_78' title='bbox 1188 736 1358 781; x_wconf 87' lang='lat' dir='ltr'>ablutio</span> <span class='ocrx_word' id='word_1_79' title='bbox 1391 737 1438 780; x_wconf 91' lang='lat' dir='ltr'>in</span> <span class='ocrx_word' id='word_1_80' title='bbox 1473 737 1606 781; x_wconf 90' lang='lat' dir='ltr'>rebus</span> <span class='ocrx_word' id='word_1_81' title='bbox 1644 736 1955 796; x_wconf 89' lang='lat' dir='ltr'>corporalibus</span> <span class='ocrx_word' id='word_1_82' title='bbox 1989 737 2167 783; x_wconf 81' lang='lat' dir='ltr'>facilius</span> <span class='ocrx_word' id='word_1_83' title='bbox 2202 748 2248 784; x_wconf 90' lang='lat' dir='ltr'>et</span> 
     </span>
     <span class='ocr_line' id='line_1_9' title="bbox 293 803 2249 864; baseline -0.001 -12"><span class='ocrx_word' id='word_1_84' title='bbox 293 807 637 852; x_wconf 82' lang='lat' dir='ltr'>convenientius</span> <span class='ocrx_word' id='word_1_85' title='bbox 665 805 713 849; x_wconf 94' lang='lat' dir='ltr'>fit</span> <span class='ocrx_word' id='word_1_86' title='bbox 739 819 817 863; x_wconf 91' lang='lat' dir='ltr'>per</span> <span class='ocrx_word' id='word_1_87' title='bbox 854 818 1036 863; x_wconf 88' lang='lat' dir='ltr'>aquam,</span> <span class='ocrx_word' id='word_1_88' title='bbox 1072 803 1244 848; x_wconf 89' lang='lat' dir='ltr'>idcirco</span> <span class='ocrx_word' id='word_1_89' title='bbox 1271 803 1525 862; x_wconf 88' lang='lat' dir='ltr'>baptismus</span> <span class='ocrx_word' id='word_1_90' title='bbox 1562 804 1887 848; x_wconf 87' lang='lat' dir='ltr'>convenienter</span> <span class='ocrx_word' id='word_1_91' title='bbox 1910 805 1967 853; x_wconf 19' lang='lat' dir='ltr'>in,</span> <span class='ocrx_word' id='word_1_92' title='bbox 1989 817 2125 864; x_wconf 46' lang='lat' dir='ltr'>aqua*</span> <span class='ocrx_word' id='word_1_93' title='bbox 2142 818 2249 851; x_wconf 86' lang='lat' dir='ltr'>con·</span> 
     </span>
     <span class='ocr_line' id='line_1_10' title="bbox 291 869 2248 932; baseline -0.001 -14"><span class='ocrx_word' id='word_1_94' title='bbox 291 875 432 918; x_wconf 88' lang='lat' dir='ltr'>fertur</span> <span class='ocrx_word' id='word_1_95' title='bbox 458 888 537 932; x_wconf 90' lang='lat' dir='ltr'>per</span> <span class='ocrx_word' id='word_1_96' title='bbox 562 872 763 916; x_wconf 90' lang='lat' dir='ltr'>Verbum</span> <span class='ocrx_word' id='word_1_97' title='bbox 791 871 879 915; x_wconf 90' lang='lat' dir='ltr'>Dei</span> <span class='ocrx_word' id='word_1_98' title='bbox 905 870 1197 917; x_wconf 87' lang='lat' dir='ltr'>sanctificata.</span> <span class='ocrx_word' id='word_1_99' title='bbox 1225 871 1283 914; x_wconf 91' lang='lat' dir='ltr'>Et</span> <span class='ocrx_word' id='word_1_100' title='bbox 1307 870 1414 928; x_wconf 87' lang='lat' dir='ltr'>quia</span> <span class='ocrx_word' id='word_1_101' title='bbox 1440 869 1677 927; x_wconf 88' lang='lat' dir='ltr'>generatio</span> <span class='ocrx_word' id='word_1_102' title='bbox 1703 870 1836 914; x_wconf 88' lang='lat' dir='ltr'>unius</span> <span class='ocrx_word' id='word_1_103' title='bbox 1861 879 1931 915; x_wconf 85' lang='lat' dir='ltr'>est</span> <span class='ocrx_word' id='word_1_104' title='bbox 1946 870 2128 921; x_wconf 77' lang='lat' dir='ltr'>alterius</span> <span class='ocrx_word' id='word_1_105' title='bbox 2152 885 2248 917; x_wconf 89' lang='lat' dir='ltr'>cor-</span> 
     </span>
     <span class='ocr_line' id='line_1_11' title="bbox 293 935 2248 1000; baseline -0.001 -16"><span class='ocrx_word' id='word_1_106' title='bbox 293 941 458 1000; x_wconf 86' lang='lat' dir='ltr'>ruptio,</span> <span class='ocrx_word' id='word_1_107' title='bbox 478 949 522 983; x_wconf 91' lang='lat' dir='ltr'>et</span> <span class='ocrx_word' id='word_1_108' title='bbox 544 939 665 997; x_wconf 92' lang='lat' dir='ltr'>quod</span> <span class='ocrx_word' id='word_1_109' title='bbox 693 948 935 995; x_wconf 87' lang='lat' dir='ltr'>generatur</span> <span class='ocrx_word' id='word_1_110' title='bbox 960 938 1160 996; x_wconf 86' lang='lat' dir='ltr'>priorem</span> <span class='ocrx_word' id='word_1_111' title='bbox 1187 935 1385 980; x_wconf 86' lang='lat' dir='ltr'>formam</span> <span class='ocrx_word' id='word_1_112' title='bbox 1403 937 1568 981; x_wconf 90' lang='lat' dir='ltr'>amittit</span> <span class='ocrx_word' id='word_1_113' title='bbox 1584 947 1627 980; x_wconf 90' lang='lat' dir='ltr'>et</span> <span class='ocrx_word' id='word_1_114' title='bbox 1653 937 1949 995; x_wconf 81' lang='lat' dir='ltr'>proprietates</span> <span class='ocrx_word' id='word_1_115' title='bbox 1973 937 2120 997; x_wconf 82' lang='lat' dir='ltr'>ipsam</span> <span class='ocrx_word' id='word_1_116' title='bbox 2142 952 2248 983; x_wconf 89' lang='lat' dir='ltr'>con-</span> 
     </span>
     <span class='ocr_line' id='line_1_12' title="bbox 290 1003 2246 1066; baseline -0.001 -14"><span class='ocrx_word' id='word_1_117' title='bbox 290 1018 544 1066; x_wconf 87' lang='lat' dir='ltr'>sequentes,</span> <span class='ocrx_word' id='word_1_118' title='bbox 572 1019 758 1049; x_wconf 81' lang='lat' dir='ltr'>necesse</span> <span class='ocrx_word' id='word_1_119' title='bbox 784 1015 851 1049; x_wconf 89' lang='lat' dir='ltr'>est</span> <span class='ocrx_word' id='word_1_120' title='bbox 868 1005 989 1063; x_wconf 89' lang='lat' dir='ltr'>quod</span> <span class='ocrx_word' id='word_1_121' title='bbox 1011 1019 1090 1064; x_wconf 90' lang='lat' dir='ltr'>per</span> <span class='ocrx_word' id='word_1_122' title='bbox 1115 1005 1409 1063; x_wconf 89' lang='lat' dir='ltr'>baptismum,</span> <span class='ocrx_word' id='word_1_123' title='bbox 1432 1003 1507 1062; x_wconf 90' lang='lat' dir='ltr'>qui</span> <span class='ocrx_word' id='word_1_124' title='bbox 1529 1013 1595 1047; x_wconf 88' lang='lat' dir='ltr'>est</span> <span class='ocrx_word' id='word_1_125' title='bbox 1618 1003 1859 1062; x_wconf 86' lang='lat' dir='ltr'>spiritualis</span> <span class='ocrx_word' id='word_1_126' title='bbox 1886 1005 2136 1062; x_wconf 78' lang='lat' dir='ltr'>generatio,</span> <span class='ocrx_word' id='word_1_127' title='bbox 2151 1018 2246 1050; x_wconf 83' lang='lat' dir='ltr'>non</span> 
     </span>
     <span class='ocr_line' id='line_1_13' title="bbox 290 1070 2246 1132; baseline -0.001 -13"><span class='ocrx_word' id='word_1_128' title='bbox 290 1075 440 1119; x_wconf 87' lang='lat' dir='ltr'>solum</span> <span class='ocrx_word' id='word_1_129' title='bbox 467 1082 655 1132; x_wconf 89' lang='lat' dir='ltr'>peccata</span> <span class='ocrx_word' id='word_1_130' title='bbox 671 1071 902 1124; x_wconf 90' lang='lat' dir='ltr'>tollantur,</span> <span class='ocrx_word' id='word_1_131' title='bbox 923 1086 1038 1130; x_wconf 88' lang='lat' dir='ltr'>quae</span> <span class='ocrx_word' id='word_1_132' title='bbox 1058 1081 1162 1115; x_wconf 87' lang='lat' dir='ltr'>sunt</span> <span class='ocrx_word' id='word_1_133' title='bbox 1177 1070 1398 1129; x_wconf 87' lang='lat' dir='ltr'>spirituali</span> <span class='ocrx_word' id='word_1_134' title='bbox 1423 1070 1543 1114; x_wconf 88' lang='lat' dir='ltr'>vitae</span> <span class='ocrx_word' id='word_1_135' title='bbox 1562 1070 1803 1123; x_wconf 87' lang='lat' dir='ltr'>contraria,</span> <span class='ocrx_word' id='word_1_136' title='bbox 1821 1071 1901 1118; x_wconf 85' lang='lat' dir='ltr'>sed</span> <span class='ocrx_word' id='word_1_137' title='bbox 1922 1070 2062 1122; x_wconf 79' lang='lat' dir='ltr'>etiam</span> <span class='ocrx_word' id='word_1_138' title='bbox 2081 1085 2246 1122; x_wconf 60' lang='lat' dir='ltr'>omnes</span> 
     </span>
     <span class='ocr_line' id='line_1_14' title="bbox 290 1136 2246 1200; baseline -0.002 -15"><span class='ocrx_word' id='word_1_139' title='bbox 290 1151 587 1200; x_wconf 90' lang='lat' dir='ltr'>peccatorum</span> <span class='ocrx_word' id='word_1_140' title='bbox 608 1149 784 1192; x_wconf 92' lang='lat' dir='ltr'>reatus;</span> <span class='ocrx_word' id='word_1_141' title='bbox 812 1148 856 1182; x_wconf 92' lang='lat' dir='ltr'>et</span> <span class='ocrx_word' id='word_1_142' title='bbox 880 1148 1066 1197; x_wconf 90' lang='lat' dir='ltr'>propter</span> <span class='ocrx_word' id='word_1_143' title='bbox 1091 1137 1181 1181; x_wconf 92' lang='lat' dir='ltr'>hoc</span> <span class='ocrx_word' id='word_1_144' title='bbox 1209 1137 1462 1196; x_wconf 86' lang='lat' dir='ltr'>baptismus</span> <span class='ocrx_word' id='word_1_145' title='bbox 1482 1151 1576 1180; x_wconf 90' lang='lat' dir='ltr'>non</span> <span class='ocrx_word' id='word_1_146' title='bbox 1598 1136 1751 1181; x_wconf 88' lang='lat' dir='ltr'>solum</span> <span class='ocrx_word' id='word_1_147' title='bbox 1775 1151 1800 1182; x_wconf 91' lang='lat' dir='ltr'>a</span> <span class='ocrx_word' id='word_1_148' title='bbox 1827 1136 1960 1197; x_wconf 86' lang='lat' dir='ltr'>culpa</span> <span class='ocrx_word' id='word_1_149' title='bbox 1987 1136 2142 1192; x_wconf 79' lang='lat' dir='ltr'>abluit,</span> <span class='ocrx_word' id='word_1_150' title='bbox 2166 1136 2246 1188; x_wconf 79' lang='lat' dir='ltr'>sed</span> 
     </span>
     <span class='ocr_line' id='line_1_15' title="bbox 291 1202 2247 1264; baseline -0.001 -13"><span class='ocrx_word' id='word_1_151' title='bbox 291 1208 428 1251; x_wconf 88' lang='lat' dir='ltr'>etiam</span> <span class='ocrx_word' id='word_1_152' title='bbox 456 1206 509 1249; x_wconf 87' lang='lat' dir='ltr'>ab</span> <span class='ocrx_word' id='word_1_153' title='bbox 538 1207 666 1249; x_wconf 88' lang='lat' dir='ltr'>omni</span> <span class='ocrx_word' id='word_1_154' title='bbox 692 1215 818 1248; x_wconf 89' lang='lat' dir='ltr'>reatu</span> <span class='ocrx_word' id='word_1_155' title='bbox 851 1218 1029 1263; x_wconf 90' lang='lat' dir='ltr'>poenae</span> <span class='ocrx_word' id='word_1_156' title='bbox 1058 1203 1276 1257; x_wconf 89' lang='lat' dir='ltr'>absolvit;</span> <span class='ocrx_word' id='word_1_157' title='bbox 1303 1204 1422 1248; x_wconf 89' lang='lat' dir='ltr'>unde</span> <span class='ocrx_word' id='word_1_158' title='bbox 1446 1203 1683 1263; x_wconf 90' lang='lat' dir='ltr'>baptizatis</span> <span class='ocrx_word' id='word_1_159' title='bbox 1708 1202 1959 1251; x_wconf 82' lang='lat' dir='ltr'>satisfactio</span> <span class='ocrx_word' id='word_1_160' title='bbox 1982 1217 2079 1249; x_wconf 83' lang='lat' dir='ltr'>non</span> <span class='ocrx_word' id='word_1_161' title='bbox 2102 1204 2247 1264; x_wconf 79' lang='lat' dir='ltr'>injun-</span> 
     </span>
     <span class='ocr_line' id='line_1_16' title="bbox 289 1271 1456 1333; baseline -0.007 -16"><span class='ocrx_word' id='word_1_162' title='bbox 289 1274 407 1333; x_wconf 87' lang='lat' dir='ltr'>gitur</span> <span class='ocrx_word' id='word_1_163' title='bbox 431 1287 512 1332; x_wconf 91' lang='lat' dir='ltr'>pro</span> <span class='ocrx_word' id='word_1_164' title='bbox 539 1271 751 1331; x_wconf 91' lang='lat' dir='ltr'>peccatis.</span> <span class='ocrx_word' id='word_1_165' title='bbox 1453 1291 1456 1296; x_wconf 96' lang='lat'>-</span> 
     </span>
    </p>

    <p class='ocr_par' dir='ltr' id='par_1_3' title="bbox 222 1336 2247 1865">
     <span class='ocr_line' id='line_1_17' title="bbox 375 1336 2247 1398; baseline 0 -14"><span class='ocrx_word' id='word_1_166' title='bbox 375 1340 511 1384; x_wconf 89' lang='lat' dir='ltr'>Item:</span> <span class='ocrx_word' id='word_1_167' title='bbox 531 1353 670 1398; x_wconf 90' lang='lat' dir='ltr'>quum</span> <span class='ocrx_word' id='word_1_168' title='bbox 688 1351 764 1397; x_wconf 91' lang='lat' dir='ltr'>per</span> <span class='ocrx_word' id='word_1_169' title='bbox 777 1337 1122 1396; x_wconf 87' lang='lat' dir='ltr'>generationem</span> <span class='ocrx_word' id='word_1_170' title='bbox 1135 1351 1205 1381; x_wconf 91' lang='lat' dir='ltr'>res</span> <span class='ocrx_word' id='word_1_171' title='bbox 1221 1336 1420 1381; x_wconf 87' lang='lat' dir='ltr'>formam</span> <span class='ocrx_word' id='word_1_172' title='bbox 1435 1337 1652 1396; x_wconf 91' lang='lat' dir='ltr'>acquirat,</span> <span class='ocrx_word' id='word_1_173' title='bbox 1666 1336 1803 1383; x_wconf 81' lang='lat' dir='ltr'>simul</span> <span class='ocrx_word' id='word_1_174' title='bbox 1818 1337 2012 1397; x_wconf 73' lang='lat' dir='ltr'>acquirit</span> <span class='ocrx_word' id='word_1_175' title='bbox 2024 1346 2082 1383; x_wconf 84' lang='lat' dir='ltr'>et</span> <span class='ocrx_word' id='word_1_176' title='bbox 2089 1351 2247 1398; x_wconf 79' lang='lat' dir='ltr'>opera-</span> 
     </span>
     <span class='ocr_line' id='line_1_18' title="bbox 286 1403 2245 1464; baseline -0.001 -13"><span class='ocrx_word' id='word_1_177' title='bbox 286 1408 459 1451; x_wconf 87' lang='lat' dir='ltr'>tionem</span> <span class='ocrx_word' id='word_1_178' title='bbox 486 1413 842 1464; x_wconf 89' lang='lat' dir='ltr'>consequentem</span> <span class='ocrx_word' id='word_1_179' title='bbox 870 1404 1069 1448; x_wconf 86' lang='lat' dir='ltr'>formam</span> <span class='ocrx_word' id='word_1_180' title='bbox 1087 1414 1130 1448; x_wconf 91' lang='lat' dir='ltr'>et</span> <span class='ocrx_word' id='word_1_181' title='bbox 1156 1403 1312 1448; x_wconf 88' lang='lat' dir='ltr'>locum</span> <span class='ocrx_word' id='word_1_182' title='bbox 1331 1403 1372 1448; x_wconf 89' lang='lat' dir='ltr'>ei</span> <span class='ocrx_word' id='word_1_183' title='bbox 1389 1413 1747 1462; x_wconf 87' lang='lat' dir='ltr'>congruentem;</span> <span class='ocrx_word' id='word_1_184' title='bbox 1765 1404 1885 1463; x_wconf 85' lang='lat' dir='ltr'>ignis</span> <span class='ocrx_word' id='word_1_185' title='bbox 1901 1404 2026 1450; x_wconf 84' lang='lat' dir='ltr'>enim</span> <span class='ocrx_word' id='word_1_186' title='bbox 2044 1418 2151 1451; x_wconf 82' lang='lat' dir='ltr'>mox</span> <span class='ocrx_word' id='word_1_187' title='bbox 2169 1418 2245 1463; x_wconf 86' lang='lat' dir='ltr'>ge·</span> 
     </span>
     <span class='ocr_line' id='line_1_19' title="bbox 286 1469 2244 1530; baseline -0.001 -12"><span class='ocrx_word' id='word_1_188' title='bbox 286 1484 467 1518; x_wconf 87' lang='lat' dir='ltr'>neratus</span> <span class='ocrx_word' id='word_1_189' title='bbox 492 1473 635 1516; x_wconf 91' lang='lat' dir='ltr'>tendit</span> <span class='ocrx_word' id='word_1_190' title='bbox 656 1486 834 1516; x_wconf 91' lang='lat' dir='ltr'>sursum</span> <span class='ocrx_word' id='word_1_191' title='bbox 862 1471 979 1515; x_wconf 87' lang='lat' dir='ltr'>sicut</span> <span class='ocrx_word' id='word_1_192' title='bbox 1004 1472 1051 1514; x_wconf 88' lang='lat' dir='ltr'>in</span> <span class='ocrx_word' id='word_1_193' title='bbox 1077 1470 1312 1529; x_wconf 90' lang='lat' dir='ltr'>proprium</span> <span class='ocrx_word' id='word_1_194' title='bbox 1334 1469 1504 1514; x_wconf 91' lang='lat' dir='ltr'>locum.</span> <span class='ocrx_word' id='word_1_195' title='bbox 1529 1469 1585 1515; x_wconf 90' lang='lat' dir='ltr'>Et</span> <span class='ocrx_word' id='word_1_196' title='bbox 1600 1470 1720 1526; x_wconf 75' lang='lat' dir='ltr'>ideo</span> <span class='ocrx_word' id='word_1_197' title='bbox 1748 1485 1889 1530; x_wconf 85' lang='lat' dir='ltr'>quum</span> <span class='ocrx_word' id='word_1_198' title='bbox 1915 1471 2168 1530; x_wconf 78' lang='lat' dir='ltr'>baptismus</span> <span class='ocrx_word' id='word_1_199' title='bbox 2185 1471 2244 1517; x_wconf 87' lang='lat' dir='ltr'>sit</span> 
     </span>
     <span class='ocr_line' id='line_1_20' title="bbox 286 1537 2246 1599; baseline -0.001 -15"><span class='ocrx_word' id='word_1_200' title='bbox 286 1539 527 1599; x_wconf 88' lang='lat' dir='ltr'>spiritualis</span> <span class='ocrx_word' id='word_1_201' title='bbox 545 1538 794 1597; x_wconf 87' lang='lat' dir='ltr'>generatio,</span> <span class='ocrx_word' id='word_1_202' title='bbox 817 1538 970 1582; x_wconf 89' lang='lat' dir='ltr'>statim</span> <span class='ocrx_word' id='word_1_203' title='bbox 995 1537 1209 1595; x_wconf 90' lang='lat' dir='ltr'>baptizati</span> <span class='ocrx_word' id='word_1_204' title='bbox 1227 1537 1378 1581; x_wconf 89' lang='lat' dir='ltr'>idonei</span> <span class='ocrx_word' id='word_1_205' title='bbox 1401 1546 1506 1581; x_wconf 91' lang='lat' dir='ltr'>sunt</span> <span class='ocrx_word' id='word_1_206' title='bbox 1532 1537 1587 1581; x_wconf 90' lang='lat' dir='ltr'>ad</span> <span class='ocrx_word' id='word_1_207' title='bbox 1605 1537 1863 1595; x_wconf 82' lang='lat' dir='ltr'>spirituales</span> <span class='ocrx_word' id='word_1_208' title='bbox 1884 1538 2104 1592; x_wconf 74' lang='lat' dir='ltr'>actiones,</span> <span class='ocrx_word' id='word_1_209' title='bbox 2128 1538 2246 1583; x_wconf 88' lang='lat' dir='ltr'>sicut</span> 
     </span>
     <span class='ocr_line' id='line_1_21' title="bbox 222 1603 2245 1665; baseline -0 -14"><span class='ocrx_word' id='word_1_210' title='bbox 222 1611 233 1620; x_wconf 59' lang='lat'>⁸</span> <span class='ocrx_word' id='word_1_211' title='bbox 286 1607 342 1651; x_wconf 90' lang='lat' dir='ltr'>ad</span> <span class='ocrx_word' id='word_1_212' title='bbox 368 1607 708 1665; x_wconf 86' lang='lat' dir='ltr'>susceptionem</span> <span class='ocrx_word' id='word_1_213' title='bbox 742 1605 938 1649; x_wconf 88' lang='lat' dir='ltr'>aliorum</span> <span class='ocrx_word' id='word_1_214' title='bbox 971 1614 1380 1657; x_wconf 84' lang='lat' dir='ltr'>sacramentorum,</span> <span class='ocrx_word' id='word_1_215' title='bbox 1421 1614 1466 1648; x_wconf 90' lang='lat' dir='ltr'>et</span> <span class='ocrx_word' id='word_1_216' title='bbox 1492 1604 1548 1648; x_wconf 90' lang='lat' dir='ltr'>ad</span> <span class='ocrx_word' id='word_1_217' title='bbox 1575 1603 1663 1648; x_wconf 89' lang='lat' dir='ltr'>alia</span> <span class='ocrx_word' id='word_1_218' title='bbox 1696 1604 1985 1663; x_wconf 72' lang='lat' dir='ltr'>hujusmodi:</span> <span class='ocrx_word' id='word_1_219' title='bbox 2017 1614 2076 1651; x_wconf 82' lang='lat' dir='ltr'>et</span> <span class='ocrx_word' id='word_1_220' title='bbox 2089 1605 2245 1654; x_wconf 73' lang='lat' dir='ltr'>statim</span> 
     </span>
     <span class='ocr_line' id='line_1_22' title="bbox 287 1671 2246 1730; baseline 0 -12"><span class='ocrx_word' id='word_1_221' title='bbox 287 1674 350 1718; x_wconf 89' lang='lat' dir='ltr'>eis</span> <span class='ocrx_word' id='word_1_222' title='bbox 384 1674 569 1717; x_wconf 90' lang='lat' dir='ltr'>debetur</span> <span class='ocrx_word' id='word_1_223' title='bbox 606 1672 734 1716; x_wconf 87' lang='lat' dir='ltr'>locus</span> <span class='ocrx_word' id='word_1_224' title='bbox 770 1685 999 1730; x_wconf 89' lang='lat' dir='ltr'>congruus</span> <span class='ocrx_word' id='word_1_225' title='bbox 1031 1671 1263 1730; x_wconf 86' lang='lat' dir='ltr'>spirituali</span> <span class='ocrx_word' id='word_1_226' title='bbox 1293 1671 1428 1723; x_wconf 89' lang='lat' dir='ltr'>vitae,</span> <span class='ocrx_word' id='word_1_227' title='bbox 1460 1671 1538 1730; x_wconf 90' lang='lat' dir='ltr'>qui</span> <span class='ocrx_word' id='word_1_228' title='bbox 1571 1680 1638 1714; x_wconf 87' lang='lat' dir='ltr'>est</span> <span class='ocrx_word' id='word_1_229' title='bbox 1667 1671 1915 1719; x_wconf 81' lang='lat' dir='ltr'>beatitudo</span> <span class='ocrx_word' id='word_1_230' title='bbox 1948 1682 2157 1727; x_wconf 49' lang='lat' dir='ltr'>aeterna}</span> <span class='ocrx_word' id='word_1_231' title='bbox 2199 1682 2246 1718; x_wconf 86' lang='lat' dir='ltr'>et</span> 
     </span>
     <span class='ocr_line' id='line_1_23' title="bbox 284 1737 2244 1799; baseline 0 -15"><span class='ocrx_word' id='word_1_232' title='bbox 284 1751 468 1799; x_wconf 88' lang='lat' dir='ltr'>propter</span> <span class='ocrx_word' id='word_1_233' title='bbox 493 1740 584 1784; x_wconf 90' lang='lat' dir='ltr'>hoc</span> <span class='ocrx_word' id='word_1_234' title='bbox 616 1739 844 1797; x_wconf 88' lang='lat' dir='ltr'>baptizati,</span> <span class='ocrx_word' id='word_1_235' title='bbox 877 1738 915 1781; x_wconf 90' lang='lat' dir='ltr'>si</span> <span class='ocrx_word' id='word_1_236' title='bbox 949 1738 1187 1792; x_wconf 88' lang='lat' dir='ltr'>decedant,</span> <span class='ocrx_word' id='word_1_237' title='bbox 1218 1738 1371 1782; x_wconf 84' lang='lat' dir='ltr'>statim</span> <span class='ocrx_word' id='word_1_238' title='bbox 1402 1738 1451 1781; x_wconf 88' lang='lat' dir='ltr'>in</span> <span class='ocrx_word' id='word_1_239' title='bbox 1482 1737 1758 1782; x_wconf 84' lang='lat' dir='ltr'>beatitudine</span> <span class='ocrx_word' id='word_1_240' title='bbox 1789 1737 2098 1797; x_wconf 21' lang='lat' dir='ltr'>recipiuntur-*31</span> <span class='ocrx_word' id='word_1_241' title='bbox 2124 1739 2244 1790; x_wconf 76' lang='lat' dir='ltr'>unde</span> 
     </span>
     <span class='ocr_line' id='line_1_24' title="bbox 278 1799 2181 1865; baseline -0.002 -15"><span class='ocrx_word' id='word_1_242' title='bbox 278 1799 446 1850; x_wconf 60' lang='lat' dir='ltr'>‘dicitur</span> <span class='ocrx_word' id='word_1_243' title='bbox 467 1806 588 1865; x_wconf 91' lang='lat' dir='ltr'>quod</span> <span class='ocrx_word' id='word_1_244' title='bbox 614 1806 863 1864; x_wconf 86' lang='lat' dir='ltr'>baptismus</span> <span class='ocrx_word' id='word_1_245' title='bbox 888 1804 1030 1862; x_wconf 88' lang='lat' dir='ltr'>aperit</span> <span class='ocrx_word' id='word_1_246' title='bbox 1050 1806 1236 1862; x_wconf 86' lang='lat' dir='ltr'>januam</span> <span class='ocrx_word' id='word_1_247' title='bbox 1270 1803 1402 1848; x_wconf 91' lang='lat' dir='ltr'>coeli.</span> <span class='ocrx_word' id='word_1_248' title='bbox 1722 1844 1725 1846; x_wconf 91' lang='lat'>.</span> <span class='ocrx_word' id='word_1_249' title='bbox 2178 1833 2181 1835; x_wconf 54' lang='lat'>&gt;</span> 
     </span>
    </p>

    <p class='ocr_par' dir='ltr' id='par_1_4' title="bbox 276 1871 2294 2467">
     <span class='ocr_line' id='line_1_25' title="bbox 374 1871 2241 1930; baseline 0 -13"><span class='ocrx_word' id='word_1_250' title='bbox 374 1873 771 1918; x_wconf 86' lang='lat' dir='ltr'>Considerandum</span> <span class='ocrx_word' id='word_1_251' title='bbox 799 1881 866 1915; x_wconf 89' lang='lat' dir='ltr'>est</span> <span class='ocrx_word' id='word_1_252' title='bbox 893 1872 1029 1914; x_wconf 86' lang='lat' dir='ltr'>etiam</span> <span class='ocrx_word' id='word_1_253' title='bbox 1046 1871 1168 1929; x_wconf 91' lang='lat' dir='ltr'>quod</span> <span class='ocrx_word' id='word_1_254' title='bbox 1192 1871 1323 1914; x_wconf 90' lang='lat' dir='ltr'>unius</span> <span class='ocrx_word' id='word_1_255' title='bbox 1350 1871 1414 1914; x_wconf 89' lang='lat' dir='ltr'>rei</span> <span class='ocrx_word' id='word_1_256' title='bbox 1441 1880 1509 1914; x_wconf 89' lang='lat' dir='ltr'>est</span> <span class='ocrx_word' id='word_1_257' title='bbox 1524 1879 1701 1914; x_wconf 88' lang='lat' dir='ltr'>tantum</span> <span class='ocrx_word' id='word_1_258' title='bbox 1720 1884 1810 1916; x_wconf 87' lang='lat' dir='ltr'>una</span> <span class='ocrx_word' id='word_1_259' title='bbox 1827 1871 2086 1930; x_wconf 61' lang='lat' dir='ltr'>generatim</span> <span class='ocrx_word' id='word_1_260' title='bbox 2107 1872 2241 1928; x_wconf 76' lang='lat' dir='ltr'>unde,</span> 
     </span>
     <span class='ocr_line' id='line_1_26' title="bbox 283 1927 2244 1999; baseline 0 -16"><span class='ocrx_word' id='word_1_261' title='bbox 283 1927 422 1999; x_wconf 89' lang='lat' dir='ltr'>quum</span> <span class='ocrx_word' id='word_1_262' title='bbox 450 1940 698 1998; x_wconf 88' lang='lat' dir='ltr'>baptismus</span> <span class='ocrx_word' id='word_1_263' title='bbox 726 1940 783 1982; x_wconf 92' lang='lat' dir='ltr'>sit</span> <span class='ocrx_word' id='word_1_264' title='bbox 808 1938 1052 1996; x_wconf 88' lang='lat' dir='ltr'>spiritualis</span> <span class='ocrx_word' id='word_1_265' title='bbox 1080 1938 1331 1995; x_wconf 86' lang='lat' dir='ltr'>generati0‚</span> <span class='ocrx_word' id='word_1_266' title='bbox 1358 1952 1474 1980; x_wconf 88' lang='lat' dir='ltr'>unus</span> <span class='ocrx_word' id='word_1_267' title='bbox 1496 1937 1641 1981; x_wconf 90' lang='lat' dir='ltr'>homo</span> <span class='ocrx_word' id='word_1_268' title='bbox 1667 1948 1734 1982; x_wconf 86' lang='lat' dir='ltr'>est</span> <span class='ocrx_word' id='word_1_269' title='bbox 1760 1938 1908 1982; x_wconf 86' lang='lat' dir='ltr'>semel</span> <span class='ocrx_word' id='word_1_270' title='bbox 1929 1948 2114 1985; x_wconf 78' lang='lat' dir='ltr'>tantum</span> <span class='ocrx_word' id='word_1_271' title='bbox 2138 1939 2244 1999; x_wconf 83' lang='lat' dir='ltr'>bap·</span> 
     </span>
     <span class='ocr_line' id='line_1_27' title="bbox 281 2003 2241 2067; baseline -0.001 -17"><span class='ocrx_word' id='word_1_272' title='bbox 281 2007 498 2050; x_wconf 87' lang='lat' dir='ltr'>tizandus.</span> <span class='ocrx_word' id='word_1_273' title='bbox 527 2005 821 2049; x_wconf 86' lang='lat' dir='ltr'>Manifestum</span> <span class='ocrx_word' id='word_1_274' title='bbox 855 2018 922 2048; x_wconf 89' lang='lat' dir='ltr'>est</span> <span class='ocrx_word' id='word_1_275' title='bbox 954 2005 1090 2047; x_wconf 90' lang='lat' dir='ltr'>etiam</span> <span class='ocrx_word' id='word_1_276' title='bbox 1120 2005 1241 2063; x_wconf 88' lang='lat' dir='ltr'>quod</span> <span class='ocrx_word' id='word_1_277' title='bbox 1275 2003 1477 2058; x_wconf 88' lang='lat' dir='ltr'>infectio,</span> <span class='ocrx_word' id='word_1_278' title='bbox 1511 2018 1626 2062; x_wconf 85' lang='lat' dir='ltr'>quae</span> <span class='ocrx_word' id='word_1_279' title='bbox 1661 2018 1738 2061; x_wconf 90' lang='lat' dir='ltr'>per</span> <span class='ocrx_word' id='word_1_280' title='bbox 1765 2005 1914 2052; x_wconf 79' lang='lat' dir='ltr'>Adam</span> <span class='ocrx_word' id='word_1_281' title='bbox 1941 2004 2241 2067; x_wconf 72' lang='lat' dir='ltr'>inmundum</span> 
     </span>
     <span class='ocr_line' id='line_1_28' title="bbox 280 2072 2270 2132; baseline 0.001 -16"><span class='ocrx_word' id='word_1_282' title='bbox 280 2074 476 2127; x_wconf 83' lang='lat' dir='ltr'>intravit,</span> <span class='ocrx_word' id='word_1_283' title='bbox 509 2072 652 2116; x_wconf 88' lang='lat' dir='ltr'>semel</span> <span class='ocrx_word' id='word_1_284' title='bbox 683 2082 861 2115; x_wconf 89' lang='lat' dir='ltr'>tantum</span> <span class='ocrx_word' id='word_1_285' title='bbox 902 2072 1143 2115; x_wconf 85' lang='lat' dir='ltr'>hominem</span> <span class='ocrx_word' id='word_1_286' title='bbox 1178 2073 1404 2129; x_wconf 85' lang='lat' dir='ltr'>inquinat;</span> <span class='ocrx_word' id='word_1_287' title='bbox 1437 2072 1556 2115; x_wconf 90' lang='lat' dir='ltr'>unde</span> <span class='ocrx_word' id='word_1_288' title='bbox 1590 2082 1634 2115; x_wconf 90' lang='lat' dir='ltr'>et</span> <span class='ocrx_word' id='word_1_289' title='bbox 1675 2072 1940 2131; x_wconf 85' lang='lat' dir='ltr'>baptismus,</span> <span class='ocrx_word' id='word_1_290' title='bbox 1972 2074 2049 2132; x_wconf 84' lang='lat' dir='ltr'>qui</span> <span class='ocrx_word' id='word_1_291' title='bbox 2082 2084 2270 2122; x_wconf 63' lang='lat' dir='ltr'>contr-a&gt;</span> 
     </span>
     <span class='ocr_line' id='line_1_29' title="bbox 280 2138 2294 2204; baseline 0 -21"><span class='ocrx_word' id='word_1_292' title='bbox 280 2154 380 2183; x_wconf 90' lang='lat' dir='ltr'>eam</span> <span class='ocrx_word' id='word_1_293' title='bbox 411 2139 717 2198; x_wconf 81' lang='lat' dir='ltr'>principaliter</span> <span class='ocrx_word' id='word_1_294' title='bbox 735 2139 981 2191; x_wconf 85' lang='lat' dir='ltr'>ordinatur,</span> <span class='ocrx_word' id='word_1_295' title='bbox 1001 2139 1152 2181; x_wconf 87' lang='lat' dir='ltr'>iterari</span> <span class='ocrx_word' id='word_1_296' title='bbox 1178 2152 1270 2181; x_wconf 91' lang='lat' dir='ltr'>non</span> <span class='ocrx_word' id='word_1_297' title='bbox 1290 2139 1435 2181; x_wconf 84' lang='lat' dir='ltr'>debet.</span> <span class='ocrx_word' id='word_1_298' title='bbox 1464 2138 1564 2181; x_wconf 92' lang='lat' dir='ltr'>Hoc</span> <span class='ocrx_word' id='word_1_299' title='bbox 1585 2139 1722 2182; x_wconf 86' lang='lat' dir='ltr'>etiam</span> <span class='ocrx_word' id='word_1_300' title='bbox 1749 2153 1997 2184; x_wconf 85' lang='lat' dir='ltr'>commune</span> <span class='ocrx_word' id='word_1_301' title='bbox 2015 2151 2084 2184; x_wconf 86' lang='lat' dir='ltr'>est</span> <span class='ocrx_word' id='word_1_302' title='bbox 2100 2140 2242 2200; x_wconf 84' lang='lat' dir='ltr'>quod,</span> <span class='ocrx_word' id='word_1_303' title='bbox 2287 2188 2294 2204; x_wconf 23' lang='grc' dir='ltr'>ζ</span> 
     </span>
     <span class='ocr_line' id='line_1_30' title="bbox 281 2205 2294 2265; baseline 0 -15"><span class='ocrx_word' id='word_1_304' title='bbox 281 2222 334 2250; x_wconf 83' lang='lat' dir='ltr'>ex</span> <span class='ocrx_word' id='word_1_305' title='bbox 362 2221 452 2265; x_wconf 93' lang='lat' dir='ltr'>quo</span> <span class='ocrx_word' id='word_1_306' title='bbox 481 2221 550 2250; x_wconf 89' lang='lat' dir='ltr'>res</span> <span class='ocrx_word' id='word_1_307' title='bbox 579 2206 729 2264; x_wconf 86' lang='lat' dir='ltr'>aliqua</span> <span class='ocrx_word' id='word_1_308' title='bbox 757 2205 901 2249; x_wconf 86' lang='lat' dir='ltr'>semel</span> <span class='ocrx_word' id='word_1_309' title='bbox 929 2216 1194 2248; x_wconf 87' lang='lat' dir='ltr'>consecrata</span> <span class='ocrx_word' id='word_1_310' title='bbox 1222 2216 1304 2257; x_wconf 82' lang='lat' dir='ltr'>est,</span> <span class='ocrx_word' id='word_1_311' title='bbox 1333 2207 1548 2263; x_wconf 79' lang='lat' dir='ltr'>quamdiu</span> <span class='ocrx_word' id='word_1_312' title='bbox 1573 2217 1742 2259; x_wconf 84' lang='lat' dir='ltr'>manet,</span> <span class='ocrx_word' id='word_1_313' title='bbox 1769 2206 1956 2251; x_wconf 85' lang='lat' dir='ltr'>ulterius</span> <span class='ocrx_word' id='word_1_314' title='bbox 1982 2207 2243 2264; x_wconf 73' lang='lat' dir='ltr'>consecrari</span> <span class='ocrx_word' id='word_1_315' title='bbox 2282 2205 2294 2250; x_wconf 60' lang='grc' dir='ltr'>»ἐ</span> 
     </span>
     <span class='ocr_line' id='line_1_31' title="bbox 278 2271 2243 2334; baseline 0.002 -18"><span class='ocrx_word' id='word_1_316' title='bbox 278 2287 372 2316; x_wconf 91' lang='lat' dir='ltr'>non</span> <span class='ocrx_word' id='word_1_317' title='bbox 399 2274 545 2325; x_wconf 87' lang='lat' dir='ltr'>debet,</span> <span class='ocrx_word' id='word_1_318' title='bbox 571 2287 628 2316; x_wconf 89' lang='lat' dir='ltr'>ne</span> <span class='ocrx_word' id='word_1_319' title='bbox 647 2271 932 2316; x_wconf 87' lang='lat' dir='ltr'>consecratio</span> <span class='ocrx_word' id='word_1_320' title='bbox 950 2271 1160 2314; x_wconf 86' lang='lat' dir='ltr'>inefficax</span> <span class='ocrx_word' id='word_1_321' title='bbox 1186 2273 1412 2323; x_wconf 81' lang='lat' dir='ltr'>videatur3</span> <span class='ocrx_word' id='word_1_322' title='bbox 1442 2273 1575 2324; x_wconf 90' lang='lat' dir='ltr'>unde,</span> <span class='ocrx_word' id='word_1_323' title='bbox 1602 2271 2243 2334; x_wconf 30' lang='lat' dir='ltr'>quum&#39;baptisrnusr-sitquae-</span> 
     </span>
     <span class='ocr_line' id='line_1_32' title="bbox 276 2338 2244 2400; baseline 0.002 -18"><span class='ocrx_word' id='word_1_324' title='bbox 276 2340 380 2382; x_wconf 89' lang='lat' dir='ltr'>dam</span> <span class='ocrx_word' id='word_1_325' title='bbox 405 2339 687 2383; x_wconf 88' lang='lat' dir='ltr'>consecratio</span> <span class='ocrx_word' id='word_1_326' title='bbox 712 2339 913 2382; x_wconf 90' lang='lat' dir='ltr'>hominis</span> <span class='ocrx_word' id='word_1_327' title='bbox 934 2338 1162 2396; x_wconf 87' lang='lat' dir='ltr'>baptizati,</span> <span class='ocrx_word' id='word_1_328' title='bbox 1189 2352 1284 2382; x_wconf 88' lang='lat' dir='ltr'>non</span> <span class='ocrx_word' id='word_1_329' title='bbox 1304 2349 1373 2382; x_wconf 87' lang='lat' dir='ltr'>est</span> <span class='ocrx_word' id='word_1_330' title='bbox 1388 2339 1646 2382; x_wconf 88' lang='lat' dir='ltr'>iterandum</span> <span class='ocrx_word' id='word_1_331' title='bbox 1668 2339 1907 2398; x_wconf 78' lang='lat' dir='ltr'>baptisma.</span> <span class='ocrx_word' id='word_1_332' title='bbox 1925 2339 2153 2400; x_wconf 50' lang='lat' dir='ltr'>Per‘quod</span> <span class='ocrx_word' id='word_1_333' title='bbox 2169 2354 2244 2386; x_wconf 80' lang='lat' dir='ltr'>ex·</span> 
     </span>
     <span class='ocr_line' id='line_1_33' title="bbox 277 2404 2240 2467; baseline 0.003 -17"><span class='ocrx_word' id='word_1_334' title='bbox 277 2406 472 2450; x_wconf 89' lang='lat' dir='ltr'>cluditur</span> <span class='ocrx_word' id='word_1_335' title='bbox 483 2419 607 2450; x_wconf 90' lang='lat' dir='ltr'>error</span> <span class='ocrx_word' id='word_1_336' title='bbox 618 2405 966 2449; x_wconf 89' lang='lat' dir='ltr'>Donatistarum</span> <span class='ocrx_word' id='word_1_337' title='bbox 979 2405 1053 2449; x_wconf 88' lang='lat' dir='ltr'>vel</span> <span class='ocrx_word' id='word_1_338' title='bbox 1065 2404 1460 2463; x_wconf 88' lang='lat' dir='ltr'>Rebaptizantium</span> <span class='ocrx_word' id='word_1_339' title='bbox 1483 2405 1617 2461; x_wconf 89' lang='lat' dir='ltr'>(teste</span> <span class='ocrx_word' id='word_1_340' title='bbox 1636 2405 1756 2464; x_wconf 89' lang='lat' dir='ltr'>Aug.</span> <span class='ocrx_word' id='word_1_341' title='bbox 1775 2405 1850 2451; x_wconf 88' lang='lat' dir='ltr'>lib.</span> <span class='ocrx_word' id='word_1_342' title='bbox 1869 2405 2049 2453; x_wconf 69' lang='lat' dir='ltr'>haeres.</span> <span class='ocrx_word' id='word_1_343' title='bbox 2069 2419 2115 2453; x_wconf 81' lang='lat' dir='ltr'>n.</span> <span class='ocrx_word' id='word_1_344' title='bbox 2132 2404 2240 2467; x_wconf 76' lang='lat'><strong>69.)-</strong></span> 
     </span>
    </p>
   </div>
   <div class='ocr_carea' id='block_1_3' title="bbox 992 2580 1474 2649">
    <p class='ocr_par' dir='ltr' id='par_1_5' title="bbox 992 2580 1474 2649">
     <span class='ocr_line' id='line_1_34' title="bbox 992 2580 1474 2649; baseline 0.008 -18"><span class='ocrx_word' id='word_1_345' title='bbox 992 2629 994 2631; x_wconf 83' lang='grc'><em>,</em></span> <span class='ocrx_word' id='word_1_346' title='bbox 1043 2580 1340 2649; x_wconf 67' lang='lat' dir='ltr'>CAPUT(</span> <span class='ocrx_word' id='word_1_347' title='bbox 1355 2581 1474 2636; x_wconf 90' lang='lat' dir='ltr'>LX.</span> 
     </span>
    </p>
   </div>
   <div class='ocr_carea' id='block_1_4' title="bbox 675 2716 1835 2880">
    <p class='ocr_par' dir='ltr' id='par_1_6' title="bbox 675 2716 1835 2880">
     <span class='ocr_line' id='line_1_35' title="bbox 961 2716 1552 2757; baseline 0.002 -2"><span class='ocrx_word' id='word_1_348' title='bbox 961 2717 1034 2755; x_wconf 87' lang='lat' dir='ltr'>DE</span> <span class='ocrx_word' id='word_1_349' title='bbox 1076 2716 1552 2757; x_wconf 85' lang='lat' dir='ltr'>CONFIRMATIONE.</span> 
     </span>
     <span class='ocr_line' id='line_1_36' title="bbox 675 2818 1835 2880; baseline 0.003 -18"><span class='ocrx_word' id='word_1_350' title='bbox 675 2818 776 2874; x_wconf 90' lang='lat' dir='ltr'><strong><em>(III.</em></strong></span> <span class='ocrx_word' id='word_1_351' title='bbox 800 2824 915 2877; x_wconf 83' lang='lat' dir='ltr'>part.</span> <span class='ocrx_word' id='word_1_352' title='bbox 940 2825 1093 2877; x_wconf 85' lang='lat' dir='ltr'>quaest.</span> <span class='ocrx_word' id='word_1_353' title='bbox 1122 2819 1301 2864; x_wconf 91' lang='lat' dir='ltr'><em>LXXII.</em></span> <span class='ocrx_word' id='word_1_354' title='bbox 1329 2825 1366 2864; x_wconf 80' lang='lat' dir='ltr'>et</span> <span class='ocrx_word' id='word_1_355' title='bbox 1399 2819 1470 2864; x_wconf 94' lang='lat' dir='ltr'>VI.</span> <span class='ocrx_word' id='word_1_356' title='bbox 1497 2820 1607 2865; x_wconf 78' lang='lat' dir='ltr'>Sent.</span> <span class='ocrx_word' id='word_1_357' title='bbox 1635 2819 1729 2866; x_wconf 82' lang='lat' dir='ltr'>dist.</span> <span class='ocrx_word' id='word_1_358' title='bbox 1757 2822 1835 2880; x_wconf 89' lang='grc'><strong><em>7.).</em></strong></span> 
     </span>
    </p>
   </div>
   <div class='ocr_carea' id='block_1_5' title="bbox 270 2926 2294 3655">
    <p class='ocr_par' dir='ltr' id='par_1_7' title="bbox 270 2926 2294 3655">
     <span class='ocr_line' id='line_1_37' title="bbox 363 2926 2294 2994; baseline 0.005 -25"><span class='ocrx_word' id='word_1_359' title='bbox 363 2926 587 2970; x_wconf 89' lang='lat' dir='ltr'>Perfectio</span> <span class='ocrx_word' id='word_1_360' title='bbox 616 2937 766 2971; x_wconf 87' lang='lat' dir='ltr'>autem</span> <span class='ocrx_word' id='word_1_361' title='bbox 796 2928 1040 2986; x_wconf 90' lang='lat' dir='ltr'>spiritualis</span> <span class='ocrx_word' id='word_1_362' title='bbox 1072 2930 1249 2973; x_wconf 90' lang='lat' dir='ltr'>roboris</span> <span class='ocrx_word' id='word_1_363' title='bbox 1283 2932 1328 2974; x_wconf 86' lang='lat' dir='ltr'>in</span> <span class='ocrx_word' id='word_1_364' title='bbox 1362 2930 1453 2974; x_wconf 90' lang='lat' dir='ltr'>hoc</span> <span class='ocrx_word' id='word_1_365' title='bbox 1480 2931 1661 2989; x_wconf 91' lang='lat' dir='ltr'>proprie</span> <span class='ocrx_word' id='word_1_366' title='bbox 1696 2931 1905 2976; x_wconf 89' lang='lat' dir='ltr'>consistit</span> <span class='ocrx_word' id='word_1_367' title='bbox 1936 2931 2059 2992; x_wconf 90' lang='lat' dir='ltr'>quod</span> <span class='ocrx_word' id='word_1_368' title='bbox 2090 2932 2237 2978; x_wconf 86' lang='lat' dir='ltr'>homo</span> <span class='ocrx_word' id='word_1_369' title='bbox 2279 2929 2294 2994; x_wconf 95' lang='grc' dir='ltr'>Ξ</span> 
     </span>
     <span class='ocr_line' id='line_1_38' title="bbox 274 2992 2294 3057; baseline 0.004 -21"><span class='ocrx_word' id='word_1_370' title='bbox 274 2992 411 3037; x_wconf 88' lang='lat' dir='ltr'>fidem</span> <span class='ocrx_word' id='word_1_371' title='bbox 455 2993 627 3037; x_wconf 85' lang='lat' dir='ltr'>Christi</span> <span class='ocrx_word' id='word_1_372' title='bbox 668 2994 873 3038; x_wconf 87' lang='lat' dir='ltr'>confiteri</span> <span class='ocrx_word' id='word_1_373' title='bbox 915 2995 1082 3040; x_wconf 89' lang='lat' dir='ltr'>audeat</span> <span class='ocrx_word' id='word_1_374' title='bbox 1114 3010 1272 3040; x_wconf 89' lang='lat' dir='ltr'>coram</span> <span class='ocrx_word' id='word_1_375' title='bbox 1308 2997 1684 3057; x_wconf 87' lang='lat' dir='ltr'>quibuscumque,</span> <span class='ocrx_word' id='word_1_376' title='bbox 1719 3011 1804 3042; x_wconf 89' lang='lat' dir='ltr'>nec</span> <span class='ocrx_word' id='word_1_377' title='bbox 1840 2997 1946 3042; x_wconf 87' lang='lat' dir='ltr'>inde</span> <span class='ocrx_word' id='word_1_378' title='bbox 1986 2999 2239 3043; x_wconf 87' lang='lat' dir='ltr'>retrahatur</span> <span class='ocrx_word' id='word_1_379' title='bbox 2271 3006 2294 3043; x_wconf 65' lang='grc' dir='ltr'>’ἐ</span> 
     </span>
     <span class='ocr_line' id='line_1_39' title="bbox 274 3059 2239 3120; baseline 0.003 -18"><span class='ocrx_word' id='word_1_380' title='bbox 274 3071 454 3118; x_wconf 88' lang='lat' dir='ltr'>propter</span> <span class='ocrx_word' id='word_1_381' title='bbox 487 3059 805 3104; x_wconf 89' lang='lat' dir='ltr'>confusionem</span> <span class='ocrx_word' id='word_1_382' title='bbox 839 3061 1038 3120; x_wconf 86' lang='lat' dir='ltr'>aliquam</span> <span class='ocrx_word' id='word_1_383' title='bbox 1065 3062 1138 3106; x_wconf 88' lang='lat' dir='ltr'>vel</span> <span class='ocrx_word' id='word_1_384' title='bbox 1163 3074 1410 3117; x_wconf 84' lang='lat' dir='ltr'>terrorem3</span> <span class='ocrx_word' id='word_1_385' title='bbox 1445 3062 1662 3107; x_wconf 89' lang='lat' dir='ltr'>fortitudo</span> <span class='ocrx_word' id='word_1_386' title='bbox 1690 3064 1814 3108; x_wconf 88' lang='lat' dir='ltr'>enim</span> <span class='ocrx_word' id='word_1_387' title='bbox 1846 3064 2157 3110; x_wconf 86' lang='lat' dir='ltr'>inordinatum</span> <span class='ocrx_word' id='word_1_388' title='bbox 2187 3065 2239 3109; x_wconf 90' lang='lat' dir='ltr'>ti·</span> 
     </span>
     <span class='ocr_line' id='line_1_40' title="bbox 274 3127 2294 3190; baseline 0.004 -22"><span class='ocrx_word' id='word_1_389' title='bbox 274 3140 450 3169; x_wconf 88' lang='lat' dir='ltr'>morem</span> <span class='ocrx_word' id='word_1_390' title='bbox 482 3127 672 3184; x_wconf 89' lang='lat' dir='ltr'>repellit.</span> <span class='ocrx_word' id='word_1_391' title='bbox 708 3127 1059 3172; x_wconf 87' lang='lat' dir='ltr'>Sacramentum</span> <span class='ocrx_word' id='word_1_392' title='bbox 1091 3130 1229 3188; x_wconf 88' lang='lat' dir='ltr'>igitur</span> <span class='ocrx_word' id='word_1_393' title='bbox 1259 3144 1352 3188; x_wconf 89' lang='lat' dir='ltr'>quo</span> <span class='ocrx_word' id='word_1_394' title='bbox 1386 3130 1618 3188; x_wconf 89' lang='lat' dir='ltr'>spirituale</span> <span class='ocrx_word' id='word_1_395' title='bbox 1652 3131 1790 3174; x_wconf 92' lang='lat' dir='ltr'>robur</span> <span class='ocrx_word' id='word_1_396' title='bbox 1821 3141 2092 3190; x_wconf 84' lang='lat' dir='ltr'>regenerato</span> <span class='ocrx_word' id='word_1_397' title='bbox 2126 3145 2239 3176; x_wconf 85' lang='lat' dir='ltr'>con·</span> <span class='ocrx_word' id='word_1_398' title='bbox 2272 3153 2294 3187; x_wconf 97' lang='grc' dir='ltr'>Ξ</span> 
     </span>
     <span class='ocr_line' id='line_1_41' title="bbox 272 3191 2294 3270; baseline 0.004 -36"><span class='ocrx_word' id='word_1_399' title='bbox 272 3191 424 3245; x_wconf 89' lang='lat' dir='ltr'>fertur,</span> <span class='ocrx_word' id='word_1_400' title='bbox 448 3207 552 3236; x_wconf 89' lang='lat' dir='ltr'>eum</span> <span class='ocrx_word' id='word_1_401' title='bbox 579 3194 926 3270; x_wconf 81' lang='lat' dir='ltr'>quodammodo</span> <span class='ocrx_word' id='word_1_402' title='bbox 954 3196 1143 3239; x_wconf 89' lang='lat' dir='ltr'>instituit</span> <span class='ocrx_word' id='word_1_403' title='bbox 1172 3210 1253 3254; x_wconf 93' lang='lat' dir='ltr'>pro</span> <span class='ocrx_word' id='word_1_404' title='bbox 1282 3196 1368 3240; x_wconf 86' lang='lat' dir='ltr'>fide</span> <span class='ocrx_word' id='word_1_405' title='bbox 1398 3196 1569 3240; x_wconf 88' lang='lat' dir='ltr'>Christi</span> <span class='ocrx_word' id='word_1_406' title='bbox 1603 3207 2010 3256; x_wconf 84' lang='lat' dir='ltr'>propugnatorem.</span> <span class='ocrx_word' id='word_1_407' title='bbox 2044 3197 2101 3243; x_wconf 87' lang='lat' dir='ltr'>Et</span> <span class='ocrx_word' id='word_1_408' title='bbox 2131 3198 2236 3257; x_wconf 82' lang='lat' dir='ltr'>quia</span> <span class='ocrx_word' id='word_1_409' title='bbox 2274 3192 2294 3255; x_wconf 64' lang='grc' dir='ltr'>ἶΞ</span> 
     </span>
     <span class='ocr_line' id='line_1_42' title="bbox 272 3258 2274 3323; baseline 0.003 -21"><span class='ocrx_word' id='word_1_410' title='bbox 272 3271 524 3317; x_wconf 87' lang='lat' dir='ltr'>pugnantes</span> <span class='ocrx_word' id='word_1_411' title='bbox 552 3261 631 3303; x_wconf 86' lang='lat' dir='ltr'>sub</span> <span class='ocrx_word' id='word_1_412' title='bbox 661 3260 812 3319; x_wconf 90' lang='lat' dir='ltr'>aliquo</span> <span class='ocrx_word' id='word_1_413' title='bbox 847 3262 1049 3320; x_wconf 89' lang='lat' dir='ltr'>principe</span> <span class='ocrx_word' id='word_1_414' title='bbox 1078 3265 1173 3320; x_wconf 87' lang='lat' dir='ltr'>ejus</span> <span class='ocrx_word' id='word_1_415' title='bbox 1201 3263 1396 3321; x_wconf 88' lang='lat' dir='ltr'>insignia</span> <span class='ocrx_word' id='word_1_416' title='bbox 1430 3262 1650 3316; x_wconf 88' lang='lat' dir='ltr'>deferunt,</span> <span class='ocrx_word' id='word_1_417' title='bbox 1683 3264 1730 3307; x_wconf 89' lang='lat' dir='ltr'>hi</span> <span class='ocrx_word' id='word_1_418' title='bbox 1764 3264 1841 3323; x_wconf 90' lang='lat' dir='ltr'>qui</span> <span class='ocrx_word' id='word_1_419' title='bbox 1873 3263 2269 3310; x_wconf 73' lang='lat' dir='ltr'>confirmationis</span> <span class='ocrx_word' id='word_1_420' title='bbox 2272 3258 2274 3260; x_wconf 31' lang='lat'><strong><em>¹</em></strong></span> 
     </span>
     <span class='ocr_line' id='line_1_43' title="bbox 272 3318 2294 3419; baseline 0.003 -51"><span class='ocrx_word' id='word_1_421' title='bbox 272 3337 607 3370; x_wconf 86' lang='lat' dir='ltr'>sacramentum</span> <span class='ocrx_word' id='word_1_422' title='bbox 650 3329 902 3386; x_wconf 91' lang='lat' dir='ltr'>suscipiunt</span> <span class='ocrx_word' id='word_1_423' title='bbox 934 3330 1065 3386; x_wconf 88' lang='lat' dir='ltr'>signo</span> <span class='ocrx_word' id='word_1_424' title='bbox 1101 3328 1274 3373; x_wconf 85' lang='lat' dir='ltr'>Christi</span> <span class='ocrx_word' id='word_1_425' title='bbox 1311 3329 1633 3387; x_wconf 89' lang='lat' dir='ltr'>insigniuntur,</span> <span class='ocrx_word' id='word_1_426' title='bbox 1665 3330 1878 3374; x_wconf 89' lang='lat' dir='ltr'>videlicet</span> <span class='ocrx_word' id='word_1_427' title='bbox 1907 3330 2041 3390; x_wconf 85' lang='lat' dir='ltr'>signo</span> <span class='ocrx_word' id='word_1_428' title='bbox 2074 3331 2234 3385; x_wconf 70' lang='lat' dir='ltr'>crucis,</span> <span class='ocrx_word' id='word_1_429' title='bbox 2266 3318 2294 3419; x_wconf 52' lang='grc' dir='ltr'><strong>ἐ</strong></span> 
     </span>
     <span class='ocr_line' id='line_1_44' title="bbox 273 3393 2294 3475; baseline 0.004 -41"><span class='ocrx_word' id='word_1_430' title='bbox 273 3405 362 3449; x_wconf 91' lang='lat' dir='ltr'>quo</span> <span class='ocrx_word' id='word_1_431' title='bbox 389 3393 605 3450; x_wconf 86' lang='lat' dir='ltr'>pugnavit</span> <span class='ocrx_word' id='word_1_432' title='bbox 628 3404 671 3436; x_wconf 91' lang='lat' dir='ltr'>et</span> <span class='ocrx_word' id='word_1_433' title='bbox 693 3394 813 3437; x_wconf 89' lang='lat' dir='ltr'>vicit.</span> <span class='ocrx_word' id='word_1_434' title='bbox 833 3394 934 3438; x_wconf 91' lang='lat' dir='ltr'>Hoc</span> <span class='ocrx_word' id='word_1_435' title='bbox 954 3405 1107 3438; x_wconf 91' lang='lat' dir='ltr'>autem</span> <span class='ocrx_word' id='word_1_436' title='bbox 1125 3396 1307 3454; x_wconf 88' lang='lat' dir='ltr'>signum</span> <span class='ocrx_word' id='word_1_437' title='bbox 1330 3396 1375 3439; x_wconf 93' lang='lat' dir='ltr'>in</span> <span class='ocrx_word' id='word_1_438' title='bbox 1397 3394 1547 3440; x_wconf 86' lang='lat' dir='ltr'>fronte</span> <span class='ocrx_word' id='word_1_439' title='bbox 1565 3396 1828 3455; x_wconf 87' lang='lat' dir='ltr'>suscipiunt,</span> <span class='ocrx_word' id='word_1_440' title='bbox 1845 3396 1897 3440; x_wconf 71' lang='lat' dir='ltr'>in</span> <span class='ocrx_word' id='word_1_441' title='bbox 1908 3395 2091 3475; x_wconf 69' lang='lat' dir='ltr'>signum</span> <span class='ocrx_word' id='word_1_442' title='bbox 2110 3395 2294 3472; x_wconf 73' lang='lat' dir='ltr'>&#39;quddQ</span> 
     </span>
     <span class='ocr_line' id='line_1_45' title="bbox 270 3419 2294 3523; baseline 0.005 -23"><span class='ocrx_word' id='word_1_443' title='bbox 270 3458 447 3515; x_wconf 87' lang='lat' dir='ltr'>publice</span> <span class='ocrx_word' id='word_1_444' title='bbox 473 3458 608 3503; x_wconf 85' lang='lat' dir='ltr'>fidem</span> <span class='ocrx_word' id='word_1_445' title='bbox 638 3459 809 3504; x_wconf 88' lang='lat' dir='ltr'>Christi</span> <span class='ocrx_word' id='word_1_446' title='bbox 838 3461 1043 3506; x_wconf 88' lang='lat' dir='ltr'>confiteri</span> <span class='ocrx_word' id='word_1_447' title='bbox 1070 3476 1163 3505; x_wconf 92' lang='lat' dir='ltr'>non</span> <span class='ocrx_word' id='word_1_448' title='bbox 1191 3461 1473 3507; x_wconf 86' lang='lat' dir='ltr'>erubescant</span> <span class='ocrx_word' id='word_1_449' title='bbox 1504 3462 1629 3507; x_wconf 88' lang='lat' dir='ltr'>Haec</span> <span class='ocrx_word' id='word_1_450' title='bbox 1659 3472 1813 3508; x_wconf 85' lang='lat' dir='ltr'>autern</span> <span class='ocrx_word' id='word_1_451' title='bbox 1839 3462 2075 3523; x_wconf 80' lang='lat' dir='ltr'>insignitio</span> <span class='ocrx_word' id='word_1_452' title='bbox 2101 3461 2152 3509; x_wconf 84' lang='lat' dir='ltr'>fit</span> <span class='ocrx_word' id='word_1_453' title='bbox 2175 3419 2294 3510; x_wconf 40' lang='grc' dir='ltr'>ξιξ</span> 
     </span>
     <span class='ocr_line' id='line_1_46' title="bbox 271 3523 2280 3587; baseline 0.005 -21"><span class='ocrx_word' id='word_1_454' title='bbox 271 3523 557 3568; x_wconf 87' lang='lat' dir='ltr'>confectione</span> <span class='ocrx_word' id='word_1_455' title='bbox 585 3525 673 3570; x_wconf 87' lang='lat' dir='ltr'>olei</span> <span class='ocrx_word' id='word_1_456' title='bbox 707 3537 750 3570; x_wconf 90' lang='lat' dir='ltr'>et</span> <span class='ocrx_word' id='word_1_457' title='bbox 776 3527 983 3581; x_wconf 90' lang='lat' dir='ltr'>balsami,</span> <span class='ocrx_word' id='word_1_458' title='bbox 1011 3542 1126 3587; x_wconf 89' lang='lat' dir='ltr'>quae</span> <span class='ocrx_word' id='word_1_459' title='bbox 1153 3529 1335 3573; x_wconf 84' lang='lat' dir='ltr'>chrisma</span> <span class='ocrx_word' id='word_1_460' title='bbox 1360 3539 1564 3583; x_wconf 86' lang='lat' dir='ltr'>vocatur,</span> <span class='ocrx_word' id='word_1_461' title='bbox 1581 3542 1676 3573; x_wconf 91' lang='lat' dir='ltr'>non</span> <span class='ocrx_word' id='word_1_462' title='bbox 1703 3529 2085 3575; x_wconf 69' lang='lat' dir='ltr'>irrationabiliter.</span> <span class='ocrx_word' id='word_1_463' title='bbox 2107 3529 2280 3575; x_wconf 68' lang='lat' dir='ltr'>‘Nam</span> 
     </span>
     <span class='ocr_line' id='line_1_47' title="bbox 271 3590 2280 3655; baseline 0.006 -22"><span class='ocrx_word' id='word_1_464' title='bbox 271 3604 349 3648; x_wconf 88' lang='lat' dir='ltr'>per</span> <span class='ocrx_word' id='word_1_465' title='bbox 374 3590 527 3635; x_wconf 89' lang='lat' dir='ltr'>oleum</span> <span class='ocrx_word' id='word_1_466' title='bbox 557 3592 748 3650; x_wconf 90' lang='lat' dir='ltr'>Spiritus</span> <span class='ocrx_word' id='word_1_467' title='bbox 777 3593 932 3638; x_wconf 86' lang='lat' dir='ltr'>Sancti</span> <span class='ocrx_word' id='word_1_468' title='bbox 952 3594 1092 3638; x_wconf 89' lang='lat' dir='ltr'>virtus</span> <span class='ocrx_word' id='word_1_469' title='bbox 1115 3595 1390 3653; x_wconf 88' lang='lat' dir='ltr'>designatur,</span> <span class='ocrx_word' id='word_1_470' title='bbox 1414 3609 1505 3655; x_wconf 90' lang='lat' dir='ltr'>quo</span> <span class='ocrx_word' id='word_1_471' title='bbox 1531 3595 1740 3641; x_wconf 90' lang='lat' dir='ltr'>Christus</span> <span class='ocrx_word' id='word_1_472' title='bbox 1757 3603 1927 3642; x_wconf 81' lang='lat' dir='ltr'>unctus</span> <span class='ocrx_word' id='word_1_473' title='bbox 1940 3596 2263 3652; x_wconf 66' lang='lat' dir='ltr'>nuntiantur,</span> <span class='ocrx_word' id='word_1_474' title='bbox 2260 3615 2280 3646; x_wconf 63' lang='lat'>1</span> 
     </span>
    </p>
   </div>
  </div>
 </body>
</html>
