2332 3854
281 265 390 302 210
966 264 1120 302 LIBER
1160 263 1215 301 11.
1258 264 1378 302 CAP.
1419 264 1564 303 LXIV.

278 366 470 420 sidonis,
497 366 705 426 singulae
730 376 881 426 partes
905 365 1111 424 corporis
1133 365 1354 411 haberent
1379 367 1583 425 singulas
1606 367 1805 424 animas;
1832 369 1971 413 aliam
1997 370 2120 415 enim
2147 371 2239 416 ani-

278 448 404 478 mam
431 434 619 479 haberet
651 449 703 478 os
730 443 775 478 et
801 447 908 477 caro
937 443 981 477 et
1011 446 1192 487 nervus,
1226 447 1368 492 quum
1394 435 1484 478 sint
1508 434 1762 480 secundum
1795 436 2021 481 diversam
2051 452 2239 498 propos·-

278 505 453 550 tionem
481 505 738 564 composita
752 520 763 559 ;
786 503 909 563 quod
931 513 1055 562 patet
1080 517 1178 549 esse
1203 502 1386 548 falsum.
1413 504 1521 550 Non
1547 515 1615 550 est
1638 506 1776 565 igitur
1801 507 1953 552 anima
1979 507 2241 553 harmonia.

1023 703 1279 760 CAPUT
1321 697 1492 761 LXV.

795 847 955 892 QUOD
997 826 1173 886 ANIMA
1209 846 1327 887 NON
1367 847 1452 886 srr
1494 847 1723 887 CORPUS.

366 971 566 1014 Fuerunt
598 979 752 1014 autem
786 979 830 1014 et
864 969 941 1013 alii
982 970 1129 1029 magis
1170 979 1385 1024 errantes,
1420 981 1642 1030 ponentes
1677 971 1879 1016 animam
1916 986 2015 1019 esse
2049 986 2238 1031 corpus;

277 1052 473 1096 quorum
500 1036 739 1094 opiniones
767 1036 874 1081 licet
898 1036 1064 1081 fuerint
1091 1037 1295 1081 diversae
1324 1046 1368 1081 et
1398 1038 1565 1092 variae,
1600 1036 1766 1082 sufficit
1803 1053 1880 1084 eas
1914 1038 1990 1083 hic
2028 1052 2234 1085 commu·

278 1105 394 1148 niter
419 1104 676 1163 reprobare.

365 1171 577 1215 Viventia
604 1171 741 1225 enim,
769 1185 910 1230 quum
936 1170 1026 1215 sint
1051 1170 1279 1230 quaedam
1304 1185 1375 1215 res
1400 1170 1646 1227 naturales,
1673 1181 1778 1216 sunt
1799 1172 2054 1231 composita
2071 1187 2125 1217 ex
2145 1188 2241 1218 ma-

276 1239 388 1282 teria
415 1248 459 1282 et
483 1238 647 1282 forma.
677 1238 1032 1297 Componuntur
1059 1247 1211 1282 autem
1239 1252 1294 1281 ex
1321 1251 1512 1297 corpore
1541 1248 1585 1282 et
1603 1238 1755 1282 anima
1777 1252 1893 1298 quae
1918 1237 2029 1284 facit
2042 1240 2242 1285 viventia

277 1316 393 1351 actu.
412 1306 554 1364 Igitur
572 1315 754 1365 oportet
771 1305 964 1350 alterum
982 1306 1175 1350 istorum
1195 1319 1294 1350 esse
1311 1305 1510 1350 formam
1529 1315 1573 1350 et
1587 1305 1779 1350 alterum
1793 1306 2240 1367 materiam.Corpus

277 1385 430 1419 autem
455 1389 550 1419 non
577 1384 727 1434 potest
760 1388 859 1419 esse
884 1373 1050 1428 forma,
1077 1375 1181 1433 quia
1210 1387 1374 1432 corpus
1400 1387 1495 1417 non
1523 1381 1589 1418 est
1612 1373 1660 1417 in
1687 1373 1832 1418 altero
1850 1373 2029 1419 sicutin
2050 1375 2242 1420 materia

277 1451 322 1486 et
361 1442 579 1500 subjecto.
612 1441 783 1486 Anima
815 1441 951 1501 igitur
982 1441 1066 1486 erit
1095 1440 1268 1495 forma3
1303 1455 1413 1500 ergo
1446 1455 1540 1485 non
1574 1450 1642 1485 est
1674 1455 1854 1501 corpus,
1891 1455 2032 1501 quum
2062 1441 2240 1488 nullum

277 1522 442 1568 corpus
470 1509 526 1553 sit
555 1508 719 1553 forma.

362 1577 553 1621 Adhuc:
581 1575 863 1635 impossibile
891 1586 959 1622 est
990 1575 1081 1620 duo
1116 1589 1309 1635 corpora
1344 1589 1441 1620 esse
1474 1574 1625 1621 simul.
1658 1575 1830 1620 Anima
1861 1587 2016 1622 autem
2046 1587 2142 1622 non
2173 1588 2242 1623 est

278 1658 488 1688 seorsum
516 1659 541 1691 a
569 1658 779 1702 corpore,
806 1643 915 1687 dum
941 1643 1065 1687 vivit.
1092 1643 1200 1687 Non
1233 1652 1300 1687 est
1325 1642 1461 1702 igitur
1489 1642 1848 1702 animacorpus.

362 1710 597 1770 Amplius:
626 1725 764 1755 omne
793 1725 957 1770 corpus
976 1709 1199 1754 divisibile
1213 1720 1293 1754 est.
1314 1710 1469 1755 Omne
1489 1720 1642 1754 autem
1660 1709 1881 1755 divisibile
1897 1711 2070 1770 indiget
2087 1710 2240 1772 aliquo

276 1780 537 1822 continente
565 1787 608 1822 et
633 1778 817 1822 uniente
845 1787 994 1836 partes
1021 1779 1131 1835 ejus.
1161 1777 1211 1821 Si
1236 1777 1373 1835 igitur
1400 1777 1553 1820 anima
1578 1779 1636 1821 sit
1657 1791 1838 1836 corpus,
1859 1777 2044 1823 habebit
2069 1777 2239 1838 aliquid

276 1845 396 1888 aliud
425 1845 679 1899 continens,
707 1854 750 1888 et
779 1843 893 1888 illud
920 1844 1067 1902 magis
1095 1845 1179 1888 erit
1206 1844 1382 1898 anima;
1407 1844 1615 1888 videmus
1643 1844 1781 1898 enim,
1809 1844 1963 1890 anima
1983 1845 2244 1899 recedente,-

277 1925 442 1970 corpus
469 1911 669 1956 dissolvi.
698 1911 754 1955 Et
780 1911 817 1955 si
843 1911 933 1955 hoc
960 1911 1126 1954 iterum
1153 1911 1209 1955 sit
1235 1910 1472 1964 divisibile,
1500 1911 1730 1969 oportebit
1754 1910 1829 1955 vel
1851 1911 2063 1956 devenire
2086 1911 2142 1956 ad
2165 1911 2241 1956 ali-

275 1979 398 2037 quod
425 1979 697 2023 indivisibile
720 1988 764 2022 et
789 1979 1130 2036 incorporeum,
1158 1978 1281 2036 quod
1308 1978 1391 2022 erit
1417 1978 1593 2031 anima3
1621 1977 1693 2022 vel
1720 1978 1804 2022 erit
1827 1978 1875 2022 in
1896 1978 2124 2022 infinitum
2141 1993 2242 2039 pro-

276 2046 452 2099 cedere,
481 2046 603 2104 quod
631 2056 698 2090 est
725 2045 1021 2104 impossibile.
1048 2045 1156 2088 Non
1183 2054 1251 2088 est
1275 2045 1413 2103 igitur
1440 2045 1593 2088 anima
1621 2058 1799 2103 corpus.

361 2114 501 2157 Item:
529 2113 645 2157 sicut
672 2126 807 2171 supra
834 2114 894 2171 (c.
921 2112 1015 2172 49.)
1035 2112 1275 2171 probatum
1303 2121 1383 2165 est,
1412 2122 1456 2155 et
1485 2112 1531 2154 in
1559 2120 1724 2155 octavo
1751 2111 1933 2171 Physic.
1961 2113 2013 2170 (t.
2037 2127 2076 2157 c.
2101 2124 2174 2168 40.
2196 2122 2243 2157 et

272 2178 410 2238 infra)
437 2180 667 2238 probatur,
696 2193 835 2224 omne
862 2193 1054 2223 movens
1087 2179 1285 2238 seipsum
1321 2179 1613 2238 componitur
1645 2193 1699 2223 ex
1730 2179 1921 2234 duobus,
1955 2183 2151 2239 quorum
2182 2179 2243 2224 al-

273 2257 423 2291 terum
451 2258 518 2291 est
543 2261 736 2291 movens
765 2256 808 2291 et
833 2261 928 2290 non
961 2256 1155 2300 motum,
1183 2256 1227 2290 et
1251 2245 1443 2290 alterum
1467 2256 1534 2290 est
1550 2256 1745 2291 motum.
1765 2246 1855 2291 Sed
1875 2246 2044 2292 animal
2061 2257 2129 2292 est
2144 2261 2240 2292 mo-

273 2329 385 2359 vens
412 2315 632 2373 seipsum3
656 2328 849 2358 movens
874 2323 1027 2357 autem
1044 2314 1090 2356 in
1107 2314 1207 2371 ipso
1227 2322 1294 2357 est
1312 2313 1480 2367 anima,
1498 2323 1677 2356 motum
1696 2323 1850 2357 autem
1867 2327 2046 2373 corpus.
2069 2314 2240 2359 Anima

274 2381 411 2440 igitur
438 2392 506 2425 est
531 2395 723 2425 movens
751 2395 846 2425 non
872 2390 1066 2424 motum.
1089 2379 1280 2424 Nullum
1309 2389 1462 2424 autem
1491 2393 1655 2437 corpus
1682 2390 1840 2424 movet
1858 2381 1947 2425 nisi
1972 2390 2166 2436 motum,
2192 2390 2241 2427 ut

274 2463 411 2508 supra
438 2449 558 2507 (Lib.
586 2450 619 2492 I.
648 2463 686 2493 c.
719 2449 806 2506 13.)
834 2448 1076 2506 probatum
1105 2457 1185 2491 est.
1214 2447 1384 2490 Anima
1410 2447 1546 2504 igitur
1572 2461 1666 2490 non
1694 2456 1761 2491 est
1792 2461 1971 2507 corpus.

362 2517 626 2561 Praeterea:
654 2530 791 2574 supra
818 2516 876 2572 (c.
905 2513 997 2571 62.)
1027 2524 1262 2558 ostensum
1295 2523 1363 2558 est
1394 2514 1516 2572 quod
1549 2513 1802 2572 intelligere
1833 2528 1927 2559 non
1960 2515 2110 2574 potest
2139 2529 2240 2561 esse

275 2585 395 2627 actio
424 2582 614 2641 alicujus
642 2584 857 2641 corporis.
887 2582 966 2625 Est
993 2590 1147 2625 autem
1175 2591 1300 2626 actus
1328 2581 1520 2625 animae.
1550 2581 1721 2625 Anima
1747 2581 1898 2640 igitur,
1926 2581 1983 2626 ad
2005 2583 2157 2627 minus
2177 2583 2241 2628 in·

272 2650 515 2704 tellectiva,
542 2664 636 2693 non
666 2659 732 2693 est
758 2663 938 2707 corpus.

362 2718 428 2761 Ea
455 2727 607 2761 autem
642 2717 803 2776 quibus
831 2715 971 2775 aliqui
994 2715 1147 2759 conati
1179 2725 1283 2759 sunt
1314 2715 1506 2774 probare
1540 2715 1741 2759 animam
1776 2729 1873 2760 esse
1907 2729 2071 2775 corpus
2103 2715 2237 2761 facile

274 2793 339 2828 est
366 2783 557 2829 solvere.

365 2852 627 2897 Ostendunt
653 2853 776 2895 enim
800 2852 999 2894 animam
1022 2864 1120 2894 esse
1139 2864 1303 2909 corpus
1322 2864 1401 2909 per
1417 2849 1507 2893 hoc
1526 2850 1648 2909 quod
1672 2849 1789 2894 filius
1813 2849 2086 2895 assimilatur
2107 2849 2238 2910 patri,

273 2920 412 2963 etiam
439 2921 484 2962 in
512 2918 819 2962 accidentibus
846 2918 1041 2972 animae,
1069 2932 1209 2976 quum
1236 2927 1390 2961 tamen
1418 2916 1535 2960 filius
1569 2926 1808 2975 generetur
1841 2931 1867 2961 a
1898 2926 2024 2977 patre
2055 2931 2135 2976 per
2167 2917 2240 2962 de·

276 2986 498 3030 cisioncm
527 2984 839 3043 corporalem;
869 2994 913 3029 et
935 2985 1039 3043 quia
1058 2985 1210 3028 anima
1234 2984 1510 3043 compatitur
1533 2986 1737 3043 corpoTi3
1761 2993 1805 3028 et
1830 2979 1935 3044 quia
1957 2993 2190 3043 separatur
2211 2998 2238 3029 a

274 3068 489 3112 corpore;
517 3052 717 3111 separari
744 3062 896 3097 autem
925 3061 990 3096 est
1018 3065 1264 3111 corporum
1291 3066 1338 3095 se
1372 3053 1670 3110 tangentium.

366 3120 456 3165 Sed
485 3130 643 3164 contra
669 3119 759 3163 hoc
782 3121 872 3178 jam
903 3119 1072 3163 dictum
1100 3129 1167 3163 est
1192 3119 1251 3176 (c.
1280 3116 1349 3177 63.
1377 3118 1423 3162 in
1451 3117 1561 3174 fine)
1591 3117 1712 3176 quod
1740 3116 2000 3176 complexio
2033 3119 2237 3178 corporis

276 3197 344 3232 est
361 3187 616 3246 aliqualiter
635 3201 770 3231 causa
789 3187 968 3230 animae
986 3188 1251 3245 passionum
1270 3199 1348 3244 per
1375 3185 1566 3229 modum
1589 3185 1895 3244 disponentis3
1922 3187 2074 3231 anima
2099 3186 2235 3230 etiam

273 3269 368 3298 non
411 3256 686 3312 compatitur
722 3253 903 3313 corpori
935 3253 1022 3296 nisi
1054 3267 1132 3311 per
1167 3253 1391 3306 accidens,
1425 3252 1545 3310 quia,
1578 3266 1719 3310 quum
1752 3252 1809 3297 sit
1837 3250 1988 3297 forma
2018 3252 2236 3311 corporis,

274 3332 485 3366 movetur
511 3337 590 3380 per
613 3322 837 3375 accidens,
864 3331 994 3364 moto
1023 3334 1213 3378 corpore
1230 3335 1240 3374 ;
1260 3329 1501 3395 separatur·
1519 3319 1658 3364 etiam
1686 3319 1837 3365 anima
1860 3333 1884 3364 a
1911 3331 2119 3379 corpore,
2140 3332 2235 3363 non

273 3391 388 3433 sicut
413 3399 604 3447 tangens
632 3403 657 3433 a
682 3398 821 3443 tacto,
854 3388 931 3432 sed
965 3388 1081 3431 sicut
1107 3387 1254 3431 forma
1287 3401 1312 3430 a
1346 3386 1548 3440 materia,
1581 3386 1789 3445 quamvis
1820 3395 1866 3431 et
1897 3384 2235 3446 aliquistactus

273 3457 328 3501 sit
355 3456 615 3515 incorporei
643 3456 698 3500 ad
726 3470 905 3515 corpus,
933 3465 982 3499 ut
1007 3469 1141 3513 supra
1169 3456 1228 3513 (c.
1263 3452 1350 3511 56.)
1379 3464 1613 3498 ostensum
1647 3464 1727 3499 est.
2204 3472 2218 3486 ⁴-

363 3523 510 3567 Movit
535 3523 671 3567 etiam
700 3523 755 3567 ad
781 3523 901 3567 hanc
929 3522 1206 3580 positionem
1234 3520 1417 3574 multos,
1443 3521 1549 3580 quia
1575 3521 1863 3566 crediderunt
1887 3520 2008 3581 quod
2040 3533 2135 3566 non
2167 3530 2237 3567 est

274 3604 439 3649 corpus
465 3603 558 3634 non
585 3605 700 3646 esse,
728 3589 1105 3650 imaginationem
1128 3588 1446 3635 transcendere
1463 3602 1557 3634 non
1576 3587 1793 3644 valentes,
1809 3600 1931 3649 quae·
1942 3586 2095 3635 solum
2111 3586 2234 3634 circa

276 3671 468 3717 Corpora
500 3667 716 3703 versatur.

2273 3842 2290 3851 5
2280 3808 2295 3825 a·
2280 3628 2306 3796 ‚fflffimx
2298 3604 2300 3606 ι
2300 3580 2307 3583 3
