2332 3854
802 226 958 266 Lmen
996 224 1053 265 11.
1095 225 1215 265 CAP.
1255 224 1380 264 xnv.
1948 225 2048 282 177

59 359 66 376 2,
94 328 295 391 [uniente
319 336 367 373 et
388 326 702 372 honorabilius
727 340 798 372 eo.
842 327 1063 387 Oportuit
1090 327 1241 387 igitur,
1268 325 1324 371 ad
1349 326 1440 371 hoc
1466 325 1590 386 quod
1615 327 1662 370 in
1690 328 1904 373 creaturis
1937 338 2057 373 esset

94 395 294 458 perfecta
318 393 408 439 Dei
431 394 641 447 imitatio,
666 394 791 452 quod
816 394 981 438 diversi
1005 393 1172 453 gradus
1191 393 1238 438 in
1265 394 1480 439 creaturis
1504 393 1827 439 invenirentur.

46 457 54 522 'j
68 502 73 521 ;
108 479 112 481 ·
181 461 326 510 Item:
357 459 486 520 plura
509 460 632 504 bona
657 473 749 503 uno
775 459 900 504 bono
920 459 1049 505 finito
1080 470 1186 505 sunt
1209 459 1426 515 meliora3
1457 460 1628 505 habent
1653 461 1776 506 enim
1807 461 1900 506 hoc
1930 470 1975 505 et
2000 460 2057 505 ad

94 529 217 575 hauc
241 527 451 587 amplius.
479 527 647 573 Omnis
674 536 827 571 autem
853 537 1085 573 creaturae
1116 527 1296 573 bonitas
1321 528 1446 573 finita
1478 538 1566 583 est;
1601 539 1668 573 est
1693 529 1815 573 enim
1843 528 2058 574 deficiens

48 591 60 646 J,
97 594 346 641 ab‘infini'ta
363 594 454 638 Dei
477 593 694 638 bonitate.
720 592 969 638 Perfectius
995 605 1062 639 est
1086 594 1223 653 igitur
1247 595 1514 640 universum
1539 604 1865 650 creaturarum,
1892 595 1930 640 si
1952 604 2057 640 sunt

95 661 262 724 piures,
286 675 424 721 qnam
450 661 489 706 si
515 669 633 706 esset
659 673 775 704 unus
797 669 975 705 tantum
1003 663 1170 720 gradus
1196 675 1363 706 rerum.
1392 663 1589 708 Summo
1611 672 1765 708 autem
1782 663 1915 708 Bono
1934 676 2059 707 com-

46 731 52 738 ”
97 729 217 790 petit
230 727 384 773 facere
408 728 532 787 quod
555 727 721 772 melius
747 737 827 772 est.
854 728 976 787 Ergo
1004 728 1282 773 conveniens
1309 730 1350 773 ei
1376 729 1459 775 fuit
1486 740 1535 775 ut
1560 729 1711 789 plures
1741 729 1913 776 faceret
1938 742 2060 775 crea-

96 805 301 842 turarum
325 794 505 853 gradus.

39 857 43 903 ’.
186 860 376 907 Adhuc:
408 859 586 905 bonitas
603 859 771 919 speciei
787 860 965 905 excedit
984 860 1236 905 bonitatem
1261 861 1496 916 individui,
1514 863 1629 907 sicut
1654 862 1849 908 formale
1874 862 1920 907 id
1937 862 2061 922 quod

98 938 169 975 eet
189 924 438 974 materiale.
462 927 612 985 Magis
638 927 773 986 igitur
799 926 923 971 addit
949 927 1004 971 ad
1030 928 1282 972 bonitatem
1313 929 1511 973 universi
1537 930 1781 975 multitudo
1807 930 2063 989 specierum

42 990 44 992 ’
98 1008 239 1056 qnam
262 993 506 1039 multitudo
531 993 871 1038 individuorum
895 994 943 1038 in
970 1007 1060 1038 una
1082 995 1248 1053 specie.
1275 995 1355 1039 Est
1380 995 1517 1053 igitur
1540 997 1595 1040 ad
1619 996 1948 1056 perfectionem
1969 995 2066 1040 uni-

85 1061 218 1127 ·versi
241 1062 482 1121 pertinens,
507 1074 602 1104 non
627 1059 778 1104 solum
815 1061 937 1120 quod
972 1061 1117 1106 multa
1153 1061 1243 1106 sint
1279 1062 1524 1116 individua,
1551 1065 1629 1108 sed
1657 1064 1778 1123 quod
1805 1064 1894 1108 sint
1924 1063 2064 1108 etiam

39 1161 43 1173 ;
99 1128 306 1174 diversae
330 1141 484 1173 rerum
509 1127 700 1186 species,
722 1136 766 1172 et
791 1141 871 1186 per
897 1141 1184 1187 consequens
1210 1129 1376 1173 diversi
1403 1131 1567 1188 gradus
1589 1131 1636 1174 in
1659 1131 1805 1175 rebus.

33 1193 42 1252 J
146 1215 149 1218 ·
186 1195 328 1241 Item:
359 1208 499 1240 omne
524 1194 648 1254 quod
675 1196 769 1254 agit
792 1209 872 1254 per
897 1194 1196 1249 intellectum,
1223 1207 1533 1255 repraesentat
1558 1198 1759 1256 speciem
1792 1197 1862 1242 sui
1893 1195 2067 1242 intelle·

101 1272 201 1309 ctus
224 1262 272 1307 in
297 1276 346 1306 re
370 1261 514 1316 facta3
547 1262 613 1306 sic
639 1263 763 1306 enim
789 1276 930 1320 agens
951 1262 1037 1307 sibi
1058 1276 1138 1321 per
1163 1272 1308 1307 artem
1325 1263 1435 1308 facit
1452 1264 1615 1309 simile.
1643 1265 1768 1309 Deus
1789 1274 1942 1309 autem
1958 1263 2068 1309 fecit

42 1380 48 1389 ί
101 1340 358 1377 creaturam
388 1338 438 1373 ut
472 1342 612 1388 agens
651 1343 733 1388 per
766 1328 1064 1384 intellectum,
1106 1339 1150 1374 et
1186 1343 1281 1374 non
1318 1343 1398 1389 per
1432 1332 1752 1376 necessitatem
1783 1341 1986 1386 naturae,
2018 1340 2067 1376 ut

32 1394 50 1433 ὲ
100 1409 237 1456 supra
261 1397 323 1454 (c.
350 1395 443 1455 23.)
484 1406 722 1441 ostensum
748 1406 827 1440 est.
862 1396 1048 1454 Species
1074 1396 1211 1454 igitur
1236 1397 1494 1442 intellectus
1533 1398 1674 1442 divini
1706 1408 2068 1457 repraesentatur

32 1467 50 1522 j
99 1464 149 1510 in
175 1473 380 1511 creatura
405 1477 488 1522 per
517 1463 669 1522 ipsum
701 1462 834 1507 facta.
870 1462 1133 1507 Intellectus
1170 1473 1322 1507 autem
1360 1464 1504 1509 multa
1534 1465 1793 1524 intelligens
1824 1479 1919 1510 non
1951 1463 2070 1510 suffi-

103 1530 274 1576 cienter
297 1539 658 1589 repraesentatur
682 1529 730 1573 in
756 1544 848 1574 uno
874 1540 1066 1574 tantum.
1096 1530 1257 1583 Quum
1282 1531 1419 1589 igitur
1439 1531 1696 1576 intellectus
1724 1533 1904 1577 divinus
1922 1532 2067 1577 multa

44 1599 46 1603 '
102 1595 340 1656 intelligat,
366 1607 416 1641 ut
441 1598 487 1640 in
512 1597 661 1655 primo
689 1598 750 1653 (c.
770 1609 837 1652 54.
856 1606 902 1641 et
921 1598 1011 1654 55.)
1035 1597 1279 1656 probatum
1302 1608 1382 1652 est,
1400 1597 1644 1657 perfectius
1670 1599 1869 1657 seipsum
1895 1613 2071 1657 reprae-

17 1654 59 1707 ³⁷1
103 1674 267 1719 acutat,
297 1664 336 1708 si
366 1662 520 1722 plures
550 1664 870 1707 universorum
903 1663 1128 1722 graduum
1161 1673 1391 1709 creaturas
1423 1665 1660 1724 producat,
1693 1680 1831 1725 quam
1865 1667 1903 1711 si
1924 1681 2067 1710 unum

31 1731 51 1784 ’ς
102 1741 281 1778 tantum
311 1730 610 1790 produxisset.

194 1798 433 1858 Amplius:
466 1798 594 1857 operi
619 1812 645 1841 a
670 1811 853 1842 summo
879 1798 1004 1842 bono
1029 1797 1199 1842 artifice
1224 1797 1347 1843 facto
1380 1812 1475 1843 non
1507 1799 1661 1844 debuit
1698 1799 1856 1845 deesse
1888 1814 2070 1845 summa

39 1872 51 1926 Δζ
78 1875 83 1880 ’
106 1865 345 1928 perfectio..
368 1865 459 1911 Sed
484 1866 658 1910 bonum
685 1865 854 1909 ordinis
881 1865 1166 1910 diversorum
1193 1875 1261 1910 est
1285 1865 1450 1911 melius
1472 1866 1676 1926 quolibet
1691 1867 1877 1912 illorum
1895 1868 2072 1912 ordina-

41 1965 48 1968 ι
105 1944 260 1980 torum
283 1947 364 1992 per
387 1947 437 1978 se
463 1943 670 1992 sumpt03
697 1943 764 1977 est
790 1933 914 1977 enim
939 1932 1133 1977 formale
1158 1942 1367 1992 respectu
1393 1934 1692 1992 singularium
1710 1935 1827 1979 sicut
1851 1934 2069 1994 perfectio

105 2001 244 2046 totius
269 2010 477 2060 respectu
502 2000 713 2059 partium.
744 2000 852 2044 Non
877 2000 1031 2044 debuit
1071 2014 1181 2058 ergo
1214 2001 1389 2044 bonurn
1415 2001 1585 2045 ordinis
1621 2002 1749 2060 operi
1780 2003 1869 2046 Dei
1899 2002 2072 2047 deesse.

7 2074 12 2135 ἐ
43 2102 57 2110 ¹
107 2068 211 2113 Hoc
237 2078 390 2112 autem
410 2067 586 2111 bonum
608 2080 705 2112 esse
735 2081 830 2111 non
857 2077 1024 2126 posset,
1051 2068 1089 2111 si
1115 2067 1351 2112 diversitas
1377 2079 1422 2112 et
1442 2068 1741 2127 inaequalitas
1761 2079 2071 2114 creaturarum

41 2155 69 2171 -·-
106 2149 203 2181 non
226 2134 397 2180 fuisset.
430 2135 510 2179 Est
532 2135 678 2193 ,igitur
699 2135 932 2179 diversitas
957 2145 1001 2179 et
1021 2135 1320 2194 inaequalitas
1352 2136 1398 2179 in
1416 2136 1548 2180 rebus
1567 2136 1744 2190 creatis,
1770 2150 1865 2180 non
1893 2151 1918 2181 a
1946 2150 2070 2191 casu,

44 2204 69 2245 ᾖ
107 2216 203 2248 non
226 2211 411 2262 propter
434 2202 652 2246 materiae
678 2202 998 2256 diversitatem,
1026 2204 1120 2246 non
1146 2212 1332 2261 propter
1355 2203 1662 2247 interventum
1691 2202 1944 2263 aliquarum
1972 2218 2073 2248 cau-

45 2263 69 2312 ssg
106 2281 265 2317 sarum
286 2268 361 2313 vel
385 2269 670 2323 meritorum,
687 2268 767 2313 sed
785 2283 839 2313 ex
867 2269 1050 2328 propria
1079 2270 1168 2313 Dei
1194 2269 1461 2324 intentione,
1480 2269 1808 2329 perfectionem
1840 2281 2072 2315 creaturae

61 2340 69 2376 i
105 2336 217 2384 ‘dare
238 2336 450 2390 volentis,
475 2336 656 2396 qualem
684 2336 898 2395 possibile
924 2346 1022 2380 erat
1046 2350 1147 2380 eam
1175 2337 1357 2381 habere.

168 2404 321 2449 »Hinc
334 2413 403 2449 est
427 2404 550 2463 quod
571 2403 734 2448 dicitur
755 2403 896 2462 (Gen.
912 2403 946 2447 I.
970 2403 1086 2462 31.):
1129 2403 1243 2448 Vidit
1263 2405 1379 2448 Deus
1401 2410 1550 2448 cuncta
1572 2418 1675 2463 quae
1694 2406 1872 2463 fecerat,
1899 2410 1936 2450 et
1951 2411 2072 2451 erant

52 2463 85 2524 ss·
107 2470 231 2519 valde
254 2473 375 2524 bona,
407 2484 548 2530 quum
573 2471 630 2515 de
656 2471 846 2530 singulis
864 2471 1047 2515 dixisset
1063 2470 1170 2529 quod
1191 2477 1286 2515 sunt
1307 2473 1428 2524 bona,
1449 2471 1554 2530 quia
1571 2471 1750 2531 singula
1767 2472 1951 2531 quidem
1969 2481 2074 2516 sunt

108 2539 159 2585 in
179 2538 274 2584 suis
298 2538 470 2584 naturis
493 2538 630 2592 bona,
666 2537 801 2582 simul
834 2547 987 2582 autem
1018 2539 1176 2582 omnia
1207 2537 1340 2582 valde
1373 2538 1493 2582 bona
1524 2549 1708 2600 propter
1738 2539 1949 2584 ordinem
1980 2538 2074 2585 uni-

921 2601 1045 2609 *usn-m,
1059 2600 1066 2605 ι

0 2589 8 2659 J
109 2606 343 2687 Qflni
367 2615 435 2673 est
458 2605 619 2672 ultima
643 2601 992 2652 e‘fffiffih‘s‘stima
1017 2604 1236 2666 perfectio
1257 2603 1476 2650 in‘reb’us.

847 2820 1103 2877 CAPUT
1142 2821 1342 2877 XLVI.

426 2963 586 3010 QUOD
621 2962 906 3004 OPORTUIT
940 2965 1013 3002 AD
1047 2964 1471 3005 PERFECTIONEM
1509 2965 1761 3005 UNIVERSI

492 3038 618 3077 ESSE
633 3038 881 3086 ,ALIQUAS
915 3039 1164 3080 NATURAS
1197 3039 1701 3079 INTELLECTUALES.

764 3149 818 3206 (I.
834 3155 949 3208 part.
977 3155 1129 3208 quaest.
1151 3149 1229 3194 IV.
1257 3155 1336 3194 art.
1360 3149 1434 3207 L).

70 3307 87 3317 „
206 3265 305 3311 Hac
330 3265 466 3325 igitur
491 3265 731 3310 exsistente
755 3281 892 3310 causa
915 3267 1186 3312 diversitatis
1208 3268 1252 3312 in
1275 3268 1422 3322 rebus,
1438 3278 1576 3313 restat
1592 3281 1712 3312 nunc
1736 3267 1791 3312 de
1814 3268 1922 3327 ipsis
1945 3268 2078 3313 rebus

120 3330 339 3377 distinctis
365 3332 591 3391 prosequi,
617 3343 836 3391 quantum
876 3334 931 3378 ad
962 3334 1070 3379 fidei
1100 3337 1337 3379 veritatem
1370 3336 1585 3394 pertinet3
1619 3335 1742 3394 quod
1769 3345 1865 3379 erat
1894 3335 2078 3380 tertium

77 3409 100 3447 fs.
122 3399 305 3444 anobis
328 3399 681 3459 propositorum.
723 3399 779 3444 Et
809 3401 1104 3445 ostendemus
1142 3401 1291 3460 primo
1331 3402 1468 3460 quod,
1506 3416 1560 3446 ex
1595 3402 1747 3446 divina
1783 3401 2080 3461 dispositione

78 3459 106 3499 ἶ
121 3463 450 3525 perfectionem
474 3466 607 3510 rebus
622 3466 784 3511 creatis
801 3468 1052 3512 secundum
1069 3482 1202 3512 suum
1223 3467 1414 3512 modum
1436 3468 1663 3527 optimum
1681 3468 1954 3527 assignante,
1977 3482 2083 3514 con·

80 3545 100 3583 »ξ
116 3543 317 3592 asequens
339 3531 424 3578 furt
448 3533 570 3592 quod
595 3532 822 3592 quaedam
847 3544 1081 3584 creaturae
1103 3533 1433 3580 intellectuales
1459 3534 1619 3580 fierent
1644 3536 1690 3580 in
1721 3549 1906 3580 summo
1928 3549 2080 3581 rerum

74 3597 296 3661 justice
318 3600 604 3645 constitutae.

257 3699 294 3735 S.
319 3699 474 3737 Tuom
502 3702 636 3738 Summa
659 3703 770 3736 contra
796 3701 949 3737 Gentiles.
1906 3714 1943 3738 12
