2332 3854
253 210 361 280 448
933 223 1091 261 LIBER
1130 220 1208 259 111.
1253 220 1373 260 CAP.
1409 220 1517 259 ειν.

251 327 382 371 nibus
406 324 659 369 viventibus
687 334 754 369 est
777 323 927 368 forma
951 319 1270 367 substantialis.
1296 320 1461 365 Vivere
1488 320 1612 365 enim
1645 329 1712 365 est
1736 333 1835 366 esse
1861 320 2144 375 viventibus„
2155 329 2205 365 nt

250 391 560 451 Philosophus
586 392 729 435 dicit'
719 406 765 434 in
791 389 992 434 secundo
1017 389 1089 432 De
1116 387 1282 432 anima
1307 387 1593 453 Impossibile
1619 398 1686 432 est
1711 398 1863 433 autem
1891 386 2014 447 quod
2035 387 2204 450 aliquid

250 459 439 518 recipiat
465 458 661 517 aliquam
689 457 887 501 formam
913 454 1256 500 substantialem
1282 454 1338 498 de
1362 468 1503 508 novo,
1527 454 1616 499 nisi
1641 455 1819 499 amittat
1842 454 2039 499 formam
2065 468 2205 514 quam

251 527 373 585 prius
413 525 592 569 habuit:
626 523 858 582 generatio
896 522 1019 565 enim
1052 522 1185 566 unius
1222 531 1290 566 est
1325 522 1554 580 corruptio
1593 521 1788 565 alterius.
1821 522 1874 565 In
1909 519 2206 566 fabricatione

252 603 404 636 autem
430 591 618 647 alicujus
644 600 818 633 statuae
843 603 937 632 non
965 589 1172 647 adjicitur
1203 588 1355 648 aliqua
1378 587 1527 632 forma
1559 587 1878 642 substantialis,
1904 587 1983 632 sed
1998 587 2050 632 fit
2061 592 2207 632 trans-

252 659 443 703 mutatio
477 657 628 700 solum
661 656 911 699 secundum
944 655 1301 714 figuram,‘quae
1337 664 1406 699 est
1438 654 1676 699 accidens:
1714 657 1871 698 manet
1910 655 2032 698 enim
2057 651 2207 698 fo'ffina

253 725 391 783 cupri,
417 723 490 767 vel
519 723 707 779 alicujus
734 722 1010 780 hujusmodi.
1029 721 1150 765 -Non
1182 731 1250 766 est
1279 721 1416 780 igitur
1447 719 1661 780 possibile
1688 719 2101 779 quod'hujusmodi
2125 729 2208 765 sta-

251 802 354 835 tuae
381 789 624 833 sortiantur
650 788 833 846 aliquod
860 787 1134 847 principium
1158 787 1292 832 vitae.

339 856 526 899 Adhuc:
555 855 593 898 si
619 854 788 913 aliquid
810 868 889 914 per
911 854 1185 913 principium
1196 855 1319 898 vitae
1338 863 1592 907 moveatur,
1609 867 1797 898 necesse
1816 861 1884 898 est
1902 853 2027 912 quod
2043 853 2209 898 habeat

252 937 449 967 sensum.
476 922 648 965 Vivens
676 922 798 964 enim
833 931 900 964 est
925 935 1098 974 sensus,
1124 920 1199 965 vel
1230 921 1498 965 intellectus.
1532 920 1794 964 Intellectus
1827 920 2051 964 autem'in
2077 933 2209 980 gene-

251 989 463 1034 rabilibus
492 998 535 1032 et
561 987 925 1047 corruptibilibus
950 1002 1044 1032 non
1072 998 1139 1031 est
1164 988 1261 1031 sine
1288 1001 1445 1042 sensu3
1471 1001 1630 1031 sensus
1657 988 1810 1031 autem
1831 1000 1926 1031 non
1943 990 2207 1045 potestesse

253 1057 327 1100 ubi
363 1060 467 1099 non'
494 1065 561 1099 est
595 1065 764 1099 tactus:
802 1068 887 1099 nec
913 1064 1058 1098 tactus
1090 1054 1187 1097 sine
1221 1067 1395 1112 organo
1427 1054 1578 1098 medie
1609 1061 1890 1112 temperato:
1921 1052 2024 1097 talis
2056 1062 2210 1097 autem

251 1122 493 1181 temperies
518 1136 613 1165 non
638 1121 866 1165 invenitur
880 1121 926 1164 in
948 1120 1110 1179 lapide,
1130 1119 1204 1164 vel
1223 1133 1341 1174 cera,
1358 1119 1432 1163 vel
1447 1119 1635 1164 metallo
1663 1133 1716 1163 ex
1739 1132 1829 1178 quo
1849 1118 1901 1163 fit
1919 1118 2210 1164 statua.-Non

253 1199 321 1234 est
345 1190 479 1247 igitur
510 1188 725 1264 possibile
752 1188 874 1264 quod
899 1187 1165 1246 hujusmodi
1187 1197 1360 1231 statuae
1378 1197 1648 1231 moveantur
1673 1201 1754 1245 per
1778 1185 2051 1245 principium
2075 1186 2209 1230 vitae.

341 1255 577 1314 Amplius:
613 1255 811 1298 viventia
851 1253 1052 1313 perfecta
1082 1267 1176 1297 non
1209 1251 1359 1297 solum
1403 1262 1674 1311 generantur
1703 1253 1868 1297 virtute
1899 1252 2116 1307 coelesti,
2131 1253 2212 1297 sed

254 1323 389 1368 etiam
419 1336 474 1366 ex
505 1321 702 1366 semine·
729 1321 874 1364 homo
902 1321 1024 1364 enim
1057 1329 1246 1378 generat
1275 1319 1530 1374 hominem,
1564 1329 1608 1363 et
1639 1318 1723 1365 sol.
1753 1318 1887 1371 Quae
1912 1332 2024 1363 vero
2048 1318 2212 1364 virtute

254 1390 441 1434 coelesti
476 1389 574 1432 sine
610 1387 785 1432 semine
823 1397 1097 1445 generantur
1134 1395 1238 1430 sunt
1274 1385 1489 1430 animalia
1526 1391 1741 1443 generata
1773 1387 1831 1429 eir
1864 1374 2213 1445 putrefactione,

254 1471 369 1515 quae
385 1456 502 1500 inter
528 1454 617 1499 alia
637 1453 912 1514 ignobiliora
930 1463 1046 1497 sunt.
1071 1453 1146 1496 Si
1136 1453 1274 1511 igitur
1297 1454 1377 1512 per
1393 1453 1608 1496 virtutem
1626 1440 1874 1497 coelestem
1897 1451 2216 1511 solam'h'ujus-

254 1523 382 1567 modi
403 1532 577 1566 statuae
600 1522 848 1566 sortiuntur
864 1519 1136 1580 principium
1155 1520 1289 1574 vitae,
1314 1534 1394 1579 per
1420 1520 1543 1579 quod
1570 1528 1786 1577 moveant
1811 1519 2021 1577 seipsas}
2035 1525 2216 1578 oportet

254 1605 330 1634 eas
357 1603 455 1633 esse
480 1588 812 1647 ignobilissima
836 1587 955 1631 inter
980 1586 1220 1641 animalia;
1247 1586 1370 1646 quod
1395 1591 1550 1630 tamen
1570 1595 1687 1631 esset
1703 1585 1885 1640 falsum,
1899 1586 1940 1630 si
1955 1591 2036 1645 per
2052 1586 2213 1645 prinei-

234 1657 380 1717 >pium
406 1656 527 1700 vitae
545 1647 841 1699 intrinsecum
864 1664 1184 1713 operarentur:
1210 1667 1320 1699 nam
1345 1654 1392 1697 in
1411 1667 1568 1697 earum
1595 1653 1768 1697 actibus
1795 1659 2012 1712 apparent
2034 1651 2212 1698 nobiles

256 1724 545 1782 operationes
573 1736 678 1765 cum
705 1720 1010 1780 respondeant
1036 1719 1091 1764 de
1118 1719 1325 1764 occultis.
1347 1720 1455 1765 Non
1477 1730 1544 1764 est
1567 1720 1703 1778 igitur
1727 1719 1945 1779 possibile¹
1963 1719 2087 1779 quod
2110 1723 2216 1778 ope:

255 1801 423 1844 rentur,
448 1789 523 1835 vel
549 1783 819 1841 moveantur
844 1802 924 1847 per
949 1787 1222 1847 principium
1247 1787 1381 1831 vitae.
2042 1809 2044 1811 >

344 1859 481 1901 Item:
511 1855 724 1899 effectum
755 1854 1011 1898 naturalem
1042 1854 1206 1898 virtute
1234 1853 1501 1898 coelestium
1536 1867 1782 1912 corporum
1807 1852 2081 1911 productum
2106 1859 2213 1897 con-

254 1925 388 1983 tingit
403 1923 597 1967 inveniri
614 1923 782 1981 absque
802 1922 906 1965 artis
932 1923 1212 1980 operatione.
1238 1919 1335 1965 Etsi
1361 1921 1484 1965 enim
1503 1919 1656 1979 aliquo
1685 1919 1879 1964 artificio
1907 1934 1981 1964 ars
2004 1926 2216 1980 operetur

257 1992 312 2035 ad
339 1992 681 2049 generationem
707 2002 936 2041 ranarum,
961 1987 1036 2031 vel
1062 1987 1320 2046 aliquorum
1345 1987 1624 2045 hujusmodi,
1652 1987 1877 2046 contingit
1899 1995 2214 2046 tamen‘gene-

258 2059 347 2102 rari
371 2071 505 2101 ranas
532 2057 702 2115 absque
728 2055 856 2099 omni
883 2054 1087 2098 artificio.
1107 2054 1156 2098 Si
1179 2069 1289 2113 ergo
1315 2055 1479 2098 virtute
1503 2053 1771 2098 coelestium
1798 2053 2218 2113 corporum-huius-

256 2125 384 2169 modi
401 2133 576 2168 statuae
594 2137 709 2182 quae
726 2137 806 2182 per
823 2132 965 2166 artem
982 2122 1376 2165 necromanticam
1391 2120 1505 2164 fiunt
1530 2121 1774 2165 sortiantur
1788 2120 2062 2180 principium
2081 2120 2217 2177 vitae,

256 2192 339 2236 erit
363 2191 566 2234 invenire
595 2189 939 2248 generationem
969 2188 1132 2232 talium
1165 2189 1333 2247 absque
1370 2188 1635 2246 hujusmodi
1671 2197 1778 2231 arte.
1815 2187 1918 2232 Hoc
1944 2197 2098 2232 autem
2120 2200 2216 2232 non
2287 2212 2300 2221 ε

255 2260 494 2303 invenitur.
520 2255 813 2314 Manifestum
841 2264 907 2300 est
931 2255 1069 2314 igitur
1095 2255 1217 2314 quod
1243 2255 1510 2313 hujusmodi
1534 2265 1708 2299 statuae
1734 2268 1829 2299 non
1860 2254 2031 2299 habent
2054 2254 2214 2314 princi—

212 2378 219 2384 ·
254 2326 380 2385 pium
409 2324 543 2377 vitae,
568 2337 716 2382 neque
743 2332 986 2366 moventur
1012 2322 1176 2366 virtute
1204 2322 1415 2365 coelestis
1442 2321 1660 2380 corporis.

344 2392 432 2435 Per
462 2391 552 2434 hoc
586 2400 739 2434 autem
765 2388 1015 2433 excluditur
1046 2388 1213 2447 positio
1247 2388 1489 2442 HermetiS,
1511 2389 1587 2447 qui
1613 2388 1676 2432 sic
1704 2387 1827 2442 dixit,
1853 2396 1903 2432 ut
1932 2387 2216 2448 Augustinus

255 2457 390 2503 refert
413 2458 460 2501 in
486 2467 650 2501 octavo
673 2456 745 2500 De
773 2455 892 2499 civit.
919 2455 1008 2499 Dei
1034 2455 1094 2512 (c.
1123 2455 1237 2513 23.):
1267 2470 1290 2495 «
1317 2451 1443 2498 Deus
1465 2455 1582 2498 sicut
1603 2453 1791 2498 effector
1811 2463 1880 2499 est
1904 2454 2097 2499 deorum
2114 2456 2218 2499 coe·

255 2525 451 2578 lestium,
477 2525 539 2568 ita
564 2523 709 2567 homo
732 2522 864 2566 fictor
890 2531 957 2566 est
982 2522 1175 2565 deorum
1192 2531 1272 2580 qut
1291 2521 1339 2564 in
1364 2520 1546 2580 templis
1573 2530 1676 2565 sunt
1699 2521 1902 2565 humana
1922 2521 2214 2579 proximitate

257 2591 482 2646 contenti3
510 2600 678 2635 statuas
702 2588 804 2633 dico
833 2589 1054 2632 animatas
1081 2602 1215 2632 sensu
1239 2598 1284 2632 et
1314 2588 1470 2646 spiritu
1498 2588 1670 2647 plenas,
1692 2598 1907 2647 tantaque
1932 2587 2150 2632 facientes
2170 2597 2215 2632 et
2285 2609 2316 2638 r

256 2658 584 2712 talia,'statuas
619 2656 873 2700 futurorum
909 2656 1136 2714 praescias
1172 2669 1337 2713 easque
1375 2655 1429 2698 de
1463 2655 1654 2699 somniis
1691 2665 1736 2699 et
1767 2654 1921 2699 multis
1947 2654 2045 2699 aliis
2079 2654 2212 2698 rebus

257 2725 580 2784 praedicentes,
605 2722 937 2767 imbecillitates
969 2722 1232 2766 hominibus
1262 2721 1495 2776 facientes,
1521 2735 1691 2781 eosque
1719 2731 1942 2776 curantes,
1973 2721 2216 2772 tristitiam,

258 2792 568 2850 laetitiamque
594 2791 751 2834 dantes
778 2804 860 2864 pro
884 2790 1058 2833 meritis
1087 2806 1125 2833 22.

348 2859 474 2902 Haec
492 2868 644 2902 autem
660 2857 825 2916 positio
837 2856 1104 2900 auctoritate
1123 2855 1274 2899 divina
1287 2855 1539 2900 destruitur.
1554 2856 1733 2900 Dicitur
1751 2855 1874 2899 enirn
1894 2854 2032 2912 (Psal.
2050 2840 2217 2900 CXIII.

259 2938 299 2980 4.
328 2934 371 2968 et
399 2925 484 2982 5.:)
510 2924 747 2969 Simulacra
776 2925 971 2981 gentium,
1000 2929 1214 2979 argentum
1246 2929 1283 2967 et
1314 2936 1482 2976 aurum,
1512 2930 1635 2981 opera
1662 2937 1864 2967 manuum
1895 2922 2140 2967 bominum:
2175 2935 2218 2966 os
2287 2913 2294 2919 Ὗ
2319 2912 2322 2917 ²

258 2993 404 3036 habent
421 2999 456 3036 et
472 3007 554 3035 non
571 2993 800 3050 loquentum
821 3000 864 3033 et
881 2988 1156 3048 (CXXXIV.
1186 2989 1272 3047 17.)
1287 3006 1296 3034 :
1315 2991 1461 3047 Neque
1479 2991 1587 3034 enim
1609 2995 1663 3033 est
1681 2990 1852 3049 spiritus
1868 2987 2000 3047 inbre
2015 2989 2216 3048 ipsorum.

347 3059 455 3102 Non
481 3059 655 3102 videtur
681 3068 833 3101 autem
861 3057 1052 3100 omnino
1080 3056 1343 3114 negandum
1370 3057 1476 3114 quin
1503 3057 1550 3100 in
1578 3055 1818 3114 praedictis
1843 3070 1898 3100 ex
1921 3054 2087 3100 virtute
2113 3069 2218 3100 coe·

259 3123 441 3168 lestium
475 3139 721 3184 corporum
749 3122 917 3182 aliquid
949 3123 1124 3167 virtutis
1157 3136 1255 3166 esse
1287 3124 1446 3181 possit,
1475 3124 1529 3166 ad
1556 3122 1660 3167 illos
1692 3133 1848 3167 tamen
1881 3122 2007 3167 solos
2032 3120 2248 3167 effectus·

262 3205 376 3250 quos
401 3192 564 3236 virtute
592 3190 860 3236 coelestium
874 3204 1119 3248 corporum
1137 3188 1288 3248 aliqua
1304 3189 1518 3234 inferiora
1537 3203 1729 3248 corpora
1745 3188 1997 3249 producere
2012 3191 2225 3250 possunt..
