2332 3854
212 178 318 235 312
891 176 1046 218 men
1085 176 1163 217 111.
1204 175 1324 217 cai».
1366 174 1499 215 xxn.

210 279 481 325 mutandum
520 293 617 325 non
651 278 856 335 tendens,
889 293 1086 338 quorum
1123 278 1273 338 primo
1305 277 1575 324 differunt‘a
1605 279 1820 338 passione
1850 286 1896 322 et
1926 286 2071 331 motu,
2101 289 2152 322 se

212 347 362 392 cundo
397 361 507 392 vero
536 347 589 391 ab
618 347 796 391 actione
817 345 1164 390 transmutativa
1193 345 1428 390 exterioris
1459 345 1701 399 materiae;
1725 343 1992 404 hujusmodi
2018 352 2171 388 autem

212 415 416 473 operatio
443 424 511 458 est
535 414 649 458 sicut
672 412 936 471 intelligere,
963 412 1128 456 sentire
1152 421 1197 457 et
1217 411 1348 456 velle.
1372 412 1507 457 Unde
1539 411 1832 456 manifestum
1864 420 1932 455 est
1962 409 2086 469 quod
2118 421 2172 453 ea

211 496 328 541 quae
361 491 601 526 moventur
626 479 699 523 vel
732 488 977 537 operantur
1008 488 1202 533 tantum,
1228 479 1325 524 sine
1355 479 1446 523 hoc
1481 479 1605 538 quod
1637 487 1857 523 moveant
1886 476 1960 522 vel
1990 475 2170 529 faciant,

211 549 403 593 tendunt
427 549 472 591 in
499 548 698 591 divinam
727 544 1073 590 similitudinem
1099 556 1320 604 quantum
1347 546 1403 591 ad
1428 546 1519 590 hoc
1551 546 1674 605 quod
1707 546 1794 589 sint
1820 546 1867 589 in
1891 543 2049 602 seipsis
2079 555 2172 601 per-

212 616 356 668 fecta3
383 629 496 674 quae
524 623 678 657 autem
703 611 875 657 faciunt
902 621 945 656 et
971 622 1174 666 movent,
1200 613 1247 656 in
1271 623 1489 672 quantum
1515 612 1796 672 hujusmodi,
1821 610 2010 656 tendunt
2034 609 2083 653 in
2105 606 2172 653 di-

213 683 368 727 vinam
387 680 729 725 similitudinem
747 679 792 722 in
810 678 902 722 hoc
921 679 1043 737 quod
1062 679 1150 723 sint
1168 678 1363 724 aliorum
1383 694 1570 735 causae3
1589 694 1704 739 quae
1720 693 1830 724 vero
1848 693 1927 738 per
1941 677 2034 722 hoc
2051 674 2173 736 quod

215 758 458 794 moventur
484 756 685 799 movent,
711 745 903 789 tendunt
927 746 975 789 in
998 745 1198 790 divinam
1226 746 1570 791 similitudinem
1593 755 1813 806 quantum
1835 745 1892 790 ad
1917 754 2172 802 utrumque.

306 815 515 873 Corpora
542 822 694 856 autem
719 811 948 866 inferiora,
974 813 1227 857 secundum
1249 813 1369 872 quod
1397 813 1860 858 moventurmotibus
1885 808 2177 856 naturalibus,

218 882 561 927 considerantur
587 889 636 923 ut
660 889 788 923 mota
819 888 1011 933 tantum,
1044 893 1138 924 non
1171 889 1324 924 autem
1355 891 1405 925 ut
1436 881 1684 934 moventia,
1715 879 1804 924 nisi
1833 893 1913 938 per
1944 876 2177 929 accidens;

220 948 387 993 accidit
414 949 538 991 enim
569 946 708 1005 lapidi
741 946 870 1004 quod„
895 945 1174 992 descendens
1202 943 1393 1006 'aliquod
1425 947 1616 992 obvians
1647 946 1876 1006 impellat3
1903 956 1948 991 et
1972 943 2179 990 similiter

219 1026 286 1061 est
321 1016 368 1058 in
401 1014 669 1058 alteratione
707 1022 751 1056 et
787 1012 886 1056 aliis
923 1013 1133 1058 motibus.
1163 1013 1297 1058 Unde
1323 1013 1424 1058 finis
1457 1025 1610 1059 motus
1644 1028 1804 1059 eorum
1840 1022 1909 1058 est
1941 1022 1992 1056 ut
2025 1023 2182 1055 conse·

219 1093 412 1142 quantur
429 1082 630 1125 divinam
653 1080 998 1124 similitudinem
1021 1090 1242 1139 quantum
1269 1082 1325 1125 ad
1342 1082 1432 1126 hoc
1451 1081 1574 1140 quod
1599 1083 1688 1126 sint
1712 1082 1759 1125 in
1785 1080 1944 1139 seipsis
1968 1076 2180 1138 perfecta,

218 1159 374 1209 utpote
400 1147 614 1192 habentia
640 1147 871 1206 propriam
899 1146 1097 1190 formam
1124 1157 1168 1191 et
1193 1148 1429 1206 proprium
1456 1150 1541 1193 ubi.

310 1217 520 1274 Corpora
544 1228 655 1258 vero
689 1212 907 1258 coelestia
938 1223 1129 1258 movent
1160 1224 1301 1258 mota.
1329 1215 1464 1260 Unde
1489 1215 1591 1260 finis
1624 1225 1776 1259 motus
1804 1226 1964 1258 eorum
1986 1220 2057 1256 est
2077 1222 2180 1255 con·

220 1283 348 1342 sequi
379 1282 582 1326 divinam
614 1279 959 1325 similitudinem
995 1290 1216 1340 quantum
1249 1281 1306 1326 ad
1338 1292 1594 1341 utrumque.
1641 1282 1879 1334 Quantum
1911 1278 2097 1339 quidem
2129 1275 2185 1321 ad

220 1350 451 1411 propriam
475 1347 820 1408 perfectionem,
847 1347 894 1391 in
921 1358 1141 1406 quantum
1160 1362 1325 1407 corpus
1349 1348 1548 1394 coeleste
1576 1350 1632 1393 sit
1656 1349 1703 1393 in
1726 1347 1879 1407 aliquo
1905 1347 1978 1391 ubi
1997 1345 2046 1390 in
2067 1350 2185 1397 actu,

221 1419 268 1462 in
295 1431 386 1476 quo
413 1418 536 1475 prius
564 1424 660 1460 erat
675 1415 722 1458 in
740 1414 956 1473 potentia.
978 1415 1078 1459 Nec
1100 1425 1284 1474 propter
1304 1416 1395 1460 hoc
1414 1416 1564 1460 minus
1582 1430 1711 1460 suam
1734 1414 2062 1474 perfectionem
2083 1425 2190 1456 con-

223 1484 439 1543 sequitur,
474 1482 681 1542 quamvis
706 1482 761 1526 ad
787 1482 874 1537 ubi,
891 1481 937 1525 in
965 1496 1056 1541 quo
1082 1483 1204 1541 prius
1231 1493 1326 1528 erat
1352 1493 1470 1538 actu,
1487 1493 1721 1527 remaneat
1740 1483 1787 1526 in
1813 1479 2039 1542 potentia:
2065 1478 2189 1524 simi*-

226 1552 329 1595 liter
351 1551 475 1594 enim
493 1560 537 1594 et
553 1549 742 1594 materia
762 1549 908 1608 prima
924 1549 970 1592 in
989 1563 1120 1593 suam
1145 1549 1474 1609 perfectionem
1490 1550 1633 1594 tendit
1647 1564 1726 1609 per
1740 1549 1832 1593 hoc
1850 1547 1973 1608 quod
1999 1544 2191 1606 acquirit

227 1620 274 1662 in
301 1628 403 1662 actu
435 1616 634 1661 formam
653 1630 792 1675 quam
808 1616 930 1675 prius
952 1616 1148 1661 habebat
1164 1617 1211 1660 in
1233 1618 1450 1675 potentia,
1476 1617 1584 1662 licet
1598 1612 1642 1661 et
1659 1617 1797 1661 aliam
1821 1616 1990 1660 habere
2017 1613 2192 1659 desinat

229 1700 367 1744 quam
390 1685 512 1744 prius
531 1692 633 1727 actu
654 1683 872 1738 habebat3
900 1683 964 1727 sic
986 1684 1109 1727 enim
1135 1685 1390 1728 successive
1409 1687 1598 1729 materia
1624 1698 1788 1728 omnes
1806 1682 1979 1728 formas
2004 1678 2191 1739 suscipit

233 1753 288 1796 ad
311 1766 423 1811 quas
449 1760 517 1795 est
547 1751 593 1794 in
619 1750 836 1810 potentia,
859 1760 907 1794 ut
931 1760 1027 1794 tota
1055 1752 1149 1809 ejus
1172 1751 1375 1810 potentia
1399 1751 1640 1796 reducatur
1663 1752 1711 1795 in
1734 1760 1887 1795 actum
1912 1747 2190 1806 successive3
2221 1760 2225 1762 ’

228 1820 352 1879 quod
378 1818 515 1863 simul
531 1817 629 1862 fieri
653 1832 747 1861 non
773 1827 963 1875 poterat.
983 1818 1116 1862 Unde
1139 1833 1311 1877 quuum
1335 1833 1498 1877 corpus
1522 1818 1720 1863 coeleste
1741 1818 1798 1862 sit
1818 1816 2022 1876 potentia
2042 1814 2101 1859 ad
2119 1815 2192 1859 ubi

229 1888 346 1931 sicut
366 1885 555 1930 materia
573 1885 720 1943 prima
739 1884 794 1928 ad
811 1884 1025 1938 formam,
1048 1885 1377 1943 perfectionem
1399 1901 1529 1930 suam
1553 1887 1844 1944 consequitur
1860 1897 1939 1944 per
1955 1883 2047 1928 hoc
2069 1880 2192 1942 quod

231 1955 327 2012 ejus
353 1953 556 2012 potentia
581 1961 678 1996 tota
706 1951 761 1995 ad
786 1953 858 1995 ubi
884 1951 1113 1996 reducitur
1137 1953 1183 1995 in
1211 1963 1364 1997 actum
1382 1953 1662 2007 successive;
1689 1951 1812 2011 quod
1835 1949 1972 1996 simul
1997 1962 2095 1993 non
2116 1961 2195 2010 P.0'

229 2030 344 2065 terat
369 2020 478 2063 fieri.
505 2020 560 2064 In
587 2028 809 2078 quantum
840 2033 951 2062 vero
985 2018 1217 2063 movendo
1251 2030 1453 2074 movent,
1486 2030 1553 2064 est
1583 2019 1685 2064 finis
1718 2028 1870 2063 motus
1902 2030 2066 2062 eorum
2090 2029 2196 2060 con-

229 2087 357 2146 sequi
389 2086 590 2130 divinam
623 2084 967 2129 similitudinem
993 2085 1039 2129 in
1071 2086 1163 2130 hoc
1191 2087 1313 2145 quod
1346 2086 1434 2130 sint
1466 2101 1629 2131 causae
1657 2086 1865 2130 aliorum.
1893 2084 2016 2129 Sunt*
2041 2091 2196 2127 autem

231 2154 427 2204 aliorum
446 2166 610 2197 causae
631 2166 710 2210 per
731 2152 822 2196 hoc
841 2152 963 2211 quod
982 2163 1169 2197 causant
1192 2154 1537 2212 generationem
1566 2164 1609 2198 et
1634 2153 1990 2212 corruptionem,
2011 2160 2057 2196 et
2081 2148 2196 2194 alios

231 2231 383 2266 motus
409 2221 456 2264 in
488 2220 584 2265 istis
614 2219 915 2264 inferioribus.
948 2220 1101 2264 Motus
1133 2221 1271 2280 igitur
1302 2235 1549 2281 corporum
1581 2221 1864 2274 coelestium,
1896 2219 1944 2264 in
1976 2227 2196 2278 quantum

230 2297 433 2343 movent,
461 2288 726 2332 ordinantur
748 2286 804 2331 ad
832 2288 1177 2346 generationem
1206 2298 1249 2333 et
1275 2289 1631 2348 corruptionem,
1658 2303 1774 2348 quae
1801 2298 1869 2332 est
1894 2287 1942 2331 in
1965 2286 2063 2331 istis
2089 2283 2199 2329 infe-

231 2357 439 2401 rioribus.
466 2355 574 2399 Non
607 2364 675 2399 est
701 2363 855 2398 autem
885 2354 1215 2400 inconveniens
1252 2356 1374 2414 quod
1412 2370 1605 2414 corpora
1640 2354 1857 2399 coelestia
1887 2361 2107 2398 moveant
2141 2350 2197 2395 ad

234 2423 580 2483 generationem
605 2422 774 2465 horum
806 2420 1087 2476 inferiorum,
1115 2423 1323 2481 quamvis
1349 2423 1465 2468 haec
1486 2423 1699 2467 inferiora
1723 2435 1917 2481 corpora
1938 2420 2029 2465 sint
2052 2416 2198 2464 coele-

236 2491 376 2536 stibus
392 2489 656 2548 corporibus
674 2488 946 2565 indigniora,
960 2503 1100 2548 quum
1113 2500 1268 2534 tamen
1281 2489 1419 2534 finem
1437 2499 1646 2548 oporteat
1658 2503 1755 2533 esse
1767 2488 1995 2547 potiorem
2008 2499 2064 2532 eo
2077 2483 2199 2545 quod

236 2567 304 2602 est
337 2557 392 2601 ad
417 2556 581 2610 finem3
615 2569 836 2614 generans
870 2555 993 2599 enirn
1028 2556 1121 2614 agit
1153 2556 1208 2600 ad
1235 2556 1432 2601 formam
1466 2556 1683 2616 generati,
1715 2570 1856 2633 quum
1887 2565 2044 2599 tamen
2068 2566 2201 2612 gene-

234 2635 385 2669 ratum
409 2637 505 2667 non
530 2623 587 2667 sit
613 2622 792 2681 dignius
820 2633 1080 2698 generante,
1103 2623 1182 2668 sed
1214 2624 1261 2667 in
1289 2625 1526 2683 agentibus
1553 2623 1760 2668 univocis
1786 2623 1843 2667 sit
1867 2621 2073 2681 ejusdem
2105 2632 2203 2679 spe-

238 2692 324 2736 ciei
348 2705 454 2735 cum
470 2690 586 2749 ipso.
612 2689 810 2734 Intendit
827 2689 950 2733 enim
970 2704 1190 2748 generans
1208 2690 1406 2735 formam
1429 2691 1645 2749 generati,
1669 2703 1784 2750 quae
1806 2699 1874 2734 est
1895 2685 2201 2766 generationis

237 2759 355 2814 finis,
387 2771 481 2802 non
513 2756 641 2816 quasi
673 2756 886 2800 ultimum
918 2756 1072 2811 finem,
1105 2758 1183 2801 sed
1217 2758 1560 2802 similitudinem
1593 2772 1690 2803 esse
1723 2756 1865 2801 divini
1893 2756 1942 2800 in
1971 2763 2203 2815 perpetua-

237 2827 363 2872 tione
386 2824 554 2884 speciei
586 2834 630 2868 et
655 2825 701 2868 in
728 2822 969 2868 diffusione
995 2825 1209 2869 bonitatis
1237 2840 1367 2880 suae,
1392 2840 1472 2885 per
1496 2826 1588 2870 hoc
1615 2825 1738 2885 quod
1765 2823 1867 2870 aliis
1884 2823 2087 2868 fortnam‘
2108 2834 2203 2882 spe·

241 2893 326 2938 ciei
351 2906 460 2937 suae
482 2891 631 2945 tradit,
659 2900 703 2935 et
729 2885 925 2935 aliorum
951 2891 1001 2935 fit
1027 2906 1176 2936 causa.
1208 2892 1426 2937 Similiter
1449 2902 1601 2937 autem
1629 2905 1822 2951 corpora
1846 2884 2075 2944 coelestia,
2097 2888 2204 2934 licet

241 2961 330 3006 sint
366 2959 575 3017 digniora
606 2957 893 3003 inferioribus
933 2959 1214 3018 corporibus,
1249 2974 1344 3004 non
1379 2969 1535 3004 tamen
1576 2959 1815 3004 intendunt
1861 2957 2204 3018 generationem

242 3041 403 3072 eor-um
430 3035 474 3070 et
495 3025 667 3070 formas
695 3035 1018 3084 generatorum
1046 3028 1091 3070 in
1115 3037 1266 3071 actum
1296 3027 1488 3071 educere
1515 3041 1594 3086 per
1620 3040 1727 3071 suos
1754 3035 1922 3080 motus,
1949 3025 2077 3085 quasi
2102 3021 2204 3067 ulti—

242 3108 371 3138 mum
397 3092 558 3146 finem;
592 3092 670 3137 sed
703 3106 782 3151 per
812 3092 902 3136 hoc
930 3092 987 3136 ad
1018 3093 1219 3138 divinam
1251 3092 1597 3138 similitudinem
1622 3093 1864 3138 tendentes
1879 3092 2010 3152 quasi
2030 3090 2087 3138 ad
2109 3089 2206 3135 ulti-

242 3162 407 3206 timum
433 3160 586 3214 finem,
620 3160 666 3203 in
693 3160 782 3204 hoc
811 3160 933 3218 quod
962 3174 1125 3204 causae
1150 3160 1344 3205 aliorum
1368 3161 1595 3205 exsistant.

336 3228 735 3274 Considerandum
761 3238 917 3273 tamen
939 3228 1061 3287 quod
1094 3230 1467 3287 unumquodque,
1494 3229 1539 3272 in
1567 3238 1789 3288 quantum
1817 3226 2059 3287 participat
2086 3223 2208 3271 simi-

245 3295 485 3340 litudinem
507 3295 688 3340 divinae
705 3296 934 3349 bonitatis,
961 3310 1076 3354 quae
1097 3306 1164 3340 est
1181 3296 1415 3354 objectum
1438 3295 1685 3340 voluntatis
1711 3297 1823 3353 ejus,
1847 3294 1895 3340 in
1919 3303 2099 3340 tantum
2112 3305 2209 3352 par-

245 3363 403 3422 ticipat
428 3362 484 3406 de
512 3362 807 3407 similitudine
840 3362 1019 3406 divinae
1045 3362 1305 3416 voluntatis,
1332 3376 1410 3421 per
1437 3376 1575 3421 quam
1601 3376 1672 3407 res
1704 3361 2016 3421 producamur
2034 3360 2082 3405 in
2107 3371 2207 3404 esse

248 3440 293 3475 et
319 3439 658 3474 conservantur.
682 3430 928 3489 Superiora
956 3439 1110 3474 autem
1127 3429 1304 3474 divinae
1330 3430 1544 3474 bonitatis
1570 3428 1917 3474 similitudinem
1941 3426 2210 3488 participant

247 3496 497 3555 simplicius
524 3506 568 3541 et
594 3496 907 3550 universalius,
934 3495 1148 3541 inferiora
1168 3510 1277 3540 vero
1305 3495 1620 3556 particularius
1643 3506 1688 3541 et
1704 3496 1852 3556 magis
1871 3494 2074 3549 divisim3
2089 3491 2209 3537 unde

249 3574 294 3609 et
324 3563 441 3607 inter
473 3577 668 3624 corpora
701 3563 918 3610 coelestia
950 3574 996 3610 et
1026 3562 1241 3610 inferiora
1272 3576 1367 3609 non
1401 3563 1646 3609 attenditur
1675 3562 1930 3608 similitudo
1956 3560 2210 3608 seeundum
