2332 3854
824 263 977 304 Ltm-:R
1018 263 1088 303 1v.
1132 262 1252 302 CAP.
1295 261 1410 301 XIII.
1983 258 2082 314 571

137 377 246 412 nam
278 364 438 410 eadem
470 364 673 424 potentia
705 373 772 409 est
804 365 950 410 Patris
982 374 1028 410 et
1059 363 1173 418 Filii,
1206 364 1324 408 sicut
1355 372 1400 407 et
1425 361 1587 407 eadem
1606 360 1829 405 divinitas.
1855 361 1926 415 Et,
1951 375 2092 419 quum

137 432 372 491 generatio
398 431 444 476 in
471 430 634 476 divinis
657 430 717 475 sit
741 430 1037 490 intelligibilis
1063 431 1188 476 verbi
1214 429 1471 489 conceptio,
1498 427 1751 474 secundum
1774 426 1950 472 scilicet
1971 427 2093 486 quod

135 497 264 542 Deus
293 497 506 557 intelligit
529 497 743 557 seipsum,
776 508 957 556 oportet
988 499 1110 558 quod
1144 497 1347 558 potentia
1378 496 1435 540 ad
1467 494 1780 556 generandum
1815 494 1862 538 in
1901 494 2004 538 Deo
2037 493 2095 538 sit

136 563 253 625 sicut
281 564 484 623 potentia
517 565 572 608 ad
604 564 950 623 intelligendum
987 565 1201 623 seipsum.
1236 564 1305 617 Et,
1348 577 1488 622 quum
1528 561 1783 620 intelligere
1822 562 2022 619 seipsum
2047 559 2094 604 in

134 630 240 681 Deo
270 631 329 675 sit
359 645 500 677 unum
528 642 574 675 et
603 630 810 690 simplex,
843 641 1023 689 oportet
1055 641 1099 675 et
1130 632 1380 689 potentiam
1412 628 1696 688 intelligendi
1726 628 1941 687 seipsum,
1978 640 2094 685 quae

133 711 228 743 non
254 708 323 742 est
352 697 474 741 aliud
507 712 646 756 quam
672 712 778 741 suus
805 707 946 752 actus,
973 712 1070 742 esse
1093 712 1231 741 unam
1258 708 1448 741 tantum.
1476 696 1542 740 Ex
1565 696 1726 740 eadem
1754 709 1864 754 ergo
1892 693 2095 753 potentia

135 775 205 822 est
235 775 281 810 et
311 765 433 824 quod
465 763 668 809 Verbum
710 765 991 823 concipiatur
1024 775 1069 808 et
1101 764 1222 823 quod
1255 764 1410 808 dicens
1452 763 1656 807 Verbum
1689 762 1939 821 concipiat;
1975 760 2094 804 unde

134 845 190 887 ex
215 831 376 876 eadem
409 831 610 890 potentia
637 842 704 881 est
729 832 851 889 quod
878 831 1013 875 Pater
1035 842 1220 890 generet
1245 841 1291 875 et
1311 830 1434 889 quod
1457 831 1596 874 filius
1618 839 1872 889 generetur.
1905 826 2094 871 Nullam

134 911 244 957 ergo
270 898 524 957 potentiam
549 897 688 942 habet
717 897 853 941 Pater
883 912 1021 956 quarn
1053 912 1145 941 non
1180 898 1346 942 habeat
1378 897 1546 951 Filius3
1573 897 1652 941 sed
1693 896 1828 940 Pater
1868 894 2006 939 habet
2037 893 2093 938 ad

132 978 350 1025 generare
382 965 694 1023 generativam
725 965 992 1022 potentiam,
1025 964 1165 1008 Filius
1207 974 1359 1008 autern
1393 964 1447 1006 ad
1483 963 1719 1022 generari;
1753 976 1869 1021 quae
1896 959 1997 1005 sola
2029 974 2095 1005 re-

64 1038 69 1046 “
131 1030 303 1080 latione
337 1030 516 1075 differre
543 1045 596 1076 ex
623 1031 752 1075 dictis
784 1041 919 1090 patet.

214 1099 320 1152 Sed,
348 1099 453 1157 quia
486 1098 735 1157 Apostolus
769 1099 935 1142 Filium
967 1099 1055 1142 Dei
1082 1099 1192 1143 dicit
1222 1099 1413 1142 verbum
1445 1098 1629 1152 habere,
1663 1111 1718 1142 ex
1756 1110 1847 1156 quo
1873 1096 2002 1155 sequi
2032 1095 2094 1140 vi-

131 1165 262 1211 detur
288 1166 412 1224 quod
436 1165 538 1209 Filii
568 1167 624 1210 sit
644 1165 761 1209 filius
784 1176 828 1210 et
850 1166 988 1209 Verbi
1010 1166 1215 1219 verbum,
1243 1166 1625 1210 considerandum
1650 1175 1720 1209 est
1737 1163 1931 1223 qualiter
1952 1162 2092 1207 verba

131 1231 347 1292 Apostoli
371 1231 461 1276 hoc
488 1232 678 1276 dicentis
703 1234 792 1276 sint
815 1232 1126 1291 intelligenda.
1159 1233 1284 1276 Dicit
1309 1233 1432 1277 enim
1465 1232 1623 1290 (Hebr.
1652 1232 1685 1275 Ι.
1705 1230 1788 1287 2.):
1822 1231 1983 1275 Diebus
2007 1231 2094 1274 istis

132 1298 290 1345 locutus
320 1305 375 1344 est
404 1300 522 1344 nobis
553 1301 598 1343 in
630 1300 759 1354 Filio,
798 1310 840 1344 et
876 1309 1057 1358 postea:
1093 1300 1197 1357 Qui,
1237 1314 1364 1358 quum
1396 1301 1447 1344 sit
1477 1298 1666 1358 splendor
1699 1298 1859 1356 gloriae
1889 1303 1927 1342 et
1947 1297 2093 1356 figura

130 1367 382 1413 substantiae
413 1369 514 1425 ejus,
542 1373 722 1426 portans
753 1368 896 1411 omnia
927 1367 1056 1411 verbo
1089 1368 1257 1411 virtutis
1288 1382 1400 1420 suae,
1430 1376 1515 1411 etc.
1549 1365 1824 1425 Hujusmodi
1851 1373 2004 1408 autem
2031 1364 2095 1407 in·

131 1431 366 1478 tellectum
397 1446 578 1478 sumere
605 1443 787 1492 oportet
817 1447 872 1478 ex
897 1433 968 1477 his
988 1447 1103 1492 quae
1119 1434 1212 1491 iam
1240 1433 1358 1477 dicta
1380 1442 1497 1477 sunt.
1515 1433 1704 1476 Dictum
1731 1441 1799 1476 est
1824 1432 1947 1476 enim
1970 1430 2094 1489 quod

129 1500 372 1559 conceptio
398 1499 659 1559 sapientiae,
688 1514 804 1559 quae
828 1509 896 1544 est
922 1499 1142 1554 Verbum,
1168 1500 1417 1558 sapientiae
1444 1500 1530 1544 sibi
1563 1499 1763 1544 vindicat
1792 1512 1980 1543 nomen.
2015 1496 2095 1543 Ul·

130 1565 269 1611 terius
295 1576 449 1611 autem
480 1566 828 1626 procedentibus
855 1577 1041 1626 apparet
1071 1567 1194 1625 quod
1227 1567 1365 1610 etiam
1398 1567 1591 1610 exterior
1617 1564 1805 1610 effectus
1853 1579 1877 1609 e
1931 1578 2095 1610 conce-

134 1633 291 1692 ptione
322 1632 570 1692 sapientiae
601 1634 874 1692 proveniens
900 1634 1117 1692 sapientia
1146 1633 1235 1677 dici
1257 1643 1419 1691 potest,
1452 1647 1532 1692 per
1557 1633 1748 1677 modum
1781 1646 1874 1692 quo
1907 1631 2094 1676 effectus

130 1712 302 1752 nomen
335 1713 498 1744 causae
530 1699 616 1743 sibi
646 1700 862 1756 assumit;
895 1701 1058 1744 dicitur
1090 1701 1211 1744 enirn
1238 1700 1460 1759 sapientia
1483 1699 1674 1758 alicujus
1703 1713 1801 1744 esse
1823 1713 1918 1743 non
1931 1692 2093 1743 'solum

131 1766 178 1812 id
208 1766 331 1827 quod
362 1767 589 1826 sapienter
614 1767 856 1826 excogitat,
883 1767 962 1811 sed
989 1768 1127 1811 etiam
1154 1767 1202 1826 id
1227 1768 1348 1825 quod
1375 1769 1600 1825 sapienter
1625 1766 1758 1820 facit;
1785 1781 1840 1811 ex
1863 1781 1953 1825 quo
1982 1780 2083 1810 con-

97 1868 101 1872 *
132 1833 267 1892 tingit
278 1843 327 1878 ut
338 1833 476 1878 etiam
490 1833 731 1892 explicatio
746 1835 922 1878 divinae
940 1834 1187 1892 sapientiae
1205 1848 1284 1893 per
1300 1848 1414 1892 opus
1434 1836 1477 1878 in
1491 1834 1623 1878 rebus
1647 1835 1807 1877 creatis
1820 1833 1908 1877 Dei
1922 1833 2092 1892 sapien-

126 1901 190 1945 tia
205 1900 395 1959 dicatur,
410 1900 662 1957 secundum
685 1900 794 1944 illud
814 1900 973 1958 (Eccli.
992 1901 1026 1944 Ι.
1051 1901 1116 1960 9.)
1136 1917 1144 1945 :
1164 1902 1252 1960 Ipse
1273 1903 1433 1945 creavit
1455 1901 1588 1955 illam,
1608 1900 1783 1944 scilicet
1803 1900 2090 1959 sapientiam,

126 1969 174 2014 in
204 1968 368 2027 Spiritu
400 1967 580 2020 Sancto;
615 1978 659 2012 et
690 1978 849 2026 postea
880 1968 1008 2012 dicit:
1035 1969 1090 2012 Et
1111 1968 1251 2026 effudit
1271 1968 1390 2012 illam
1420 1975 1543 2027 super
1574 1970 1717 2011 omnia
1744 1975 1868 2026 opera
1891 1981 1979 2012 sua.
2009 1967 2086 2010 Sic

129 2034 269 2094 igitur
299 2044 345 2078 et
367 2034 414 2077 id
445 2034 568 2094 quod
601 2048 656 2078 ex
686 2033 840 2079 Verbo
874 2033 1065 2078 efficitur
1090 2035 1216 2078 verbi
1247 2048 1419 2078 nomen
1452 2035 1651 2093 accepit3
1678 2048 1786 2077 nam
1815 2044 1859 2078 et
1883 2036 1928 2078 in
1955 2034 2087 2078 nbiso

127 2101 362 2179 expressio
378 2101 604 2146 interioris
629 2102 753 2145 verbi
781 2116 860 2159 per
886 2116 1052 2145 vocem
1079 2102 1243 2145 dicitur
1267 2103 1472 2154 verbum,
1499 2102 1627 2161 quasi
1654 2102 1711 2145 sit
1735 2102 1924 2145 verbum
1946 2101 2086 2155 verbi,

127 2170 232 2227 quia
258 2179 328 2213 est
351 2168 577 2212 interioris
602 2169 730 2212 verbi
756 2169 1050 2213 ostensivum.
1090 2168 1166 2212 Sic
1199 2169 1336 2227 igitur
1368 2183 1461 2212 non
1488 2168 1639 2212 solum
1668 2169 1808 2212 divini
1833 2168 2089 2213 intellectus

129 2234 373 2295 conceptio
406 2235 568 2280 dicitur
593 2234 812 2288 Verbum,
839 2236 960 2294 quod
988 2245 1055 2279 est
1080 2234 1232 2289 Filius,
1269 2236 1349 2280 sed
1377 2236 1513 2280 etiam
1542 2236 1783 2294 explicatio
1811 2236 1951 2280 divini
1984 2250 2093 2293 con-

129 2311 285 2362 ceptus
317 2315 397 2361 per
423 2315 562 2360 opera
588 2302 812 2346 exteriora
840 2303 1028 2345 verbum
1051 2303 1189 2346 Verbi
1215 2303 1491 2347 nominatur.
1520 2303 1574 2346 Et
1602 2303 1665 2346 sic
1694 2313 1874 2360 oportet
1900 2290 2093 2361 intelligi

126 2367 250 2427 quod
267 2367 406 2425 Filius
429 2378 580 2427 portet
595 2368 751 2412 omnia
768 2369 907 2412 verbo
930 2369 1104 2413 virtutis
1121 2383 1243 2424 suae,
1262 2369 1379 2413 sicut
1400 2380 1444 2414 et
1461 2370 1506 2413 id
1524 2370 1645 2428 quod
1666 2370 1760 2426 (Ps.
1782 2370 2012 2414 CXLVII.
2030 2370 2093 2426 8.)

126 2434 317 2495 legitur:
343 2435 473 2494 Ignis,
493 2435 672 2494 grando,
699 2437 791 2490 nix,
808 2436 972 2494 glacies,
994 2437 1165 2495 spiritus
1178 2437 1465 2494 procellarum
1487 2451 1591 2495 quae
1607 2437 1779 2495 faciunt
1799 2438 1974 2481 verbum
1991 2439 2093 2495 eju5,

126 2501 234 2561 quia
263 2501 439 2546 scilicet
474 2516 553 2561 per
579 2502 767 2547 virtutes
798 2512 1108 2547 creaturarum
1142 2502 1426 2562 explicantur
1457 2503 1637 2547 divinae
1675 2503 1994 2562 conceptionis
2021 2502 2095 2547 ef·-

126 2567 272 2614 fectus
303 2568 352 2612 in
384 2569 531 2613 rebus.

219 2635 380 2695 Quum
410 2648 521 2679 vero
553 2635 695 2690 Deus,
720 2635 1018 2695 intelligendo
1050 2636 1266 2696 seipsum,
1300 2637 1457 2681 omnia
1481 2637 1569 2684 alia
1590 2636 1829 2695 intelligat,
1853 2647 1901 2682 ut
1921 2637 2094 2681 dictum

127 2711 210 2756 est,
227 2711 406 2761 oportet
422 2701 545 2760 quod
570 2701 774 2746 Verbum
799 2702 846 2746 in
871 2703 975 2747 Deo
1003 2714 1294 2761 conceptum,
1322 2717 1375 2747 ex
1403 2718 1458 2748 eo
1487 2704 1610 2762 quod
1638 2705 1839 2762 seipsum
1863 2703 2093 2762 intelligit,

127 2769 186 2814 sit
211 2769 350 2813 etiam
376 2769 565 2813 verbum
592 2782 732 2812 unum
766 2777 811 2814 et
849 2769 972 2813 idem
1009 2771 1218 2814 omnium
1246 2784 1412 2814 rerum.
1439 2771 1547 2814 Non
1573 2781 1728 2815 tamen
1755 2771 1918 2815 eodem
1952 2771 2093 2815 modo

128 2846 199 2881 est
226 2833 432 2880 Verbum
463 2835 553 2880 Dei
584 2844 628 2879 et
653 2835 843 2880 aliarum
871 2850 1049 2891 rerum3
1081 2850 1191 2880 nam
1226 2837 1316 2880 Dei
1347 2837 1531 2895 quidem
1559 2836 1762 2881 Verbum
1790 2847 1858 2882 est
1883 2837 2001 2882 sicut
2038 2838 2092 2882 ab

46 2907 53 2915 ’
129 2915 186 2947 eo
210 2903 478 2962 procedens,
512 2901 706 2946 aliarum
733 2911 886 2947 autem
911 2917 1064 2948 rerum
1090 2917 1184 2947 non
1211 2903 1327 2947 sicut
1354 2918 1409 2947 ex
1435 2904 1499 2948 eis
1526 2904 1807 2962 procedens;
1841 2918 1935 2948 non
1969 2904 2093 2948 enirn

129 2968 256 3014 Deus
289 2982 316 3013 a
346 2969 478 3013 rebus
511 2968 749 3013 scientiam
782 2969 934 3024 sumit,
966 2970 1046 3014 sed
1078 2971 1225 3028 magis
1251 2984 1331 3028 per
1362 2984 1491 3015 suam
1525 2970 1763 3015 scientiam
1802 2985 1873 3015 res
1904 2971 1949 3015 in
1993 2984 2092 3016 esse

125 3035 348 3095 producit,
375 3045 424 3079 ut
448 3050 583 3094 supra
616 3046 850 3080 ostensum
883 3045 961 3080 est.
998 3036 1195 3095 Oportet
1217 3037 1353 3095 igitur
1379 3037 1502 3096 quod
1529 3038 1736 3082 Verbum
1763 3038 1853 3083 Dei
1879 3039 2092 3083 omnium

128 3115 244 3161 quae
275 3101 395 3147 facta
419 3112 523 3146 sunt
555 3102 669 3146 ratio
704 3101 904 3160 perfecta
936 3103 1133 3147 exsistat.
1170 3103 1383 3155 Qualiter
1416 3115 1568 3148 autem
1602 3105 1890 3164 singulorum
1912 3106 2093 3165 propria

31 3186 53 3222 τῇ
127 3169 243 3214 ratio
275 3182 373 3213 esse
399 3169 556 3228 possit,
589 3183 644 3213 ex
670 3169 741 3213 his
774 3184 888 3228 quae
919 3170 966 3214 in
998 3171 1146 3229 primo
1180 3170 1295 3214 libro
1330 3180 1521 3216 tractata
1554 3182 1658 3216 sunt
1685 3171 1980 3216 manifestum
2012 3182 2095 3227 est,

48 3239 52 3243 ’
127 3236 205 3281 ubi
236 3245 472 3280 ostensum
505 3246 572 3280 est
605 3236 724 3295 quod
759 3236 884 3280 Deus
917 3238 1123 3282 omniurn
1159 3238 1390 3296 propriam
1433 3239 1747 3297 cognitionem
1780 3238 1931 3285 habet.
1966 3239 2091 3292 Qui-

129 3316 327 3361 cumque
359 3313 511 3348 autem
546 3303 654 3347 facit
685 3302 854 3361 aliquid
887 3317 965 3362 per
991 3303 1290 3357 intellectum,
1324 3315 1537 3364 operatur
1568 3319 1648 3365 per
1679 3306 1906 3351 rationem
1938 3321 2091 3351 rerum

27 3364 52 3433 ”
127 3367 349 3413 factarum
383 3383 519 3428 quam
563 3370 680 3428 apud
713 3383 761 3413 se
794 3369 954 3425 habet3
989 3371 1152 3415 domus
1186 3371 1325 3425 enim,
1367 3385 1483 3430 quae
1528 3382 1596 3417 est
1632 3373 1677 3415 in
1712 3374 1915 3427 materia,
1956 3373 2006 3418 fit
2029 3373 2095 3438 ‚ab

130 3434 421 3480 aedificatore
446 3450 526 3494 per
547 3436 714 3480 domus
736 3437 960 3494 rationem
986 3453 1125 3497 quam
1148 3439 1316 3482 habet
1306 3454 1351 3483 in
1376 3450 1542 3484 mente.
1568 3440 1821 3486 Ostensum
1850 3450 1918 3485 est
1940 3451 2092 3486 autem

40 3492 60 3558 ἶ,
129 3514 267 3561 supra
298 3502 421 3561 quod
453 3502 579 3547 Deus
613 3517 682 3547 res
713 3503 759 3546 in
793 3517 892 3549 esse
923 3506 1147 3563 producit,
1183 3519 1278 3549 non
1310 3507 1506 3550 naturali
1536 3507 1820 3560 necessitate,
1853 3507 1931 3552 sed
1963 3508 2094 3567 quasi

130 3580 210 3626 per
239 3567 524 3624 intellectum
557 3579 603 3613 et
631 3569 916 3616 voluntatem
949 3585 1104 3631 agens.
1138 3572 1264 3616 Fecit
1288 3572 1425 3631 igitur
1455 3573 1582 3618 Deus
1604 3575 1761 3618 omnia
1787 3588 1867 3633 per
1887 3573 2093 3619 Verbum

131 3644 280 3691 suum,
299 3635 424 3694 quod
441 3646 509 3681 est
523 3636 640 3682 ratio
656 3651 809 3683 rerum
826 3636 1048 3692 factarum
1065 3638 1119 3683 ab
1137 3638 1253 3698 ipso.
1272 3639 1390 3686 Hinc
1409 3650 1478 3686 est
1494 3641 1617 3700 quod
1634 3641 1817 3687 dicitur:
1840 3641 1999 3687 Omnia
2013 3649 2093 3701 per
