2332 3854
255 228 362 283 292
575 267 580 272 ,
949 225 1108 265 LIBER
1145 225 1223 264 111.
1266 226 1502 265 cAP.,1v.

250 329 543 391 prehenditur
569 338 618 374 ut
642 329 757 373 finis,
783 329 832 373 Si
858 342 967 387 ergo
995 328 1284 387 perveniatur
1310 329 1366 374 ad
1394 328 1563 389 aliquid
1581 330 1703 389 quod
1719 344 1814 377 non
1840 331 1981 378 habet
2006 333 2208 391 speciem

252 398 599 457 apprehensam,
627 396 711 440 erit
742 405 919 455 praeter
950 395 1279 450 intentionem3
1313 395 1429 441 sicut
1461 396 1500 440 si
1536 395 1698 456 aliquis
1732 397 1936 442 intendat
1967 392 2211 464 ‘30dessss

252 465 345 509 mel
371 475 415 508 et
441 463 654 507 comedat
679 463 752 517 fel,
787 463 974 506 credens
1007 461 1118 505 illud
1151 476 1249 507 esse
1282 462 1394 518 mel,
1431 463 1523 511 hoc
1561 463 1645 523 erit
1679 474 1856 522 praeter
1892 461 2208 523 intentionenr.

254 533 343 586 Sed
371 546 508 576 omne
533 546 670 589 agens
689 545 767 588 per
785 529 1065 572 intellectum
1083 529 1275 573 intendit
1293 528 1462 588 aliquid
1484 530 1735 574 secundum
1762 530 1885 589 quod
1913 532 2078 590 accipit
2098 515 2209 576 illud

251 600 331 643 sub
359 600 533 642 ratione
560 597 682 650 boni,
710 598 825 639 sicut
851 610 903 638 ex
930 595 1236 654 superioribus
1263 597 1323 653 (c.
1355 597 1414 654 3.)
1442 606 1587 655 patet;
1616 597 1653 640 si
1676 611 1786 655 ergo
1808 597 1920 640 illu'd
1938 612 2032 642 non
2054 599 2112 643 sit
2133 599 2212 644 bo-

250 680 376 719 num,
403 665 479 708 sed
507 663 695 715 malurn,
722 663 811 705 hoc
840 662 924 704 erit
949 671 1126 719 praeter
1142 662 1459 707 intentionem.
1483 664 1641 722 Agens
1665 664 1801 722 igitur
1818 677 1898 722 per
1923 664 2208 711 intellectum

250 747 343 775 non
371 741 581 789 operatur
608 728 781 771 malum
808 728 895 771 nisi
923 739 1100 785 praeter
1126 728 1441 773 intentionem.
2151 753 2154 755 >

341 798 499 849 Quum
525 797 660 854 igitur
686 795 870 838 tendere
898 795 954 838 ad
979 795 1153 838 bonum
1179 795 1237 839 sit
1269 809 1516 840 commune
1554 797 1707 855 agenti
1737 811 1818 855 per
1848 796 2133 842 intellectum
2163 807 2210 843 et

249 879 328 924 per
368 874 591 915 naturam,
626 861 801 905 malum
845 875 940 904 non
982 862 1274 920 consequitur
1305 876 1358 906 ex
1389 863 1641 907 intentione
1680 864 1867 922 alicujus
1899 860 2088 924 agentis,
2118 865 2210 910 nisi

246 941 423 990 praeter
458 929 773 972 intentionem.
802 928 920 973 Hinc
948 937 1013 972 est
1040 928 1163 987 quod
1188 929 1438 988 Dionysius
1466 930 1574 973 dicit
1610 929 1711 989 (IV.
1739 945 1835 990 cap.
1863 931 1934 975 De
1961 931 2098 977 divin.
2126 946 2207 977 no-

249 996 395 1053 min.),
422 996 543 1055 quod
582 1011 605 1036 ‹<
632 994 807 1038 malum
840 1005 907 1038 est
933 1005 1112 1054 praeter
1133 995 1436 1040 intentionem
1463 1005 1508 1040 et
1531 996 1817 1042 voluntatem
1850 1014 1892 1041 ».

1053 1190 1308 1248 CAPUT
1348 1193 1419 1247 V.

545 1335 817 1375 RATIONES
852 1335 1078 1375 CONTRA
1109 1334 1549 1374 DETERMINATAM
1574 1335 1910 1375 VERITATEM.
1944 1367 1946 1369 >

336 1461 451 1504 Sunt
476 1469 630 1504 autem
656 1459 880 1519 quaedam
908 1474 1023 1518 quae
1049 1459 1156 1503 huic
1190 1460 1438 1503 sententiae
1466 1458 1693 1503 adversari
1717 1459 1939 1505 videntur.
2032 1507 2034 1509 f

336 1527 478 1580 Quod
505 1527 627 1571 enim
651 1527 816 1570 accidit
837 1536 1014 1585 praeter
1038 1527 1341 1570 intentionem
1376 1526 1550 1584 agentis
1577 1525 1740 1570 dicitur
1771 1540 1870 1571 esse
1895 1524 2206 1588 fortuitumyet

247 1594 442 1647 casuale,
470 1604 514 1638 et
533 1594 581 1636 in
607 1594 896 1653 paucioribus
923 1593 1148 1637 accidens.
1166 1593 1342 1637 Malum
1360 1603 1514 1637 autem
1540 1593 1638 1637 fieri
1662 1607 1758 1637 non
1783 1593 1946 1638 dicitur
1968 1588 2206 1643 fortuitum

246 1672 289 1706 et
313 1661 509 1715 casuale,
541 1675 689 1720 neque
722 1672 771 1704 ut
801 1661 846 1704 in
880 1661 1167 1719 paucioribus
1202 1661 1428 1714 accidens,
1462 1661 1540 1704 sed
1572 1655 1766 1719 semper,
1798 1660 1872 1704 vel
1901 1660 1949 1705 in
1980 1658 2206 1722 pluribusj

244 1729 291 1771 in
316 1727 596 1773 naturalibus
629 1729 752 1771 enim
787 1741 966 1786 semper
992 1727 1277 1786 generationi
1313 1728 1543 1786 corruptio
1581 1727 1860 1786 adjungitur;
1890 1728 1938 1773 in
1970 1723 2206 1787 agentibus

245 1797 385 1840 etiam
411 1809 490 1853 per
507 1793 791 1838 voluntatem
818 1795 864 1838 in
890 1794 1092 1853 pluribus
1118 1803 1358 1853 peccatum
1386 1794 1563 1848 accidit,
1587 1809 1728 1852 quum
1754 1793 1936 1840 difficile
1963 1795 2021 1839 sit
2044 1789 2204 1841 secun-⁴
2226 1819 2233 1822 -

245 1862 353 1905 dum
379 1862 593 1905 virtutem
627 1875 777 1919 agere,
814 1863 930 1905 sicut
962 1862 1183 1917 attingere
1216 1871 1423 1904 centrum
1448 1861 1495 1904 in
1522 1861 1708 1916 circulo,
1726 1871 1776 1906 ut
1799 1861 1909 1907 dicit
1932 1858 2205 1921 Aristoteles

243 1929 290 1971 in
317 1928 519 1972 secundo
546 1927 692 1971 Ethic.
721 1929 778 1981 (c.
797 1926 875 1987 9.).
901 1927 1010 1971 Non
1036 1928 1172 1985 igitur
1197 1927 1375 1971 videtur
1401 1927 1577 1970 malum
1605 1941 1706 1971 esse
1732 1928 2004 1987 proveniens
2029 1918 2206 1989 praeter

241 1996 557 2040 intentionem.

330 2063 472 2106 Item:
500 2061 769 2105 Aristoteles
794 2060 843 2105 in
875 2061 1008 2104 tertio
1041 2060 1187 2105 Ethic.
1216 2061 1277 2119 (c.
1303 2060 1368 2117 4.)
1403 2075 1613 2119 expresse
1650 2061 1756 2105 dicit
1784 2054 1907 2120 quod
1938 2058 2113 2121 malitia
2137 2071 2207 2112 est

241 2129 566 2182 voluntarium,
593 2138 638 2172 et
662 2128 823 2186 probat
849 2142 928 2186 per
959 2127 1049 2171 hoc
1078 2127 1202 2186 quod
1230 2127 1390 2186 aliquis
1418 2138 1632 2186 operatur
1662 2123 2207 2186 injusta'voluntarie.11r.

242 2195 509 2240 rationabile
533 2204 687 2239 autem
713 2204 780 2238 est
801 2204 1069 2253 operantem
1095 2193 1349 2239 voluntarie
1375 2194 1540 2252 injusta
1573 2209 1666 2238 non
1698 2194 1817 2240 velle
1848 2195 2066 2254 injustum
2091 2191 2205 2251 esse,

242 2273 287 2307 et
310 2261 565 2306 voluntarie
598 2271 879 2320 stuprantem
913 2275 1008 2304 non
1048 2260 1166 2304 velle
1212 2261 1576 2305 incontinentem
1609 2276 1732 2316 esse3
1770 2271 1814 2306 et
1845 2275 1925 2320 per
1947 2261 2040 2306 hoc
2066 2260 2206 2313 etiam

241 2329 526 2388 legislatores
567 2329 759 2387 puniunt
799 2327 947 2371 malos
990 2328 1119 2386 quasi
1157 2327 1412 2371 voluntarie
1455 2338 1692 2386 operantes
1726 2327 1862 2373 mala.
1894 2327 2004 2373 Non
2027 2326 2222 2381 videtur·
2296 2322 2302 2331 ⁹

240 2397 378 2456 igitur
410 2395 583 2439 malum
606 2406 784 2455 praeter
808 2394 1093 2439 voluntatem
1119 2394 1192 2438 vel
1217 2395 1519 2438 intentionem
1541 2409 1654 2439 esse.

328 2463 599 2508 Praeterea:
633 2463 781 2506 omnis
808 2472 961 2506 motus
986 2461 1202 2505 naturalis
1228 2461 1366 2505 habet
1390 2461 1529 2506 finem
1555 2463 1780 2506 intentum
1822 2476 1848 2506 a
1882 2471 2058 2508 natura-
2085 2461 2204 2509 Cor-

238 2532 388 2591 ruptio
417 2541 568 2575 autem
606 2539 671 2574 est
697 2530 888 2574 mutatio
916 2529 1149 2583 naturalis,
1176 2529 1292 2573 sicut
1328 2538 1373 2573 et
1404 2529 1651 2586 generatio.
1678 2529 1801 2573 Finis
1826 2529 1963 2588 igitur
1989 2529 2099 2586 ejuS,
2125 2529 2204 2589 qui

241 2608 308 2643 est
328 2598 720 2657 privatio,habens
747 2598 972 2641 rationem
990 2596 1114 2650 mali,
1132 2605 1200 2640 est
1224 2595 1423 2640 intentus
1451 2610 1477 2639 a
1502 2606 1678 2650 natura,
1694 2596 1810 2641 sicut
1828 2596 1967 2642 etiam
1991 2595 2142 2641 forma
2158 2605 2204 2641 et

238 2667 429 2721 bonum,
454 2679 570 2725 quae
597 2674 701 2709 sunt
722 2664 1029 2723 generationis
1051 2663 1165 2707 finis.

1021 2861 1278 2919 CAPUT
1318 2862 1416 2917 VI.

711 3006 955 3044 SOLUTIO
989 3004 1282 3044 RATIONUM
1312 3004 1742 3044 PRAEMISSARUM.

328 3131 392 3175 Ut
418 3141 571 3175 autem
592 3130 845 3190 positarum
872 3129 1102 3173 rationum
1128 3127 1296 3173 solutio
1324 3127 1607 3172 manifestior
1623 3128 1714 3186 fiat,
1733 3128 2203 3179 considerandumlest

238 3199 360 3258 quod
386 3198 562 3243 malum
588 3197 866 3242 considerari
891 3205 1054 3255 potest,
1072 3195 1146 3240 vel
1170 3196 1218 3239 in
1234 3196 1483 3240 substantia
1502 3196 1668 3255 aliqua,
1679 3194 1754 3240 vel
1778 3197 1824 3241 in
1851 3196 2029 3261 actione
2047 3195 2202 3257 ipsius
2274 3180 2293 3249 J
2312 3190 2329 3254 j⁵⁴

327 3265 503 3309 Malum
526 3265 710 3324 quidem
737 3264 784 3308 in
810 3263 1058 3308 substantia
1086 3262 1235 3321 aliqua
1254 3272 1320 3306 est
1338 3277 1391 3307 ex
1414 3276 1469 3306 eo
1493 3262 1618 3321 quod⁴
1641 3262 1797 3308 deficit
1820 3262 1863 3308 ei
1888 3262 2060 3323 aliquid
2077 3255 2203 3331 q'uod

236 3343 395 3377 natum
423 3342 505 3386 est,
531 3341 576 3377 et
601 3332 734 3376 debet
764 3331 952 3385 habere3
980 3330 1014 3374 si
1043 3330 1165 3373 enim
1197 3329 1342 3373 homo
1375 3343 1469 3373 non
1500 3329 1639 3374 habet
1670 3329 1780 3386 alaS,
1811 3342 1908 3377 non
1932 3339 2000 3375 est
2031 3330 2074 3376 ei
2107 3343 2207 3390 rna-¹

236 3399 349 3454 lum,
376 3400 481 3458 quia
506 3414 601 3443 non
628 3408 695 3443 est
715 3409 845 3443 natus
870 3411 946 3442 eas
963 3397 1152 3450 habere3
1179 3396 1216 3439 si
1242 3397 1380 3440 etiam
1406 3396 1552 3440 horno
1571 3395 1762 3455 capillos
1778 3394 1923 3442 flavos
1939 3410 2035 3443 non
2048 3394 2205 3454 habet,
2277 3380 2332 3448 5³3³

236 3481 331 3510 non
358 3476 425 3511 est
450 3466 640 3520 malum,
663 3466 782 3525 quia,
816 3465 899 3510 etsi
939 3474 1071 3508 natus
1112 3473 1180 3508 est
1218 3463 1402 3526 habere,
1435 3477 1529 3507 non
1555 3473 1711 3508 tamen
1743 3473 1811 3509 est
1840 3465 1883 3511 ei
1918 3460 2125 3516 debitum,
2150 3467 2207 3514 ut}
2274 3474 2278 3520 ζ
2305 3476 2309 3481 ‘

236 3533 509 3587 habeantur;
536 3543 605 3578 est
630 3543 784 3578 tamen
812 3531 986 3577 malum
1019 3531 1055 3575 si
1080 3544 1175 3575 non
1201 3530 1367 3574 habeat
1392 3544 1570 3584 manus,
1597 3544 1708 3590 quas
1733 3539 1867 3583 natus
1888 3525 2042 3596 ‚estfiet
2065 3526 2200 3575 debet

236 3600 418 3656 habere,
444 3601 482 3645 si
507 3602 564 3645 sit
588 3599 839 3661 perfectus;
867 3598 989 3659 quod
1015 3607 1172 3643 tamen
1196 3611 1292 3642 non
1318 3606 1386 3642 est
1411 3596 1587 3642 malurn
1617 3597 1704 3643 avi.
1734 3596 1902 3663 Omnis
1927 3595 2193 3665 {utemffprip
2296 3635 2306 3662 ¹:
