2332 3854
804 209 958 249 unm
997 209 1053 248 11.
1095 208 1215 248 cu.
1254 206 1404 245 xxm.
1983 203 2078 258 153

856 399 1111 457 CAPUT
1151 397 1365 456 XXXI.

282 535 441 583 QUOD
473 535 592 619 NON
618 535 719 574 EST
742 535 1119 575 NECESSARIUM
1145 531 1463 575 CREATURAS
1497 530 1703 570 SEMPER
1730 528 1932 568 FUISSE.

220 644 287 690 Ex
302 616 560 705 praemissis
579 654 731 689 autern
747 653 885 688 restat
901 644 1140 689 ostendere
1158 644 1280 703 quod
1302 657 1396 687 non
1414 650 1482 687 est
1496 638 1806 686 necessarium
1823 650 1894 682 res
1912 644 2087 681 creatas

81 702 189 759 ὢ
206 721 392 757 aeterno
409 711 559 756 fuisse.
578 711 629 756 Si
645 711 768 756 enim
793 711 1131 756 universitatem
1162 721 1284 756 creat
1278 723 1484 763 uratum,
1500 707 1574 752 vel
1590 717 1929 766 quamcumque
1946 715 2087 747 unam

73 799 98 827 ι
134 783 387 825 creaturam
419 792 605 823 necesse
631 787 699 822 est
731 791 843 831 esse,
871 788 1052 836 oportet
1082 777 1204 837 quod
1235 778 1552 822 necessitatem
1583 775 1718 820 istam
1749 772 1917 818 habeat
1941 785 1997 816 ex
2022 783 2087 823 se,

70 838 208 891 ”vel
229 860 286 891 ex
310 845 414 890 alio.
441 845 506 889 Ex
530 859 579 890 se
611 844 796 904 quidem
823 859 926 889 earn
953 845 1120 888 habere
1137 858 1231 888 non
1249 853 1423 903 potest;
1450 852 1686 888 ostensum
1712 850 1780 886 est
1801 839 1925 884 enim
1950 850 2085 896 supra

63 913 82 960 ’ζ’
132 913 195 973 (c.
227 925 273 971 15
282 912 330 971 .),
356 911 478 972 quod
506 926 643 956 omne
671 925 750 956 ens
777 921 957 971 oportet
984 925 1081 956 esse
1109 925 1134 955 a
1160 911 1309 970 primo
1344 919 1469 954 ente:
1498 909 1620 968 quod
1648 917 1802 952 autem
1825 919 1920 950 non
1950 903 2089 950 habet

66 976 87 1007 ·”
133 992 232 1025 esse
259 993 284 1023 a
309 993 372 1033 se,
397 977 678 1038 impossibile
706 988 772 1023 est
794 978 916 1037 quod
942 978 1263 1022 necessitatem
1291 977 1468 1022 essendi
1495 991 1518 1019 a
1546 990 1594 1020 se
1619 974 1807 1029 habeat3
1834 972 1940 1032 quia
1965 970 2088 1031 quod

51 1042 69 1074 ’-
130 1059 319 1091 necesse
344 1055 412 1091 est
437 1059 550 1100 esse,
576 1044 857 1104 impossibile
884 1055 953 1090 est
976 1059 1070 1089 non
1098 1059 1217 1099 esse;
1245 1054 1289 1088 et
1314 1044 1378 1088 sic
1406 1043 1527 1102 quod
1560 1043 1614 1086 de
1642 1056 1689 1086 se
1714 1041 1854 1084 habet
1878 1038 2001 1098 quod
2031 1037 2091 1082 sit

129 1126 319 1158 necesse
346 1126 460 1166 esse,
487 1112 541 1156 de
569 1126 618 1157 se
643 1112 795 1166 habet,
822 1112 944 1171 quod
969 1126 1064 1157 non
1090 1111 1234 1171 possit
1259 1125 1358 1156 esse
1382 1125 1478 1155 non
1504 1123 1599 1163 ens,
1626 1118 1670 1153 et
1694 1122 1774 1167 per
1800 1118 2087 1165 consequens

76 1195 81 1201 ’·
132 1179 255 1241 quod
280 1193 374 1224 non
400 1179 457 1224 sit
480 1193 574 1223 non
598 1193 693 1233 ens,
716 1189 761 1224 et
781 1179 842 1223 ita
865 1178 987 1238 quod
1009 1179 1066 1223 sit
1092 1193 1186 1224 ens.
1213 1178 1264 1223 Si
1290 1188 1443 1222 autem
1458 1177 1574 1221 haec
1591 1174 1838 1220 necessitas
1857 1182 2089 1218 creaturae

58 1244 80 1274 ³⁹
132 1257 202 1292 est
225 1246 279 1291 ab
305 1246 413 1301 alio,
438 1255 621 1304 oportet
646 1245 769 1305 quod
795 1246 852 1290 sit
879 1246 933 1289 ab
962 1245 1114 1305 aliqua
1146 1259 1284 1290 causa
1309 1259 1426 1304 quae
1452 1244 1510 1288 sit
1535 1243 1802 1296 extrinseca,
1835 1241 1941 1301 quia
1967 1239 2092 1300 quid·

51 1344 59 1349 „
132 1313 239 1375 quid
265 1313 512 1373 accipiatur
535 1313 832 1358 intrinsecum
860 1324 1108 1366 creaturae,
1134 1313 1273 1357 habet
1298 1326 1397 1357 esse
1425 1311 1478 1356 ab
1507 1310 1612 1355 alio.

222 1379 376 1425 Causa
403 1390 555 1425 autern
583 1380 835 1425 extrinseca
862 1390 929 1424 est
956 1379 1030 1425 vel
1056 1379 1271 1434 efficiens,
1296 1379 1368 1423 vel
1395 1378 1510 1423 finis.
1537 1378 1604 1422 Ex
1631 1376 1855 1422 efficiente
1886 1388 1998 1421 vero
2025 1388 2090 1420 se-

73 1432 89 1475 ⁴?
133 1447 283 1509 quitur
312 1447 436 1506 quod
467 1445 683 1492 effectum
713 1461 903 1492 necesse
933 1447 991 1491 sit
1022 1461 1121 1492 esse
1154 1461 1233 1506 per
1263 1446 1371 1500 hoc,
1397 1445 1521 1505 quod
1548 1453 1762 1503 agentem
1798 1456 1988 1489 necesse
2025 1449 2091 1486 est

84 1510 88 1515 ⁸
114 1528 290 1593 agere:
315 1528 396 1573 per
422 1514 653 1558 actionem
691 1514 814 1558 enim
852 1515 1027 1573 agentis
1063 1513 1252 1558 effectus
1286 1527 1312 1557 a
1348 1526 1483 1558 causa
1510 1511 1733 1556 efficiente
1767 1510 2006 1570 dependet
2041 1508 2091 1553 Si

72 1595 82 1627 ἡ
133 1581 269 1642 igitur
286 1590 499 1640 agentem
516 1595 610 1625 non
627 1594 813 1625 necesse
830 1580 887 1625 sit
914 1595 1049 1639 agere
1076 1580 1132 1624 ad
1158 1580 1511 1639 productionem
1538 1577 1739 1632 effectus,
1765 1591 1850 1622 nec
1879 1576 2092 1621 effectum

58 1662 86 1706 J,
133 1661 321 1693 necesse
343 1657 411 1692 est
435 1661 534 1692 esse
561 1646 780 1692 absolute.
803 1647 928 1692 Deus
956 1657 1109 1692 autem
1126 1661 1221 1692 non
1249 1647 1342 1706 agit
1367 1660 1420 1690 ex
1438 1646 1589 1705 aliqua
1605 1645 1877 1689 necessitate
1896 1643 1951 1687 ad
1970 1656 2095 1687 crea-

60 1742 79 1758 f
132 1724 337 1760 turarum
363 1714 727 1774 productionem,
754 1724 803 1758 ut
827 1729 963 1774 supra
988 1715 1049 1773 (c.
1076 1713 1169 1773 23.)
1211 1724 1448 1758 ostensum
1475 1718 1563 1767 est;
1589 1726 1683 1756 non
1711 1721 1778 1775 est
1802 1710 1940 1769 igitur
1966 1709 2093 1754 abso-

133 1780 229 1827 lute
253 1794 440 1826 necesse
467 1790 722 1825 creaturam
740 1795 852 1836 esse,
869 1781 1140 1826 necessitate
1166 1780 1392 1840 pendente
1418 1794 1444 1823 a
1462 1792 1600 1823 causa
1618 1777 1856 1822 efficiente.
1876 1776 2096 1821 Similiter

60 1862 85 1893 :5
134 1862 220 1893 nec
251 1847 523 1893 necessitate
549 1848 774 1907 pendente
807 1862 832 1891 a
866 1862 1003 1892 causa
1034 1846 1181 1892 finali:
1206 1861 1259 1892 ea
1282 1847 1405 1891 enim
1432 1861 1519 1906 que
1551 1855 1656 1891 sunt
1681 1845 1736 1889 ad
1763 1845 1917 1900 finem,
1942 1857 2097 1888 neces-

58 1907 73 1944 ’Ῠ
135 1914 314 1960 sitatem
334 1928 360 1959 a
385 1913 474 1959 fine
499 1928 595 1959 non
615 1914 852 1974 recipiunt,
877 1915 966 1959 nisi
990 1915 1243 1960 secundum
1270 1913 1391 1973 quod
1418 1913 1519 1958 finis
1546 1913 1642 1958 sine
1665 1912 1730 1957 eis
1745 1911 1820 1957 vel
1834 1926 1930 1956 non
1946 1920 2097 1971 potest

137 1994 251 2036 esse,
277 1981 395 2026 sicut
418 1981 704 2026 conservatio
730 1981 849 2026 vitae
875 1982 972 2027 sine
999 1982 1118 2036 cibo,
1143 1980 1217 2025 vel
1248 1995 1343 2025 non
1374 1981 1437 2024 ita
1463 1981 1578 2024 bene
1604 1993 1719 2034 esse,
1742 1979 1859 2024 sicut
1882 1979 1966 2023 iter
1998 1978 2094 2022 sine

8 2058 13 2077 ⁷
62 2043 83 2107 ’ζ
137 2061 270 2108 equo.
302 2046 426 2092 Finis
458 2058 611 2092 autem
644 2048 822 2094 divinae
847 2047 1109 2103 voluntatis,
1137 2062 1190 2093 ex
1223 2062 1313 2107 qua
1343 2062 1414 2092 res
1439 2047 1487 2092 in
1514 2061 1611 2091 esse
1644 2055 1976 2104 processerunt,
2001 2058 2095 2089 non

8 2125 10 2129 ·
65 2142 68 2147 -
118 2121 122 2159 i
137 2123 288 2174 potest
309 2114 430 2159 aliud
458 2129 556 2160 esse
582 2129 721 2174 quam
746 2130 829 2160 sua
853 2116 1048 2170 bonitas,
1075 2125 1123 2160 ut
1143 2116 1191 2160 in
1217 2115 1366 2175 primo
1393 2117 1455 2174 (c.
1483 2114 1575 2172 75.)
1603 2124 1838 2158 ostensum
1864 2122 1953 2168 est;
1980 2126 2096 2172 quae

62 2183 84 2219 ⁵³²7
119 2181 322 2242 squidem
348 2195 374 2226 a
400 2183 615 2226 creaturis
641 2196 735 2226 non
762 2182 987 2242 dependet
1012 2196 1096 2227 nec
1125 2192 1346 2242 quantum
1373 2182 1429 2226 ad
1452 2195 1566 2235 esse,
1600 2195 1742 2240 quum
1767 2180 1824 2225 sit
1845 2194 1925 2238 per
1951 2193 1998 2224 se
2024 2193 2098 2223 ne-

119 2262 266 2295 -cesse
286 2262 401 2303 esse,
423 2263 508 2294 nec
525 2258 747 2308 quantum
763 2249 820 2293 ad
837 2250 953 2294 bene
970 2264 1083 2304 esse,
1109 2264 1251 2309 quum
1278 2249 1336 2294 sit
1360 2248 1614 2294 secundum
1635 2262 1683 2292 se
1710 2247 1910 2307 perfecta
1931 2245 2099 2306 simpli-

69 2312 102 2365 ἶξὲ
119 2315 273 2370 Δφιτίῑιεη
298 2330 414 2375 quae
441 2317 597 2361 omnia
613 2330 746 2375 supra
769 2317 831 2375 (c.
863 2330 929 2375 13.
958 2326 1002 2361 et
1026 2317 1096 2362 28.
1099 2316 1120 2374 )
1138 2327 1320 2361 ostensa
1337 2326 1454 2361 sunt
1472 2316 1580 2360 Non
1599 2325 1668 2360 est
1682 2315 1820 2374 igitur
1842 2324 2097 2359 creaturam

135 2390 237 2430 §esse
249 2382 457 2428 absolute
468 2383 792 2459 necessarium;
804 2397 889 2429 nec
906 2384 1043 2443 igitur
1053 2384 1366 2430 necessarium
1383 2395 1450 2428 est
1461 2396 1632 2442 ponere
1645 2392 1899 2428 creaturam
1915 2396 2099 2441 semper

67 2442 293 2527 [fuisse

226 2515 416 2562 Adhuc:
444 2517 567 2577 quod
593 2527 661 2562 est
693 2532 748 2562 ex
772 2517 1007 2563 voluntate
1038 2532 1133 2562 non
1159 2528 1228 2563 est
1262 2517 1468 2563 absolute
1494 2517 1820 2575 necessarium,
1858 2517 1947 2562 nisi
1980 2516 2099 2561 forte

66 2578 325 2645 quando
349 2582 634 2630 voluntatem
660 2585 751 2630 hoc
777 2584 894 2630 velle
923 2595 990 2630 est
1014 2585 1339 2632 necessarium.
1366 2585 1493 2630 Deus
1526 2595 1695 2639 autem,
1720 2598 1815 2628 non
1846 2598 1925 2644 per
1949 2597 2102 2628 neces-

84 2648 323 2697 §itatem
346 2661 550 2706 naturae,
567 2652 647 2696 sed
674 2665 756 2711 per
780 2652 1081 2706 voluntatem,
1103 2652 1312 2711 producit
1335 2662 1562 2696 creaturas
1587 2652 1634 2695 in
1652 2665 1765 2704 esse,
1786 2661 1838 2695 ut
1860 2651 2101 2711 probatum

120 2722 126 2751 Γ
141 2726 209 2764 oet
234 2718 295 2777 (c.
323 2730 375 2777 23
383 2717 439 2775 .);
465 2733 550 2764 nec
567 2719 837 2764 necessitate
853 2719 949 2764 vult
966 2729 1194 2763 creaturas
1212 2733 1324 2773 esse,
1350 2729 1400 2763 ut
1420 2719 1466 2762 in
1492 2719 1642 2777 primo
1661 2719 1722 2777 (c.
1747 2718 1797 2762 81
1806 2717 1839 2775 .)
1866 2728 2102 2763 ostensum

70 2792 223 2847 grfest.
246 2784 355 2830 Non
378 2785 515 2843 igitur
541 2795 610 2830 est
635 2785 841 2830 absolute
862 2786 1172 2831 necessarium
1200 2795 1428 2831 creaturas
1456 2799 1568 2840 esse,
1595 2798 1744 2844 neque
1769 2799 1880 2844 ergo
1896 2799 2103 2830 necessa-

0 2869 3 2887 τ
61 2854 81 2903 ζ
124 2850 260 2902 rium
285 2862 353 2897 est
377 2866 454 2897 eas
479 2866 659 2912 semper
682 2852 835 2898 fuisse.

230 2918 470 2979 Amplius:
498 2930 733 2964 ostensum
761 2930 829 2964 est
854 2934 987 2979 supra
1005 2921 1066 2979 (c.
1095 2919 1188 2979 23.)
1215 2920 1337 2979 quod
1361 2920 1488 2965 Deus
1504 2934 1599 2964 non
1627 2921 1720 2980 agit
1746 2920 1897 2980 aliqua
1919 2920 2101 2964 actione

123 2999 262 3046 squae
287 2986 344 3031 sit
380 2996 503 3031 extra
528 2987 678 3046 ipsum
714 2989 841 3046 quasi
865 2986 918 3031 ab
944 2987 1045 3046 ipso
1073 2987 1225 3032 exiens
1252 2997 1296 3032 et
1332 2989 1378 3031 in
1405 2998 1660 3032 creaturam
1701 2988 1956 3041 terminata,
1988 2986 2105 3032 sicut

85 3076 88 3077 ⁷
145 3051 384 3098 calefactio
411 3054 502 3099 exit
528 3054 581 3098 ab
608 3055 714 3113 igne
741 3065 785 3099 et
810 3055 1078 3100 terminatur
1098 3054 1145 3098 in
1177 3054 1332 3113 ligna3
1358 3055 1437 3100 sed
1464 3056 1560 3114 ejus
1585 3055 1705 3100 velle
1733 3065 1800 3100 est
1825 3056 1919 3113 ejus
1946 3068 2104 3114 agere;

0 3127 1 3131 ’
144 3128 191 3165 et
211 3119 304 3165 hoc
329 3121 471 3165 modo
498 3132 602 3166 sunt
626 3135 697 3166 res
724 3122 975 3166 secundum
1014 3122 1135 3181 quod
1158 3122 1285 3166 Deus
1310 3121 1408 3166 vult
1434 3137 1510 3168 eas
1537 3137 1647 3168 esse.
1677 3123 1768 3167 Sed
1794 3122 2103 3167 necessarium

122 3194 240 3231 «non
264 3196 333 3232 est
367 3187 491 3247 quod
520 3188 646 3233 Deus
671 3188 782 3234 velit
814 3199 1068 3233 creaturam
1095 3203 1274 3248 semper
1299 3189 1451 3244 fuisse,
1479 3204 1620 3249 quum
1653 3190 1791 3234 etiam
1815 3203 1910 3234 non
1937 3189 1994 3234 sit
2031 3203 2107 3234 ne·

20 3254 49 3314 j
71 3256 80 3267 ²
144 3254 392 3299 cessarium
418 3254 571 3299 Deum
596 3255 714 3300 velle
741 3256 862 3315 quod
895 3267 1100 3301 creatura
1126 3256 1183 3301 sit
1206 3256 1412 3310 omnino,
1438 3250 1486 3300 ut
1512 3257 1559 3300 in
1585 3256 1733 3315 primo
1755 3257 1816 3315 (c.
1840 3255 1933 3314 81.)
1959 3266 2106 3302 osten-

148 3332 251 3367 sum
273 3330 353 3365 est.
379 3319 488 3366 Non
514 3321 651 3380 igitur
677 3334 744 3367 est
768 3323 1079 3367 necessarium
1102 3323 1224 3382 quod
1252 3333 1458 3368 creatura
1484 3337 1667 3382 semper
1691 3321 1837 3367 fuerit.

207 3386 348 3432 Item:
377 3387 431 3432 ab
461 3398 623 3448 agente
649 3404 730 3448 per
759 3389 1046 3435 voluntatem
1072 3404 1166 3434 non
1192 3390 1400 3449 procedit
1433 3389 1601 3449 aliquid
1638 3403 1694 3434 ex
1717 3390 1988 3436 necessitate
2017 3389 2108 3436 nisi

74 3439 103 3511 ²³(
124 3465 228 3513 ,ρετ
252 3453 480 3499 rationem
507 3454 697 3513 alicujus
723 3455 874 3501 debiti.
900 3456 966 3501 Ex
991 3455 1119 3501 nullo
1148 3467 1302 3501 autem
1328 3456 1480 3501 debito
1507 3456 1635 3502 Deus
1661 3467 1915 3518 creaturam
1942 3458 2106 3518 produ-

74 3516 82 3578 Ϊῇ
123 3519 227 3575 ῳεὶτ,
250 3520 289 3568 si
312 3519 519 3567 absolute
540 3521 808 3568 universalis
830 3533 1064 3569 creaturae
1085 3522 1325 3582 productio
1349 3522 1675 3579 consideretur,
1696 3533 1747 3569 ut
1770 3538 1907 3585 supra
1930 3525 1992 3585 (c.
2011 3523 2105 3583 28.)

73 3591 102 3632 ῖς
150 3594 387 3634 ostensum
413 3596 495 3634 est.
520 3587 630 3634 Non
654 3587 792 3649 igitur
814 3603 869 3635 ex
894 3589 1164 3636 necessitate
1190 3589 1317 3636 Deus
1335 3600 1592 3636 creaturam
1606 3590 1830 3650 producit.
1851 3590 1951 3639 Nec
1967 3592 2107 3651 igitur
