2332 3854
259 199 356 254 172
923 201 1078 240 LIBER
1117 202 1174 239 11.
1215 202 1336 240 CAP.
1377 201 1528 242 XLI-11.

249 303 534 347 distinctam:
559 305 686 363 cujus
713 304 945 363 opinionis
976 303 1148 349 falsitas
1175 304 1415 350 manifeste
1450 315 1648 366 apparet.
1684 306 1794 351 Non
1831 307 1954 351 enirn
1994 307 2210 354 coelestia

252 384 459 429 corpora,
485 371 531 414 in
559 371 720 430 quibus
746 370 871 414 nulla
909 371 1204 415 contrarietas
1239 372 1480 427 invenitur,
1517 387 1572 416 ex
1608 372 1759 432 aliqua
1796 374 1987 418 materia
2019 386 2212 433 possunt

247 452 346 482 esse
372 437 592 492 formata;
620 452 758 481 omne
785 438 908 481 enim
935 438 1057 496 quod
1084 437 1132 482 fit
1159 453 1214 482 ex
1239 439 1430 483 materia
1447 440 1811 498 praeexsistente‚
1831 450 2011 498 oportet
2028 455 2082 486 ex
2105 456 2212 487 con·

245 505 384 550 trario
417 505 526 548 fieri.
553 503 839 563 Impossibile
867 513 934 547 est
963 504 1113 562 igitur,
1140 505 1262 563 quod
1289 519 1345 550 ex
1370 506 1521 566 aliqua
1543 507 1734 551 materia
1750 507 1873 566 prius
1893 521 1919 551 a
1937 508 2039 552 Deo
2058 519 2211 555 creata

246 572 435 631 angelus
468 571 629 629 aliquis
656 570 873 614 coelestia
900 584 1094 630 corpora
1118 570 1397 618 formaverit.

335 638 570 697 Amplius:
599 637 815 681 coelestia
842 651 1037 695 corpora
1063 648 1141 682 aut
1166 639 1211 682 in
1237 638 1363 684 nulla
1388 640 1582 685 materia
1609 640 1888 686 conveniunt
1913 655 2020 685 cum
2053 655 2213 702 corpo·

245 706 366 750 ribus
398 704 697 758 inferioribus,
725 714 801 748 aut
825 717 921 748 non
948 705 1228 750 conveniunt
1252 706 1298 750 in
1331 706 1483 766 aliqua
1509 707 1698 751 materia
1723 707 1818 751 nisiv
1835 707 1882 751 in
1915 708 2077 767 prima.
2102 706 2212 755 Non

246 774 368 817 enim
395 771 577 816 coelum
605 780 672 814 est
698 784 751 814 ex
778 770 1016 816 elementis
1059 772 1381 832 compositum,
1406 787 1492 818 nec
1517 783 1706 818 naturae
1741 773 2053 820 elementaris:
2087 775 2210 836 quod

246 842 341 898 ejus
364 848 516 882 motus
543 837 741 881 ostendit
766 852 791 880 a
817 838 1017 883 motibus
1036 839 1246 883 omnium
1264 839 1599 885 elementorum
1616 841 1832 886 diversus.
1849 841 2042 886 Materia
2060 851 2211 887 autem

246 907 391 965 prima
416 919 511 949 non
542 914 692 963 potest
716 904 963 963 praefuisse
995 920 1076 965 per
1108 907 1306 966 seipsam
1333 917 1436 952 ante
1464 908 1622 952 omnia
1648 922 1842 968 corpora
1866 908 2078 965 formata,
2105 924 2211 954 cum

244 987 339 1017 non
365 974 420 1016 sit
445 972 533 1015 nisi
556 972 760 1030 potentia
784 982 975 1017 tantum.
1006 973 1161 1018 Omne
1188 974 1312 1018 enim
1339 989 1436 1019 esse
1462 976 1508 1019 in
1541 985 1645 1020 actu
1672 985 1739 1020 est
1766 976 1819 1019 ab
1854 975 2006 1037 aliqua
2045 975 2211 1022 forma.

245 1039 531 1098 Impossibile
559 1047 625 1083 est
657 1038 807 1098 igitur,
834 1039 957 1098 quod
983 1054 1038 1084 ex
1070 1041 1260 1085 materia
1286 1042 1410 1101 prius
1437 1056 1462 1086 a
1489 1042 1592 1087 Deo
1627 1052 1779 1087 creata
1816 1042 1978 1102 aliquis
2021 1043 2212 1103 angelus

246 1108 403 1152 omnia
428 1105 622 1151 visibilia
648 1120 841 1165 corpora
866 1106 1145 1152 formaverit.

334 1174 522 1218 Adhuc:
550 1187 689 1217 omne
727 1174 850 1232 quod
876 1173 939 1227 fit,
967 1174 1022 1217 ad
1054 1174 1147 1218 hoc
1173 1173 1223 1218 fit
1247 1185 1298 1219 ut
1322 1175 1400 1221 sit:
1428 1186 1497 1221 est
1528 1176 1651 1220 enirn
1677 1176 1776 1222 fieri
1807 1177 1884 1222 via
1915 1177 1962 1221 in
1998 1191 2123 1234 esse;
2147 1177 2212 1223 sic

244 1241 380 1299 igitur
405 1240 651 1299 unicuique
677 1249 831 1284 creato
859 1241 1072 1285 convenit
1103 1240 1200 1285 fieri
1231 1242 1349 1286 sicut
1384 1242 1468 1286 sibi
1506 1243 1720 1288 convenit
1752 1257 1864 1288 esse.
1906 1243 2016 1289 Esse
2057 1254 2211 1290 autern

244 1323 338 1352 non
366 1307 581 1352 convenit
605 1306 783 1351 formae
815 1317 1009 1361 tanturn,
1035 1322 1119 1352 nec
1149 1309 1365 1354 materiae
1391 1319 1585 1364 tantum,
1612 1310 1690 1355 sed
1719 1313 1994 1371 composito.
2021 1311 2214 1357 Materia

245 1376 367 1420 enim
392 1388 486 1418 non
513 1384 581 1419 est
595 1374 683 1418 nisi
697 1374 743 1417 in
761 1374 988 1432 potentia:
1016 1374 1166 1418 forma
1182 1389 1292 1420 vero
1319 1387 1387 1420 est
1413 1391 1502 1436 qua
1528 1377 1698 1436 aliquid
1725 1388 1815 1432 est;
1838 1387 1906 1424 est
1923 1378 2046 1423 enim
2063 1388 2213 1434 actus;

243 1442 363 1486 unde
389 1451 529 1486 restat
550 1441 673 1500 quod
701 1441 1013 1500 compositum
1039 1444 1222 1501 proprie
1248 1443 1317 1487 sit.
1344 1442 1452 1502 Ejus
1477 1444 1616 1503 igitur
1641 1444 1782 1490 solius
1807 1454 1877 1490 est
1899 1445 2080 1507 proprie
2102 1445 2214 1501 fieri,

243 1523 338 1553 non
364 1508 589 1553 materiae
610 1518 788 1567 praeter
813 1507 1028 1553 formam.
1060 1509 1168 1554 Non
1195 1520 1263 1555 est
1288 1510 1425 1569 igitur
1457 1511 1580 1556 aliud
1608 1527 1746 1572 agens
1780 1527 1938 1575 creans
1970 1513 2212 1559 materiam

244 1576 409 1630 solam,
434 1586 480 1620 et
512 1575 631 1619 aliud
659 1575 879 1620 inducens
903 1575 1117 1621 formam.

333 1646 469 1689 Item:
497 1644 644 1703 prima
678 1644 881 1688 inductio
919 1643 1172 1688 formarum
1204 1645 1251 1688 in
1293 1647 1485 1690 materia
1525 1658 1630 1691 non‘
1651 1657 1802 1706 potest
1837 1661 1935 1693 esse
1976 1647 2031 1692 ab
2060 1646 2213 1707 aliquo

246 1721 410 1771 agente
437 1726 516 1770 per
543 1721 723 1755 motum
749 1720 951 1755 tantum:
979 1712 1129 1756 omnis
1156 1712 1280 1756 enirn
1303 1723 1456 1757 motus
1485 1714 1538 1758 ad
1567 1713 1768 1758 formam
1796 1725 1864 1760 est
1889 1729 1945 1760 ex
1973 1713 2124 1760 forma
2144 1714 2217 1759 de·

243 1780 487 1824 terminata
514 1780 559 1823 in
585 1777 783 1822 formam
817 1778 1192 1831 determinatam;
1229 1780 1335 1839 quia
1367 1781 1557 1825 materia
1588 1795 1683 1826 non
1723 1791 1874 1841 potest
1906 1796 2004 1827 esse
2044 1781 2227 1842 absque*

245 1847 375 1891 omni
394 1845 558 1899 forma,
587 1856 632 1890 et
652 1846 716 1889 sic
743 1846 1122 1905 praesupponitur
1145 1846 1296 1906 aliqua
1322 1846 1472 1892 forma
1497 1848 1543 1891 in
1567 1849 1770 1893 materia.
1795 1849 1884 1894 Sed
1908 1862 2047 1893 omne
2071 1862 2210 1908 agens

245 1914 302 1958 ad
323 1912 522 1957 formam
548 1911 697 1956 solam
720 1913 1004 1957 materialem
1033 1923 1215 1972 oportet
1235 1914 1357 1972 quod
1384 1915 1441 1959 sit
1467 1929 1606 1973 agens
1632 1930 1713 1974 per
1738 1925 1939 1960 motum:
1964 1929 2071 1960 cum
2091 1915 2215 1960 enim

244 1980 421 2024 formae
447 1979 706 2023 materiales
732 1993 826 2023 non
859 1980 948 2023 sint
972 1995 1052 2039 per
1088 1993 1136 2024 se
1172 1980 1479 2036 subsistentes,
1513 1983 1592 2026 sed
1626 1997 1783 2027 earum
1816 1997 1915 2028 esse
1947 1983 2006 2028 sit
2034 1983 2083 2028 in
2115 1996 2214 2028 esse

246 2047 479 2100 materiae,
506 2061 600 2090 non
632 2056 824 2104 possunt
854 2047 1046 2106 produci
1072 2049 1117 2092 in
1154 2061 1267 2103 esse,
1299 2049 1387 2093 nisi
1411 2049 1486 2093 vel
1516 2064 1597 2108 per
1620 2050 1902 2095 creationem
1926 2051 2066 2095 totius
2088 2064 2215 2095 com·

243 2115 394 2174 positi,
420 2113 494 2158 vel
526 2128 605 2172 per
634 2114 1065 2159 transmutationem
1092 2115 1311 2160 materiae
1340 2116 1395 2159 ad
1423 2116 1562 2160 talem
1594 2116 1669 2162 vel
1694 2117 1836 2162 talem
1873 2117 2087 2162 formam.
2117 2117 2215 2162 {m-

244 2181 459 2241 possibile
493 2191 559 2225 est
584 2181 735 2240 igitur,
763 2181 885 2240 quod
912 2182 1059 2240 prima
1091 2182 1292 2226 inductio
1316 2182 1566 2227 formarum
1594 2185 1641 2227 in
1668 2185 1858 2229 materia
1891 2184 1948 2229 sit
1973 2185 2027 2229 ab
2060 2182 2214 2244 aliquo

246 2258 428 2293 creante
454 2247 654 2292 formam
684 2258 888 2303 tantum3
921 2249 999 2293 sed
1027 2250 1080 2293 ab
1116 2263 1171 2293 eo
1199 2250 1276 2308 qui
1303 2260 1370 2294 est
1396 2261 1573 2295 creator
1603 2251 1742 2296 totius
1776 2252 2034 2310 compositi.

334 2316 500 2360 Adhuc
519 2332 528 2360 ;
552 2325 706 2360 motus
725 2316 781 2359 ad
798 2315 995 2360 formam
1015 2327 1081 2360 est
1098 2317 1323 2375 posterior
1343 2317 1608 2362 naturaliter
1624 2328 1754 2363 motu
1772 2319 2024 2364 secundum
2040 2318 2215 2374 locum,

247 2399 353 2428 cum
370 2386 426 2428 sit
443 2394 569 2428 actus
589 2383 735 2442 magis
761 2383 1031 2443 imperfecti,
1055 2394 1104 2428 ut
1126 2385 1288 2442 probat
1304 2385 1614 2445 Philosophus
1633 2387 1820 2444 (octavo
1838 2385 1977 2445 Phys.
1994 2395 2025 2430 t.
2043 2400 2082 2430 c.
2111 2386 2213 2444 57.).

246 2452 507 2496 Posteriora
541 2461 693 2495 autem
721 2452 766 2495 in
808 2451 997 2508 entibus,
1030 2451 1226 2495 naturali
1268 2452 1427 2496 ordine
1470 2463 1712 2497 causantur
1739 2467 1765 2496 a
1790 2452 2030 2512 prioribus.
2061 2452 2216 2497 Motus

245 2519 384 2578 igitur
410 2518 466 2562 ad
492 2518 693 2562 formam
721 2528 932 2562 causatur
960 2533 984 2561 a
1017 2529 1146 2563 motu
1174 2519 1425 2563 secundum
1459 2519 1628 2564 locum.
1657 2520 1837 2564 Primus
1874 2530 2028 2564 autem
2062 2529 2216 2564 motus

248 2586 499 2631 secundum
541 2585 699 2630 locum
725 2595 793 2629 est
824 2596 978 2630 motus
1013 2586 1237 2630 coelestis.
1273 2586 1439 2631 Omnis
1466 2597 1619 2631 motus
1656 2587 1792 2645 igitur
1833 2586 1888 2630 ad
1929 2578 2128 2631 forr'nam
2166 2585 2216 2630 fit

248 2654 478 2697 mediante
504 2663 634 2696 motu
662 2652 868 2696 coelesti:
897 2667 950 2696 ea
976 2653 1113 2711 igitur
1139 2667 1255 2712 quae
1272 2667 1366 2697 non
1384 2664 1574 2712 possunt
1591 2654 1688 2698 fieri
1706 2654 1936 2698 mediante
1958 2663 2087 2698 motu
2110 2666 2216 2697 coe-

248 2722 365 2775 lesti,
391 2734 486 2764 non
512 2730 701 2778 possunt
727 2719 825 2764 fieri
852 2720 905 2763 ab
934 2719 1087 2779 aliquo
1116 2730 1295 2779 agente,
1323 2721 1400 2779 qui
1424 2735 1518 2765 non
1545 2730 1696 2780 potest
1721 2735 1856 2780 agere
1881 2720 1969 2764 nisi
2005 2734 2087 2779 per
2121 2734 2216 2765 mo-

248 2799 361 2842 tum,
389 2787 573 2846 qualem
601 2796 781 2846 oportet
807 2801 906 2831 esse
933 2797 1147 2845 agentem
1174 2787 1250 2846 qui
1282 2801 1376 2831 non
1401 2797 1551 2846 potest
1577 2789 1661 2833 nisi
1703 2788 1920 2833 inducere
1951 2786 2150 2832 formam
2167 2787 2214 2831 in

251 2856 456 2908 materia,
484 2864 532 2898 ut
565 2864 798 2898 ostensum
826 2864 894 2898 est
919 2854 979 2911 (c.
1009 2867 1077 2898 20.
1113 2864 1157 2898 et
1184 2854 1289 2910 21.).
1323 2855 1411 2898 Per
1443 2865 1624 2899 motum
1656 2865 1809 2900 autem
1842 2854 2090 2900 coelestem
2119 2868 2215 2899 non

249 2932 440 2982 possunt
480 2921 671 2980 produci
712 2920 889 2965 multae
924 2920 1101 2965 formae
1143 2921 1391 2976 sensibiles,
1428 2923 1515 2966 nisi
1563 2922 1867 2966 mediantibus
1905 2921 2215 2966 determinatis

250 2990 481 3049 principiis
507 2989 763 3048 suppositis,
786 2989 902 3033 sicut
925 2988 1138 3032 animalia
1165 2989 1391 3047 quaedam
1418 3003 1511 3033 non
1537 2989 1649 3033 fiunt
1670 2989 1757 3034 nisi
1781 3004 1836 3034 ex
1857 2989 2044 3034 semine.
2061 2988 2216 3034 Prima

249 3058 384 3116 igitur
406 3057 627 3101 institutio
644 3056 809 3100 harum
826 3055 1093 3109 formarum,
1114 3056 1169 3098 ad
1188 3070 1378 3114 quarum
1399 3056 1749 3115 productionem
1765 3070 1859 3101 non
1878 3054 2043 3101 sufficit
2063 3064 2215 3101 motus

251 3124 460 3168 coelestis
487 3125 582 3167 sine
610 3123 981 3183 praeexsistentia
1008 3121 1228 3166 similium
1254 3122 1508 3167 formarum
1533 3122 1578 3166 in
1612 3123 1778 3182 specie,
1806 3132 1987 3183 oportet
2012 3122 2134 3182 quod
2160 3122 2216 3167 sit

251 3207 275 3236 a
302 3191 402 3236 solo
431 3202 626 3237 creante.

339 3260 478 3303 Item:
503 3259 619 3303 sicut
641 3258 796 3317 (tertio
814 3258 951 3317 Phys.
979 3267 1009 3301 t.
1039 3271 1076 3304 c,
1102 3256 1197 3313 48.)
1224 3256 1343 3300 idem
1374 3267 1440 3301 est
1467 3267 1618 3301 motus
1634 3257 1795 3301 localis
1813 3258 1965 3315 partis,
1993 3266 2038 3301 et
2061 3256 2214 3312 totius,

251 3337 299 3370 ut
323 3327 462 3370 totius
494 3336 639 3370 terrae
667 3335 711 3370 et
736 3326 866 3369 unius
896 3324 1082 3384 glebae3
1109 3325 1171 3368 ita
1194 3324 1386 3368 mutatio
1410 3325 1716 3382 generationis
1739 3334 1806 3369 est
1828 3323 1990 3368 eadem
2011 3324 2151 3369 totius
2172 3330 2216 3368 et

252 3393 402 3451 partis.
430 3393 586 3437 Partes
615 3402 768 3437 autem
787 3393 953 3436 horum
972 3390 1301 3451 generabilium
1321 3401 1365 3434 et
1383 3390 1743 3449 corruptibilium
1760 3400 2048 3450 generantur,
2068 3389 2217 3450 acqui-

251 3470 400 3504 rentes
425 3459 596 3503 formas
623 3460 668 3503 in
696 3470 799 3504 actu
818 3474 843 3503 a
860 3458 1019 3503 formis
1043 3472 1158 3518 quae
1177 3467 1280 3502 sunt
1300 3458 1345 3501 in
1363 3459 1570 3512 materia,
1589 3472 1680 3502 non
1701 3467 1852 3502 autem
1871 3469 1896 3502 a
1912 3456 2071 3502 formis
2092 3465 2215 3501 extra

253 3527 492 3571 materiam
536 3527 874 3581 exsistentibus3
917 3541 1023 3570 cum
1066 3534 1274 3584 oporteat
1316 3538 1540 3583 generans
1573 3538 1671 3570 esse
1713 3523 1861 3569 simile
1903 3531 2135 3584 generato,
2166 3531 2216 3568 ut

254 3593 415 3653 probat
440 3593 749 3653 Philosophus
777 3594 822 3637 in
850 3594 1009 3653 quinto
1036 3592 1292 3652 Metaphys.
1319 3593 1371 3650 (t.
1399 3605 1437 3636 c.
1469 3603 1541 3635 22.
1570 3591 1626 3635 ad
1653 3591 1761 3648 28.).
1787 3589 1948 3650 Neque
1984 3588 2120 3650 igitur
2149 3598 2215 3634 to—

2315 1277 2332 1481 ssmfizzvtzaatse'wx:
2318 1221 2332 1261 με
2324 1189 2332 1204 ,Μ
2319 1125 2332 1153 ,μ’
2327 1079 2330 1080 ,
2325 1047 2326 1050 Α
2328 999 2330 1002 ,
2312 831 2328 865 ''f“-
