2332 3854
239 152 346 206 520
922 151 1076 190 LIBER
1115 151 1192 189 111.
1234 151 1354 189 CAP·>
1398 151 1504 189 CLI.

991 384 1248 441 CAPUT
1283 385 1423 441 CLI.

458 522 615 566 QUOD
657 519 1012 559 PRAEDICTUM
1050 519 1322 557 Amanum
1363 492 1564 558 GRATIA
1605 520 1982 572 N0M1NATUR,
2069 552 2153 574 ,

620 595 690 631 ET
732 594 868 639 Qum
911 593 996 631 SIT
1038 594 1241 632 GRATIA
1282 594 1511 632 GRATUM
1551 594 1795 633 FACIENs.
1937 611 1961 634 ·.
2009 611 2012 635 ;
2050 597 2179 639 „aas

323 718 445 770 Quia
466 732 574 761 vero
601 718 691 761 hoc
719 718 841 776 quod
868 714 1011 761 datu(
1017 717 1151 762 alicui
1169 718 1336 777 absque
1358 719 1451 762 suis
1469 718 1640 763 meritis
1658 696 2029 776 praecedentibus
2051 717 2188 777 gratis

233 785 275 829 ei
307 785 468 827 dicitur
501 784 610 836 dari,
635 798 776 842 quum
802 784 1007 827 divinum
1041 785 1258 830 auxilium
1291 785 1471 829 homini
1512 785 1762 829 exhibitum
1794 799 1934 830 omne
1975 785 2188 830 meritum

231 852 485 894 humanum
519 851 792 909 praeveniat,
825 861 874 894 ut
905 861 1140 895 ostensum
1173 862 1253 906 est,
1287 852 1580 910 consequitur
1605 851 1728 910 quod
1749 851 1840 896 hoc
1868 849 2094 906 auxilium
2107 850 2188 895 ho-

233 919 342 961 mini
376 919 514 975 gratis
554 918 843 975 impendatur
869 927 912 961 et
945 932 998 962 ex
1030 919 1121 962 hoc
1155 918 1480 962 convenienter
1520 919 1692 976 gratiae
1731 931 1903 962 nomen
1944 917 2186 976 acceperit,

234 986 351 1028 unde
380 995 423 1028 et
455 984 706 1043 Apostolus
739 984 848 1028 dicit
874 985 1031 1042 (Rom.
1058 985 1138 1029 XI.
1166 983 1253 1042 6.):
1289 985 1336 1030 Si
1358 987 1516 1043 gratia,
1537 988 1631 1043 jam
1655 999 1740 1029 non
1764 999 1814 1030 ex
1839 985 2029 1044 operibus
2037 999 2071 1042 ,·
2089 984 2190 1028 alio-

232 1053 347 1108 quin,
374 1053 513 1109 gratia
539 1054 634 1109 jam
660 1066 743 1094 non
775 1058 831 1096 est
854 1053 1008 1108 gratia.
1327 1084 1331 1087 -

319 1117 397 1161 Est
423 1129 574 1161 autem
602 1128 646 1161 et
673 1118 760 1160 alia
787 1119 901 1162 ratio
930 1129 1112 1176 propter
1138 1133 1276 1177 quam
1309 1118 1590 1176 praedictum
1633 1117 1722 1161 Dei
1753 1115 1973 1162 auxilium
2012 1092 2183 1175 gratuite

229 1198 400 1228 nomen
427 1185 615 1242 accepit.
642 1185 820 1228 Dicitur
847 1186 969 1228 enim
1002 1184 1163 1243 aliquis
1190 1185 1324 1229 alicui
1359 1199 1458 1229 esse
1492 1194 1658 1259 gratus,
1685 1184 1791 1242 quia
1813 1193 1882 1228 est
1902 1183 1945 1227 ei
1971 1182 2186 1237 dilectum

230 1250 347 1293 unde
376 1261 420 1294 et
446 1251 522 1308 qui
549 1251 601 1293 ab
631 1250 783 1309 aliquo
817 1251 1018 1310 diligitur
1043 1251 1207 1295 dicitur
1239 1252 1431 1310 gratiam
1474 1253 1570 1309 ejus
1611 1251 1792 1295 habere.
1815 1249 1915 1294 Ε3ῐ
1948 1259 2102 1298 autem
2130 1248 2188 1294 de

229 1317 403 1360 ratione
435 1317 693 1361 dilectionis
719 1328 768 1361 ut
794 1317 985 1376 diligens
1017 1319 1194 1361 bonum
1219 1318 1330 1362 velit
1357 1318 1400 1362 ei
1431 1332 1568 1376 quem
1610 1317 1755 1376 diligit
1796 1326 1842 1362 et
1880 1325 2106 1375 operetur«,
2134 1325 2191 1371 iet

229 1383 413 1441 quidem
445 1384 572 1428 Deus
598 1384 719 1428 bona
752 1384 849 1428 vult
875 1396 919 1428 et
945 1396 1158 1443 operatur
1185 1386 1304 1429 circa
1341 1399 1529 1429 omnem
1564 1394 1843 1438 creaturam3
1863 1383 2032 1443 ¹ipsum
2065 1381 2189 1429 enim

230 1463 326 1493 esse
353 1461 584 1494 creaturae
612 1461 656 1495 et
682 1452 834 1495 omnis
861 1453 957 1508 ejus
983 1451 1200 1509 perfectio
1229 1462 1296 1496 est
1322 1466 1347 1496 a
1372 1452 1476 1495 Deo
1502 1450 1685 1495 volente
1713 1460 1757 1495 et
1788 1459 2041 1509 operante.
2052 1458 2102 1493 ut
2122 1462 2191 1493 su·

229 1530 308 1574 pra
329 1516 447 1572 (Lib.
465 1518 497 1560 Ι.
517 1532 555 1561 c.
574 1531 643 1577 29
663 1527 706 1561 et
728 1531 793 1576 30.
813 1517 910 1561 Lib.
928 1517 983 1561 II.
1004 1533 1040 1562 c.
1065 1519 1406 1575 15.)ostensum
1424 1528 1514 1572 est3
1533 1515 1828 1562 undedicitur
1844 1515 1974 1577 (Sap.
1988 1514 2067 1571 ΧΙ.
2076 1513 2188 1591 ᾳςῖρε

228 1583 384 1641 Diligis
409 1585 551 1627 omnia
577 1599 679 1642 quae
709 1591 818 1637 sunt,
853 1590 889 1629 et
920 1585 1025 1629 nihil
1057 1585 1178 1630 odisti
1209 1599 1353 1629 eorum
1385 1599 1488 1643 quae
1510 1585 1662 1643 fecisti.
1699 1583 1790 1627 Sed
1826 1580 2057 1642 specialis
2071 1579 2188 1638 ratio

228 1649 406 1693 divinae
430 1650 685 1695 dilectionis
708 1651 764 1695 ad
785 1650 891 1695 illos
913 1651 1226 1696 consideratur
1243 1652 1403 1710 quibus
1427 1652 1644 1696 auxilium
1667 1650 1852 1709 praebet
1873 1650 1929 1698 ad
1948 1650 2043 1704 hoc
2056 1646 2189 1708 quod
2222 1670 2227 1672 ·

229 1728 565 1775 consequantur
589 1717 763 1761 bonum
796 1718 917 1776 quod
945 1718 1153 1762 ordinem
1179 1729 1367 1762 naturae
1403 1732 1563 1762 eorum
1605 1717 1794 1771 excedit,
1834 1706 2010 1761 scilicet
2041 1713 2190 1775 perfe-

230 1793 351 1826 ctam
377 1783 640 1828 fruitionem
666 1798 760 1828 non
784 1785 973 1843 alicujus
999 1785 1108 1829 boni
1136 1786 1272 1828 creati
1300 1785 1378 1829 sed
1401 1785 1471 1829 sui
1496 1785 1650 1843 ipsius.
1678 1784 1780 1828 Hoc
1806 1783 1943 1842 igitur
1962 1782 2188 1835 ,auxilium

227 1850 552 1894 convenienter
583 1852 745 1895 dicitur
771 1851 928 1910 gratia,
955 1866 1049 1895 non
1082 1851 1233 1896 solum
1266 1852 1371 1910 quia
1398 1851 1536 1910 gratis
1564 1852 1707 1904 datur,
1749 1859 1798 1894 ut
1838 1860 2076 1902 ostensum
2104 1857 2188 1903 est,

227 1917 304 1960 sed
342 1917 481 1961 etiam
514 1920 618 1976 quia
650 1918 740 1962 hoc
783 1918 950 1962 auxilio
992 1918 1152 1971 homo,
1185 1918 1370 1976 speciali
1402 1918 1600 1977 quadam
1627 1916 1956 1976 praerogativa,
1987 1904 2188 1984 redditur

226 1983 328 2027 Deo
356 1994 534 2041 gratus;
562 1985 680 2029 unde
709 1995 753 2029 et
777 1984 1030 2043 Apostolus
1058 1986 1164 2029 dicit
1191 1985 1377 2044 (Ephes.
1405 1985 1440 2029 I.
1465 1986 1549 2041 5.:)
1579 1984 2002 2037 Praedestinavt'12nos
2026 1977 2073 2028 in
2087 1982 2189 2037 6άο-

216 2052 404 2108 ptionem
425 2051 667 2109 filiorum..
683 2085 720 2106 .,
748 2051 968 2096 secundum
994 2054 1258 2111 propositum
1283 2052 1510 2096 voluntatis
1531 2066 1641 2105 suae,
1665 2053 1711 2095 in
1734 2050 1897 2096 laudem
1914 2045 2077 2109 gloriae
2094 2063 2189 2108 gra-

226 2118 305 2161 tiae
335 2132 446 2172 suae,
472 2120 517 2161 in
548 2133 631 2177 qua
660 2120 920 2178 gratificavit
950 2134 1023 2163 nos
1048 2121 1093 2162 in
1124 2119 1268 2163 dilecto
1296 2119 1411 2163 Filio
1443 2134 1530 2163 suo.

315 2184 513 2243 Oportet
539 2195 691 2229 autem
723 2186 842 2230 hanc
876 2186 1051 2244 gratian
1079 2185 1247 2263 aliquid
1288 2186 1335 2230 in
1375 2186 1566 2230 homine
1606 2183 1872 2244 gratificato
1904 2197 2019 2241 esse,
2045 2182 2189 2242 quasi

225 2251 474 2309 quamdam
500 2250 699 2295 formam
732 2262 776 2296 et
806 2251 1135 2311 perfectionem
1161 2253 1314 2311 ipsius.

316 2318 456 2370 Quod
489 2320 612 2363 enim
638 2320 687 2363 in
719 2319 920 2378 aliquem
953 2319 1091 2363 finem
1119 2319 1324 2396 dirigitur
1351 2329 1531 2378 oportet
1557 2317 1679 2377 quod
1720 2317 1888 2362 habeat
1918 2298 2187 2366 continuum

225 2385 434 2429 ordinem
466 2388 510 2429 in
536 2386 710 2446 ipsum3
743 2400 852 2430 nam
879 2400 1071 2430 movens
1099 2386 1314 2430 continue
1341 2395 1488 2430 mutat
1513 2399 1750 2444 quousque
1776 2382 1948 2430 mobile
1980 2398 2085 2443 per
2093 2397 2190 2428 mo·

223 2462 321 2496 tum
347 2452 485 2496 finem
518 2455 742 2498 sortiatur.
772 2453 932 2505 Quum
960 2453 1095 2511 igitur
1122 2452 1290 2496 auxilio
1323 2452 1504 2496 divinae
1532 2452 1703 2511 gratiae
1729 2451 1874 2495 homo
1901 2450 2187 2509 dirigatur-‚in

224 2518 437 2562 ultimum
462 2519 616 2574 finem,
644 2530 691 2564 ut
717 2530 952 2564 ostensum
976 2529 1042 2564 est
1075 2521 1135 2578 (c.
1169 2520 1301 2576 148.),
1329 2529 1510 2578 oportet
1536 2519 1659 2578 quod
1686 2518 1901 2563 continue
1926 2517 2076 2564 homo
2095 2517 2186 2568 isto

224 2585 390 2629 auxilio
417 2587 615 2645 potiatur
642 2601 878 2645 quousque
908 2587 964 2630 ad
992 2586 1129 2630 finem
1157 2587 1402 2644 perveniat.
1433 2587 1535 2631 Hoc
1559 2596 1711 2631 autem
1734 2599 1829 2633 non
1851 2593 1984 2639 esset,
2000 2585 2043 2633 ,si
2064 2597 2188 2644 prae-

158 2684 162 2689 .
223 2652 394 2696 dictum
422 2653 638 2698 auxilium
665 2653 954 2713 participaret
985 2654 1129 2697 homo
1157 2654 1409 2697 secundum
1451 2653 1651 2712 aliquem
1691 2661 1871 2699 motum
1903 2661 1980 2696 aut
2005 2650 2189 2710 passio-

223 2734 345 2773 nem,
372 2730 416 2764 et
440 2735 534 2764 non
561 2721 813 2765 secundum
841 2720 1039 2779 aliquam
1063 2719 1263 2764 formam
1283 2715 1554 2764 'manentem
1582 2730 1627 2764 et
1652 2721 1780 2778 quasi
1807 2717 2187 2777 quiescentemin

223 2787 346 2844 ipso3
374 2799 526 2831 motus
560 2788 683 2832 enim
706 2798 750 2831 et
772 2788 923 2847 passio
950 2788 1052 2831 talis
1075 2801 1170 2831 non
1197 2797 1316 2832 esset
1340 2788 1387 2830 in
1413 2787 1602 2831 homine
1629 2787 1717 2830 nisi
1742 2785 1926 2845 quando
1946 2791 2056 2837 'actu
2079 2798 2187 2832 con-

223 2863 470 2898 verteretur
495 2855 540 2898 in
563 2854 716 2908 finem,
743 2855 865 2913 quod
893 2868 984 2899 non
1008 2855 1222 2899 continue
1250 2855 1303 2898 ab
1326 2855 1517 2898 homine
1543 2854 1705 2912 agitur,
1728 2862 1777 2898 ut
1797 2852 2187 2912 praecipue-patet

222 2920 269 2963 in
296 2920 636 2965 dormientibus.
664 2922 742 2965 Est
768 2936 878 2979 ergo
912 2922 1055 2980 gratia
1090 2932 1270 2980 gratum
1306 2920 1477 2965 faciens
1519 2921 1669 2979 aliqua
1703 2919 1854 2965 forma
1892 2929 1941 2965 et
1967 2917 2185 2978 perfectio

223 2987 269 3030 in
296 2987 485 3031 homine
512 2999 718 3041 manens,
746 2990 884 3032 etiam
911 2989 1093 3047 quando
1116 3002 1209 3032 non
1234 2998 1457 3046 operatur.

313 3054 500 3098 Adhuc.
535 3055 718 3099 dilectio
741 3055 829 3098 Dei
857 3065 923 3099 est
950 3056 1182 3099 causativa
1206 3054 1318 3098 boni
1348 3054 1507 3113 quod
1497 3069 1543 3097 m
1569 3053 1700 3098 nobis
1735 3064 1815 3107 est,
1850 3053 1990 3112 sicut
1999 3013 2185 3105 dilectio

223 3120 423 3164 hominis
464 3133 740 3180 provocatur
767 3131 811 3165 et
844 3132 1055 3166 causatur
1082 3136 1135 3165 ex
1169 3120 1322 3179 aliquo
1350 3121 1476 3164 bono
1519 3120 1640 3179 quod
1682 3119 1730 3164 in
1760 3109 1929 3170 dilecto
1970 3127 2052 3165 est.
2094 3116 2185 3164 Sed

222 3186 365 3231 homo
392 3199 666 3247 provocatur
693 3189 748 3232 ad
775 3189 1030 3246 specialiter
1049 3187 1244 3247 aliquem
1264 3187 1546 3246 diligendum
1564 3197 1749 3246 propter
1774 3185 1959 3245 aliquod
1985 3182 2184 3244 speciale

221 3253 393 3297 bonum
422 3257 466 3298 in
499 3255 665 3299 dilecto
699 3256 1043 3314 praeexsistens
1071 3255 1209 3313 Ergo,
1236 3254 1313 3297 ubi
1340 3254 1522 3313 ponitur
1550 3252 1759 3312 specialis
1791 3250 2183 3306 ⁴diletzt'mDei-rtd

222 3320 475 3375 hominem,
503 3332 683 3381 oportet
709 3322 831 3381 quod
860 3332 1192 3380 consequenter
1218 3331 1413 3380 ponatur
1447 3320 1630 3379 aliquod
1657 3318 1854 3378 speciale
1891 3318 2066 3369 bonum
2104 3317 2186 3373 ho-

224 3388 334 3430 mini
361 3403 384 3431 a
418 3390 519 3432 Deo
554 3389 786 3433 collatum.
819 3389 977 3441 Quum
1004 3389 1153 3447 igitur,
1186 3388 1440 3432 secundum
1467 3387 1712 3446 praedicta,
1740 3387 1884 3446 gratia
1915 3394 2094 3445 gratum
2120 3382 2184 3430 fa·

225 3454 346 3497 ciens
379 3456 585 3514 designat
616 3456 862 3515 specialem
891 3455 1185 3500 dilectionem
1211 3454 1299 3498 Dei
1327 3454 1382 3498 ad
1409 3454 1664 3508 hominem,
1691 3462 1872 3513 oportet
1891 3448 2013 3513 quod
2034 3450 2184 3511 aliqua

224 3521 430 3579 specialis
455 3522 632 3566 bonitas
662 3533 705 3567 et
738 3522 955 3581 perfectio
985 3537 1063 3581 per
1090 3522 1181 3566 hoc
1212 3520 1394 3566 homini
1419 3521 1568 3565 inesse
1596 3520 1866 3578 designetur.
