2332 3854
758 197 912 236 mmm
953 197 1028 237 111.
1070 198 1189 237 cap.
1231 198 1457 238 cxxxvt.
1714 237 1717 241 ,
1976 200 2084 255 497

223 301 331 346 Non
356 309 427 346 est
449 309 601 344 autem
629 308 788 343 contra
813 299 934 344 hunc
958 299 1150 344 modum
1167 299 1351 346 vivendi
1370 300 1492 346 fraus
1509 314 1625 360 quae
1646 310 1796 359 potest
1817 314 1896 360 per
1914 302 2088 361 dispen-

133 376 306 412 satores
333 365 586 412 committiz
608 365 699 409 hoc
726 366 849 409 enirn
877 376 944 410 est
971 380 1217 411 commune
1243 367 1289 411 in
1314 367 1444 412 omni
1467 366 1610 411 modo
1636 365 1833 421 vivendi,
1855 367 1902 411 in
1924 368 2086 426 quibus

134 433 274 493 aliqui
299 433 354 477 ad
379 432 577 479 invicem
602 432 875 485 convivunt;
910 432 957 476 in
990 432 1081 478 hoc
1118 443 1271 478 autem
1296 443 1425 478 tanto
1457 433 1621 487 minus,
1653 443 1824 492 quanto
1862 433 2087 478 difficilius

134 500 400 559 contingere
423 499 600 544 videtur
625 498 748 558 quod
774 498 1102 556 perfectionem
1133 500 1253 544 vitae
1286 509 1510 545 sectantes
1542 499 1749 544 fraudem
1782 499 2086 544 committant.

132 566 387 610 Adhibetur
407 566 546 611 etiarn
567 574 726 610 contra
742 564 833 609 hoc
851 565 1103 609 remedium
1130 580 1210 624 per
1235 567 1474 625 providam
1491 565 1695 610 fidelium
1720 565 2087 625 dispensatorum

131 631 485 678 institutionem:
512 632 631 677 unde
655 631 737 676 sub
764 631 1000 689 Apostolis
1033 632 1165 677 electi
1191 643 1294 678 sunt
1321 633 1592 693 Stephanus,
1626 642 1670 677 et
1701 632 1779 676 alii
1810 633 1887 692 qui
1913 633 1968 677 ad
1994 633 2085 677 hoc

134 697 338 742 officium
363 698 517 743 idonei
543 699 877 758 reputabantur.

221 764 302 810 Est
326 774 478 809 autern
504 774 549 809 et
573 764 796 809 secundus
833 764 996 808 modus
1021 765 1204 809 vivendi
1237 767 1513 810 conveniens
1546 775 1858 824 paupertatem
1883 765 2089 810 volunta-

132 832 247 876 riam
273 832 622 884 assumentibus,
640 841 688 876 ut
707 831 880 876 scilicet
898 831 953 875 de
971 833 1333 890 possessionibus
1360 833 1681 876 communibus
1702 835 1870 877 vivant.
1894 833 1991 877 Nec
2008 846 2090 892 per

131 898 254 943 hunc
279 897 471 942 modum
498 897 666 956 aliquid
692 898 864 957 deperit
888 897 1179 957 perfectionis
1206 899 1261 942 ad
1288 913 1424 958 quam
1451 899 1642 943 tendunt
1673 908 1987 958 paupertatem
2012 913 2091 944 vo·

55 1001 60 1007 .
131 964 374 1008 luntariam
399 974 694 1008 assumentes.
720 963 878 1010 Potest
901 966 1024 1013 enirn
1050 965 1147 1008 fieri
1173 979 1252 1023 per
1279 965 1412 1009 unius
1438 979 1613 1018 eorum,
1635 965 1709 1008 vel
1729 979 1982 1023 paucorum
2003 965 2091 1010 sol-

131 1030 412 1075 licitudinem
438 1040 487 1074 ut
512 1031 822 1089 possessiones
840 1031 982 1074 modo
1001 1031 1153 1075 debito
1172 1041 1493 1090 procurentur3
1522 1041 1566 1076 et
1591 1032 1655 1075 sic
1684 1031 1760 1075 alii
1783 1032 1952 1090 absque
1977 1042 2091 1077 tem-

129 1097 358 1157 poralium
383 1097 686 1141 sollicitudine
712 1107 1013 1150 remanentes,
1040 1097 1179 1141 libere
1205 1107 1394 1156 possunt
1421 1097 1725 1157 spiritualibus
1747 1112 1934 1142 vacare:
1962 1099 2087 1158 quod

132 1174 201 1208 est
228 1163 400 1209 fructus
431 1163 714 1208 voluntariae
740 1166 1030 1222 paupertatis,
1056 1164 1154 1207 Nec
1183 1165 1321 1208 etiam
1347 1164 1435 1207 illis
1468 1164 1641 1222 deperit
1673 1163 1841 1223 aliquid
1869 1165 1924 1209 de
1951 1164 2092 1224 perfe-

132 1230 284 1275 ctione
307 1230 427 1275 vitae
453 1231 529 1289 qui
554 1230 673 1273 hanc
696 1229 1051 1274 sollicitudinem
1073 1244 1156 1288 pro
1180 1230 1278 1274 aliis
1302 1240 1562 1275 assumunt:
1586 1230 1708 1290 quod
1735 1230 1858 1275 enim
1881 1231 2088 1276 amittere

129 1295 339 1341 videntur
368 1297 415 1340 in
447 1295 624 1341 defectu
658 1296 835 1356 quietis,
872 1306 1138 1355 recuperant
1169 1297 1216 1341 in
1249 1297 1467 1356 obsequio
1502 1297 1714 1351 caritatis,
1746 1297 1793 1340 in
1826 1311 1917 1357 quo
1946 1297 2086 1342 etiam

131 1361 349 1422 perfectio
374 1363 494 1407 vitae
521 1363 744 1407 consistit.

218 1430 316 1475 Nec
343 1429 480 1475 etiarn
507 1443 587 1490 per
611 1430 733 1473 hunc
759 1429 951 1473 modurn
983 1429 1166 1474 vivendi
1198 1430 1446 1474 concordia
1476 1429 1650 1474 tollitur
1682 1430 1928 1475 occasione
1961 1445 2086 1476 com-

132 1496 342 1540 munium
368 1495 722 1555 possessionum.
752 1494 890 1539 Tales
929 1496 1052 1540 enim
1088 1496 1252 1540 debent
1288 1506 1601 1555 paupertatem
1627 1497 1935 1541 voluntariam
1968 1511 2091 1542 assu-

132 1576 257 1607 mere
291 1563 368 1622 qui
401 1561 673 1621 temporalia
713 1571 1026 1615 contemnunt,
1063 1572 1107 1606 et
1141 1562 1254 1606 tales
1294 1577 1377 1621 pro
1410 1562 1738 1621 temporalibus
1766 1564 2089 1609 communibus

132 1629 390 1673 discordare
415 1642 510 1673 non
535 1638 752 1688 possunt3
778 1629 1044 1687 praesertim
1077 1643 1182 1672 cum
1216 1644 1268 1673 ex
1300 1629 1627 1688 temporalibus
1659 1630 1775 1674 nihil
1806 1641 1984 1689 praeter
2015 1645 2092 1676 ne-

132 1696 391 1740 cessitatem
421 1696 540 1739 vitae
573 1695 766 1739 debeant
792 1705 1075 1753 exspectare3
1109 1706 1152 1740 et
1185 1710 1290 1739 curn
1317 1695 1650 1754 dispensatores
1678 1707 1887 1754 oporteat
1919 1711 2018 1742 esse
2044 1697 2094 1742 fi·

131 1761 268 1807 deles.
294 1762 393 1807 Nec
417 1771 599 1821 propter
623 1762 714 1805 hoc
740 1761 862 1820 quod
889 1761 1027 1821 aliqui
1052 1762 1141 1806 hoc
1169 1762 1310 1806 modo
1337 1763 1519 1807 vivendi
1548 1763 1801 1817 abutantur,
1825 1764 1900 1807 hic
1926 1764 2091 1808 modus

130 1829 313 1874 vivendi
337 1838 486 1887 potest
507 1828 781 1887 improbari;
808 1842 914 1872 curn
940 1829 1078 1872 etiam
1103 1829 1235 1873 bonis
1272 1828 1393 1873 male
1431 1838 1614 1874 utantur
1639 1829 1763 1885 mali,
1798 1830 1915 1874 sicut
1953 1831 2092 1875 etiam

131 1895 265 1942 malis
289 1898 406 1942 bene
433 1906 617 1941 utuntur
643 1896 765 1940 boni.

220 1962 402 2008 Tertius
424 1964 561 2008 etiam
579 1962 743 2007 modus
759 1962 940 2007 vivendi
966 1972 1280 2022 paupertatem
1295 1962 1603 2007 voluntariam
1631 1964 1966 2009 assumentibus
1985 1978 2091 2008 con·

131 2031 270 2084 venit,
291 2041 340 2075 ut
363 2030 535 2074 scilicet
561 2030 616 2074 de
642 2029 796 2073 labore
823 2044 1044 2073 manuum
1070 2032 1236 2074 vivant.
1259 2029 1366 2074 Non
1389 2030 1512 2073 enim
1535 2044 1704 2074 vanum
1728 2041 1795 2074 est
1816 2031 2093 2090 temporalia

132 2092 370 2151 dimitterb,
396 2107 445 2141 ut
469 2097 632 2142 iterum
661 2096 947 2155 acquirantur
974 2111 1054 2154 per
1078 2096 1285 2140 laborem
1312 2110 1548 2151 manuum,
1582 2097 1696 2140 sicut
1723 2097 1870 2155 prima
1897 2098 2012 2141 ratio
2039 2098 2087 2141 in

132 2165 408 2210 contrarium
428 2164 723 2223 proponebat,
741 2162 846 2222 quia
865 2162 1123 2206 divitiarum
1141 2164 1368 2222 possessio
1392 2173 1437 2207 et
1457 2163 1814 2208 sollicitudinem
1837 2164 2093 2223 requirebat

131 2233 178 2276 in
202 2231 505 2291 procurando,
529 2229 603 2274 vel
629 2230 792 2274 saltem
818 2229 1132 2283 custodiendo,
1165 2240 1209 2274 et
1229 2222 1455 2274 'affectum
1477 2230 1678 2274 hominis
1705 2231 1760 2274 ad
1787 2245 1835 2274 se
1861 2231 2090 2286 trahebat;

132 2298 255 2358 quod
287 2312 383 2342 non
419 2297 584 2341 accidit
620 2298 729 2341 dum
766 2297 928 2355 aliquis
965 2311 1045 2356 per
1081 2296 1288 2340 laborem
1324 2310 1544 2340 manuum
1572 2294 1892 2355 quotidianum
1919 2298 2093 2342 victum

132 2363 365 2424 acquirere
391 2364 554 2408 studet.

220 2432 351 2476 Patet
374 2440 543 2485 autem,
569 2429 690 2489 quod
719 2430 774 2474 ad
802 2429 1130 2489 acquirendum
1156 2443 1235 2488 per
1262 2429 1468 2474 laborem
1501 2443 1721 2474 manuum
1748 2430 1921 2474 victum
1953 2444 2092 2489 quan-

132 2508 230 2542 tum
254 2497 420 2542 sufficit
445 2497 500 2541 ad
525 2507 714 2541 naturae
754 2496 1131 2541 sustentationem
1158 2497 1394 2540 modicum
1419 2507 1599 2555 tempus
1632 2496 1810 2551 sufficit,
1838 2507 1882 2541 et
1907 2497 2092 2541 modica

132 2564 392 2609 sollicitudo
408 2564 664 2608 necessaria
683 2552 751 2608 e¹st
767 2579 778 2617 ;
795 2563 874 2607 sed
892 2562 947 2606 ad
965 2563 1144 2607 divitias
1162 2563 1521 2621 congregandas,
1539 2563 1612 2607 vel
1628 2563 1907 2622 superfluum
1921 2564 2092 2608 victum

132 2631 441 2690 quaerendum
458 2644 538 2689 per
553 2630 758 2673 laborem
776 2643 1012 2683 manuum,
1028 2629 1144 2672 sicut
1162 2629 1418 2673 saeculares
1438 2629 1631 2674 artifices
1648 2630 1899 2684 intendunt,
1913 2639 2094 2689 oportet

132 2697 328 2742 multum
353 2706 532 2755 tempus
557 2696 835 2755 impendere,
854 2705 899 2739 et
916 2709 1135 2753 magnam
1153 2695 1509 2740 sollicitudinem
1529 2696 1768 2750 adhibere3
1793 2697 1839 2740 in
1862 2710 1952 2755 quo
1971 2706 2094 2756 patet

134 2762 302 2807 solutio
328 2763 554 2807 secundae
580 2762 781 2806 rationis.

222 2827 620 2874 Considerandum
649 2838 814 2882 autem,
841 2828 962 2887 quod
990 2828 1219 2871 Dominus
1245 2828 1290 2871 in
1317 2828 1571 2886 Evangelio
1597 2843 1691 2872 non
1714 2829 1918 2873 laborem
1941 2830 2093 2888 prohi-

132 2896 242 2950 buit,
267 2895 345 2940 sed
371 2894 723 2940 sollicitudinem
752 2895 917 2938 mentis
944 2908 1025 2952 pro
1052 2895 1320 2938 necessariis
1345 2895 1479 2939 vitae.
1505 2895 1611 2939 Non
1635 2897 1758 2938 enim
1782 2896 1912 2940 dixit:
1935 2896 2090 2941 Nolite

137 2963 360 3017 laborare,
386 2963 489 3007 sed:
518 2962 659 3007 Nolite
678 2962 844 3006 solliciti
869 2977 959 3014 esse,
978 2962 1099 3020 quod
1120 2976 1144 3004 a
1162 2962 1330 3004 minori
1352 2962 1524 3020 probat.
1545 2962 1593 3005 Si
1611 2962 1733 3005 enim
1752 2975 1804 3005 ex
1821 2963 1972 3006 divina
1989 2977 2093 3021 pro-

132 3029 331 3074 videntia
356 3038 661 3073 sustentantur
693 3042 815 3081 aves,
849 3038 892 3071 et
925 3027 1033 3081 lilia,
1060 3042 1176 3086 quae
1209 3027 1434 3072 inferioris
1467 3029 1742 3072 conditionis
1774 3039 1891 3083 sunt,
1924 3039 1968 3074 et
1998 3044 2093 3074 non

133 3105 323 3155 possunt
346 3087 553 3140 laborare
578 3094 665 3138 illis
692 3095 903 3153 operibus
930 3095 1090 3152 quibus
1117 3094 1329 3138 homines
1356 3095 1441 3138 sibi
1466 3095 1636 3138 victum
1661 3095 1921 3153 acquirunt3
1943 3095 2090 3140 multo

134 3163 284 3220 magis
308 3161 563 3222 providebit
587 3161 867 3214 hominibus,
901 3161 978 3219 qui
1010 3171 1113 3204 sunt
1146 3161 1363 3219 dignioris
1391 3161 1680 3214 conditionis,
1707 3170 1751 3205 et
1777 3162 1938 3220 quibus
1970 3163 2093 3207 dedit

133 3228 395 3273 facultatem
421 3241 502 3286 per
526 3227 734 3286 proprios
756 3227 933 3271 labores
955 3228 1127 3271 victum
1151 3227 1421 3285 quaerendi3
1445 3237 1494 3271 ut
1519 3227 1583 3270 sic
1610 3241 1703 3271 non
1731 3238 1939 3286 oporteat
1961 3230 2092 3273 anxia

134 3293 439 3339 sollieitudine
470 3293 526 3338 de
559 3294 827 3338 necessariis
863 3294 997 3351 hujus
1023 3294 1142 3336 vitae
1181 3293 1333 3352 affligi.
1372 3294 1506 3338 Unde
1542 3303 1664 3352 patet
1690 3295 1811 3352 quod
1844 3308 1924 3352 per
1955 3297 2093 3340 verba

133 3361 325 3405 Domini
350 3373 467 3418 quae
493 3360 820 3403 inducebantur
845 3360 950 3404 huic
979 3361 1119 3404 modo
1147 3361 1329 3404 vivendi
1356 3375 1449 3405 non
1477 3361 1739 3420 derogatur.

222 3427 320 3471 Nec
354 3427 493 3471 etiam
528 3427 613 3470 iste
648 3428 814 3470 modus
840 3427 1023 3470 vivendi
1060 3437 1208 3485 potest
1239 3428 1470 3486 reprobari
1508 3439 1691 3486 propter
1722 3428 1812 3473 hoc
1844 3430 1966 3488 quod
1997 3444 2092 3475 non

135 3491 342 3547 sufficiat,
367 3491 474 3552 quia
498 3492 588 3536 hoc
621 3502 670 3536 ut
694 3492 740 3536 in
767 3493 1056 3551 paucioribus
1085 3493 1248 3538 accidit
1273 3495 1395 3553 quod
1422 3494 1583 3554 aliquis
1615 3509 1709 3539 non
1741 3496 1885 3554 possit
1914 3506 2092 3546 tantum

136 3557 293 3605 labore
320 3572 540 3603 manuum
566 3560 798 3618 acquirere
822 3559 946 3618 quod
972 3559 1166 3605 sufficiat
1192 3560 1247 3605 ad
1270 3561 1440 3607 victum
1467 3564 1790 3617 necessarium,
1816 3562 1888 3607 vel
1910 3573 2094 3623 propter

269 3660 307 3696 S.
331 3659 484 3695 Tuomoe
513 3661 644 3695 Summa
668 3668 777 3694 contra
805 3660 959 3695 Gentiles.
1176 3704 1178 3707 ι
1920 3676 1960 3710 3²
