2332 3854
767 248 920 305 LIBER
960 248 1031 287 1v.
1074 247 1192 286 CAP.
1226 247 1339 286 V111.
1938 248 2039 301 555

90 351 322 411 scriptum:
342 351 431 396 Rex.
446 364 606 409 regum,
628 355 664 394 et
685 349 896 394 Dominus
910 349 1233 394 dominantium.
1250 348 1348 394 Nec
1372 347 1425 392 ab
1453 346 1543 392 hoc
1567 347 1687 406 quod
1712 346 1934 391 subditur:
1958 347 2047 404 Qui

89 415 196 475 solas
220 417 338 462 habet
362 416 735 468 immortalitatem,
765 415 1016 460 excluditur
1040 414 1194 469 Filius,
1210 429 1350 474 quum
1379 424 1424 459 et
1448 412 1535 458 sibi
1562 413 1845 459 credentibus
1863 412 2049 456 immor·

88 481 314 543 talitatem
345 481 577 537 conferat3
602 481 721 530 unde
754 482 917 526 dicitur
949 482 1128 540 (Joann.
1157 481 1234 525 XI.
1269 480 1385 538 26.):
1416 481 1506 538 Qui
1531 479 1660 525 credit
1691 482 1736 525 in
1761 495 1824 526 me
1855 494 1939 523 non
1964 494 2050 523 mo-

86 544 221 598 fiatur
245 549 291 592 in
314 556 540 594 aeternum.
574 548 665 593 Sed
692 558 737 592 et
761 548 852 592 hoc
878 548 1001 607 quod
1027 547 1230 592 subditur
1256 547 1313 606 (Ι.
1340 545 1464 591 Tim.
1491 546 1567 590 VI.
1600 544 1715 602 16.):
1743 546 1880 604 Quem
1906 545 2044 589 nullus

88 607 304 679 bominum
327 614 451 671 vidit,
472 614 538 660 sed
556 630 628 660 nec
652 610 794 660 videre
810 621 958 674 potest,
988 625 1163 659 certum
1190 625 1258 659 est
1283 613 1398 658 Filio
1430 613 1691 667 convenire,
1717 627 1859 672 quum
1884 612 2047 656 Domi-

89 679 175 745 nus
194 681 319 732 dicat
337 682 520 740 (Matth.
552 681 630 726 XI.
658 681 773 739 27.).:
792 681 924 726 Nemo
946 683 1064 726 novit
1080 681 1254 735 Filium,
1272 682 1354 726 nisi
1375 680 1515 726 Pater.
1541 679 1630 724 Cui
1648 693 1742 727 non
1761 676 1911 724 obstat
1927 677 2049 738 quod

89 746 274 809 visibilis
297 747 524 807 apparuit3
550 748 640 792 hoc
669 743 791 792 enim
818 740 1069 793 secundum
1097 761 1282 791 carnem
1309 757 1378 792 est
1401 745 1599 799 factum3
1626 756 1695 792 est
1723 757 1876 792 autem
1902 744 2051 788 invisi-

88 812 192 861 bilis
215 814 467 875 secundum
492 813 723 868 deitatem,
747 812 864 859 sicut
890 824 935 858 et
961 813 1117 868 Pater;
1146 814 1264 859 unde
1296 812 1546 872 Apostolus
1580 813 1626 857 in
1649 811 1819 857 ‘eadem
1845 810 2050 872 Epistola

90 879 147 946 {1-
175 878 297 925 Tim.
323 879 400 924 111.
433 878 520 937 16.)
543 880 673 925 dicit:
696 880 1135 938 Manifeste'magnum
1162 887 1215 924 est
1233 881 1403 939 pietatis
1427 886 1751 932 sacramentum,
1785 874 1894 938 qdod
1917 878 2052 923 mani-

86 942 282 1007 festatum
308 953 365 991 est
395 949 439 990 in
466 961 603 991 carne.
630 946 728 991 Nec
757 947 881 1006 cogit
907 946 1027 1004 quod
1054 947 1169 991 haec
1197 947 1251 991 de
1279 945 1381 990 solo
1414 945 1548 991 Patre
1572 947 1700 990 Uicta
1724 944 2048 1003 intelligamus,

54 1049 59 1056 .
90 1009 195 1076 {luia
221 1013 384 1058 dicitur
407 1012 536 1072 quasi
562 1022 772 1072 oporteat
798 1012 938 1057 alium
965 1026 1062 1057 esse
1090 1013 1406 1057 ostendentem
1433 1023 1477 1056 et
1503 1013 1641 1057 alium
1660 1022 1919 1065 ostensum;
1940 1025 2048 1056 nam

91 1077 139 1127 et
161 1077 298 1126 Filius
323 1078 521 1137 seipsum
550 1080 769 1133 ostendit;
797 1080 905 1124 dicit
926 1079 1048 1123 enim
1075 1079 1169 1138 ipse
1197 1079 1382 1136 (Joann.
1412 1079 1536 1123 XIV.
1568 1079 1682 1136 21.):
1712 1080 1802 1136 Qui
1826 1078 1965 1136 diligit
1985 1092 2050 1122 me

89 1132 282 1206 diligetur
305 1161 332 1190 a
358 1147 484 1191 Patre
508 1161 595 1191 meo
608 1162 623 1198 ;
648 1153 684 1190 et
707 1161 777 1204 ego
803 1146 975 1204 diligam
997 1161 1104 1199 eum,
1133 1153 1170 1190 et
1196 1147 1466 1199 manifestabo
1493 1148 1530 1190 ei
1551 1147 1780 1205 meipsum;
1803 1145 1924 1189 unde
1942 1154 1986 1188 et
2008 1143 2049 1188 ei

89 1207 284 1260 dicimus
310 1207 501 1270 (Psalm.
528 1212 733 1258 LXXIX.
758 1214 874 1269 20.):
907 1213 1077 1258 Ostende
1094 1214 1256 1271 faciem
1282 1220 1396 1258 tuam
1418 1219 1454 1258 et
1473 1205 1595 1257 salvi
1612 1213 1780 1256 erimus.

181 1275 322 1332 Quod
348 1273 500 1323 autem
524 1279 754 1324 Dominus
781 1279 890 1324 dicit
915 1279 1102 1336 (Joann.
1131 1279 1252 1323 XIV.
1281 1280 1396 1335 28.):
1426 1280 1550 1324 Pater
1574 1281 1715 1336 masor
1745 1294 1808 1322 me
1839 1284 1909 1332 est,
1942 1291 2050 1336 qua·

90 1342 194 1392 liter
213 1345 273 1391 sit
284 1343 635 1403 intelligendum
653 1345 904 1403 Apostolus
923 1347 1069 1391 docet.
1092 1345 1251 1398 Quum
1269 1345 1391 1389 enim
1409 1347 1556 1402 majus
1572 1345 1791 1389 referatur
1808 1344 1862 1388 ad
1886 1343 2050 1399 minus,

89 1422 272 1477 oportet
294 1409 487 1470 intelligi
517 1411 606 1456 hoc
640 1411 730 1456 dici
762 1411 816 1456 de
849 1411 964 1455 Filio
998 1413 1250 1456 secundum
1283 1412 1405 1470 quod
1439 1422 1506 1456 est
1538 1412 1809 1465 minoratus.
1838 1409 2052 1456 Ostendit

90 1489 244 1524 autem
270 1477 522 1537 Apostolus
546 1492 652 1531 eum
679 1493 776 1523 esse
802 1478 1082 1522 minoratum
1106 1479 1356 1522 secundum
1382 1478 1743 1537 assumptionem
1765 1476 1941 1521 formae
1964 1490 2052 1520 ser·

89 1543 204 1599 vilis,
231 1545 294 1588 ita
314 1554 470 1589 tamen
496 1544 618 1603 quod
644 1545 746 1588 Deo
774 1544 897 1588 Patri
921 1545 1122 1604 aequalis
1140 1545 1324 1589 exsistat
1341 1544 1591 1588 secundum
1607 1544 1805 1597 formam
1824 1542 2050 1597 divina'm;

90 1610 199 1656 dicit
219 1610 343 1657 enim
375 1609 589 1670 (Philipp.
618 1610 673 1654 II.
702 1608 790 1667 6.):
820 1611 964 1667 Quum
997 1613 1041 1655 in
1056 1610 1207 1669 forma
1232 1612 1316 1654 Dei
1341 1607 1448 1664 esset,
1481 1626 1564 1655 non
1595 1612 1794 1670 rapinam
1820 1611 2052 1656 arbitratus

88 1684 145 1724 est
167 1692 245 1722 esse
272 1692 312 1722 se
335 1677 547 1735 aequalem
571 1678 691 1729 Deo;
719 1678 785 1722 sed
813 1680 1072 1736 semetipsum
1096 1678 1332 1721 exinanivit
1356 1677 1540 1734 formam
1571 1679 1683 1721 servi
1707 1678 1925 1736 accipiens.
1950 1675 2048 1721 Nec

0 1737 8 1760 ³
43 1780 51 1788 .,
90 1754 161 1797 est
179 1743 346 1790 mirum
372 1743 408 1791 si
436 1757 491 1789 ex
515 1743 606 1787 hoc
630 1743 765 1787 Pater
791 1757 846 1787 eo
873 1745 1022 1800 major
1048 1743 1235 1798 dicatur,
1258 1757 1399 1802 quum
1417 1743 1556 1788 etiam
1576 1743 1628 1788 ab
1648 1743 1821 1802 angelis
1841 1757 1946 1787 eum
1969 1742 2050 1786 mi-

89 1805 301 1859 noratum
327 1806 580 1870 Apostolus
607 1810 728 1854 dicat
754 1809 912 1866 (Hebr.
940 1809 996 1853 ΙΙ.
1022 1808 1110 1869 9.);
1138 1810 1264 1863 Eum,
1292 1809 1452 1869 inquit,
1478 1812 1552 1868 qui
1575 1809 1736 1854 modico
1763 1824 1889 1868 quam
1916 1809 2052 1867 angeli

88 1877 323 1936 minoratus
337 1882 409 1931 est,
424 1875 606 1921 vidimus
625 1877 763 1932 Jesum
781 1882 956 1936 propter
974 1877 1206 1935 passionem
1228 1878 1392 1930 mortis,
1407 1877 1548 1935 gloria
1563 1883 1599 1921 et
1616 1876 1768 1920 bonore
1792 1882 2049 1921 coronatum.

113 1936 122 1977 s
177 1941 244 1993 Ex
268 1957 359 2002 quo
376 1943 523 1996 ⁸etiam
549 1952 670 2002 patet
697 1942 819 2002 quod
846 1942 1095 1987 secundum
1124 1942 1318 1986 eamden
1345 1942 1570 1986 rationem
1597 1942 1762 1989 dicitur
1786 1942 1926 1986 Filius
1950 1946 2048 1986 esse

88 2007 213 2061 Patri
237 2009 479 2070 subjectus,
505 2009 679 2054 scilicet
703 2009 956 2053 secundum
973 2009 1225 2053 humanam
1247 2006 1483 2063 naturam3
1510 2010 1631 2070 quod
1660 2023 1713 2052 ex
1739 2008 1835 2068 ipsa
1863 2009 2054 2053 circum·

89 2076 253 2122 stantia
277 2075 453 2122 litterae
479 2086 677 2134 apparet.
711 2075 1015 2120 Praemiserat
1046 2075 1167 2119 enim
1201 2074 1452 2133 Apostolus
1479 2076 1534 2134 (I.
1563 2075 1772 2120 Corinth.
1805 2074 1906 2119 XV.
1933 2075 2051 2132 28.):

89 2143 171 2188 Per
195 2143 402 2189 hominem
427 2157 554 2196 mors,
577 2148 614 2187 et
626 2150 701 2202 per
717 2142 922 2186 hominem
939 2145 1188 2187 resurrectio
1207 2149 1468 2187 mortuorum
1480 2158 1497 2196 ;
1519 2153 1562 2186 et
1584 2153 1742 2200 postea
1759 2143 2051 2200 subjunxerat

88 2209 211 2268 quod
229 2210 543 2268 'unusquisque
570 2207 775 2268 resurget
796 2210 841 2253 in
868 2223 951 2253 suo
971 2209 1144 2262 ordine,
1164 2209 1363 2267 primum
1387 2209 1611 2262 Christus,
1630 2209 1790 2253 deinde
1808 2209 1838 2252 ii
1855 2208 1932 2268 qui
1949 2219 2053 2253 sunt

90 2272 285 2329 Christi3
308 2285 352 2319 et
376 2285 535 2333 postea
563 2273 709 2319 addit:
738 2275 896 2320 Deinde
912 2277 1027 2334 finis,
1047 2274 1182 2334 ‘quum
1206 2275 1427 2320 tradiderit
1445 2291 1621 2333 regnum
1644 2276 1736 2319 Deo
1758 2281 1794 2319 et
1820 2276 1944 2319 Patri
1952 2290 1969 2327 ;
1988 2285 2052 2329 vet,

0 2388 13 2395 ,
88 2350 272 2406 ostenso
298 2341 433 2401 quale
458 2342 515 2389 sit
540 2342 630 2386 hoc
658 2356 864 2399 regnum,
899 2343 1003 2401 quia
1035 2343 1209 2386 scilicet
1242 2352 1422 2400 oportet
1453 2342 1495 2386 ei
1528 2343 1684 2386 omnia
1712 2356 1808 2386 esse
1835 2342 2049 2400 subjecta,

0 3561 13 3594 Ξ,

0 3753 17 3777 ,³²²

0 3784 15 3854 ἓ.

89 2402 418 2468 consequenter
434 2408 687 2467 subjungit:
717 2409 861 2465 Quum
881 2410 1064 2467 sabjecta
1081 2409 1145 2452 illi
1149 2410 1315 2468 fuerint
1333 2410 1490 2462 omnia,
1510 2415 1604 2453 tunc
1621 2414 1657 2452 et
1677 2411 1758 2467 ipse
1775 2409 1909 2459 Filius
1924 2409 2053 2466 sabje-

86 2476 174 2534 §hb-5
193 2473 272 2521 erit
289 2475 352 2519 illi
374 2476 447 2533 qai
469 2477 641 2533 subjecit
665 2476 744 2521 sibi
766 2477 920 2519 omnia.
949 2475 1051 2534 Ipse
1070 2490 1181 2533 ergo
1200 2485 1438 2519 contextus
1465 2475 1642 2519 litterae
1665 2475 1863 2520 ostendit
1884 2475 1975 2518 hoc
1995 2474 2051 2518 de

89 2538 274 2594 Christo
307 2541 469 2590 debere
501 2540 693 2600 intelligi
729 2542 981 2585 secundum
1019 2542 1140 2600 quod
1179 2552 1248 2586 est
1282 2542 1450 2596 homo;
1489 2543 1551 2585 sic
1585 2542 1707 2585 enirn
1746 2552 1952 2587 mortuus
1986 2551 2054 2586 est

88 2601 133 2652 et
154 2607 423 2663 ¹resu1·rexit;
459 2620 582 2662 nam,
615 2608 865 2653 secundum
906 2608 1203 2662 divinitatem,
1243 2623 1383 2667 quum
1421 2609 1578 2652 omnia
1614 2607 1751 2652 faciat
1789 2622 1904 2667 quae
1946 2606 2054 2651 facit

75 2673 235 2730 Pater,
267 2683 580 2733 utlostensum
627 2684 709 2728 est,
746 2674 884 2718 etiam
926 2675 1020 2733 ipse
1057 2675 1142 2718 sibi
1181 2675 1372 2732 subjecit
1413 2675 1594 2728 omnia3
1638 2675 1757 2718 unde
1800 2673 2052 2733 Apostolus

88 2740 197 2785 dicit
217 2739 434 2799 (Philipp.
462 2739 541 2784 III.
570 2739 687 2797 20.):
717 2741 980 2785 Salvatorem
1003 2747 1278 2799 exspectamus
1303 2741 1539 2784 Dominum
1560 2741 1698 2797 Jesum
1728 2740 1955 2794 Christum,
1980 2741 2053 2799 qui

86 2807 331 2865 reformabit
361 2814 510 2865 corpus
541 2806 788 2851 humilitatis
813 2814 990 2860 nostrae,
1018 2808 1323 2865 configuratam
1350 2808 1518 2865 corpori
1544 2807 1747 2852 claritatis
1773 2821 1883 2860 suae,
1911 2821 2046 2851 secun-

86 2873 186 2929 dum
211 2875 490 2933 operationem
516 2887 599 2931 qua
621 2875 745 2917 etiam
769 2875 893 2931 possit
917 2875 997 2917 sibi
1020 2875 1220 2930 subjicere
1247 2875 1404 2918 onznia.

175 2938 241 2984 Ex
267 2954 322 2984 eo
350 2950 502 2983 autem
529 2939 651 2998 quod
680 2939 813 2983 Pater
839 2938 954 2982 Filio
981 2939 1088 2982 dare
1116 2939 1278 2983 dicitur
1294 2939 1341 2982 in
1365 2939 1624 2997 Scripturis,
1647 2954 1700 2983 ex
1723 2953 1813 2998 quo
1831 2953 1911 2998 per
1934 2939 2050 2983 Scri-

88 3016 268 3066 pturam
295 3006 494 3065 sequitur
520 3005 667 3064 ipsum
694 3006 907 3063 recipere,
934 3019 1027 3049 non
1055 3016 1204 3064 potest
1230 3006 1404 3050 ostendi
1434 3006 1585 3064 aliqua
1610 3006 1860 3064 indigentia
1889 3020 1988 3050 esse
2005 3006 2051 3049 in

85 3072 208 3131 ipso;
234 3072 311 3116 sed
338 3073 428 3116 hoc
454 3072 692 3130 requiritur
720 3072 775 3115 ad
803 3072 891 3115 hoc
920 3072 1041 3130 quod
1069 3071 1207 3115 Filius
1230 3072 1307 3126 sit;
1333 3086 1427 3116 non
1454 3074 1577 3116 enim
1604 3071 1742 3116 Filius
1766 3073 1854 3116 dici
1881 3083 2051 3131 posset,

85 3138 173 3186 nisi
198 3153 224 3181 a
247 3137 382 3183 Patre
410 3139 587 3195 genitus
611 3149 753 3191 esset3
781 3152 919 3182 omne
939 3148 1092 3182 autem
1116 3139 1319 3196 genitum
1349 3153 1372 3182 a
1401 3149 1646 3197 generante
1664 3149 1872 3182 naturam
1891 3138 2050 3198 recipit

87 3205 357 3263 generantis.
384 3205 471 3248 Per
498 3205 586 3248 hoc
614 3218 724 3262 ergo
751 3204 873 3263 quod
895 3204 1030 3249 Pater
1055 3203 1170 3248 Filio
1190 3205 1295 3248 dare
1314 3205 1489 3259 dicitur,
1507 3204 1621 3248 nihil
1639 3204 1759 3249 aliud
1787 3205 2052 3263 intelligitur

86 3284 224 3329 quam
247 3269 350 3314 Filii
375 3270 624 3329 generatio,
663 3271 912 3314 secundum
952 3285 1089 3330 quam
1127 3271 1260 3315 Pater
1287 3271 1408 3315 dedit
1435 3271 1550 3315 Filio
1581 3286 1712 3316 suam
1739 3282 1962 3315 naturam.
1995 3271 2050 3315 Et

84 3337 176 3382 hoc
188 3337 337 3395 ipsum
351 3351 405 3381 ex
417 3350 473 3381 eo
484 3337 606 3395 quod
621 3338 751 3381 datur
765 3337 957 3396 intelligi
975 3347 1124 3396 potest
1139 3353 1150 3391 ;
1164 3338 1272 3381 dicit
1284 3338 1406 3382 enim
1419 3338 1648 3382 Dominus
1664 3337 1852 3395 (Joann.
1865 3338 1921 3381 X.
1937 3338 2049 3398 29.):

86 3401 212 3450 Pater
235 3402 343 3462 quod
366 3403 476 3448 dedit
499 3404 617 3457 mihi,
646 3406 786 3462 majus
817 3406 1007 3448 omnibus
1040 3411 1093 3448 est
1106 3420 1122 3456 ,·
1152 3404 1196 3447 id
1225 3415 1377 3448 autern
1405 3405 1523 3463 quod
1552 3406 1699 3462 majus
1726 3404 1936 3449 omnibus
1970 3414 2051 3458 est,

86 3469 238 3530 divina
258 3480 419 3514 natura
445 3479 525 3523 est,
552 3470 598 3513 in
625 3485 712 3529 qua
739 3469 878 3515 Fllius
904 3481 971 3515 est
997 3471 1119 3515 Patri
1146 3470 1372 3529 aequalis3
1406 3472 1529 3529 quod
1562 3471 1659 3529 ipsa
1691 3471 1828 3515 verba
1859 3470 2051 3515 Domini

87 3536 355 3599 ostendunt3
382 3537 680 3596 praemiserat
705 3538 827 3583 enim
850 3538 972 3597 quod
999 3552 1109 3583 oves
1136 3552 1240 3582 suas
1262 3538 1412 3582 nullus
1430 3539 1485 3583 de
1508 3553 1647 3583 manu
1666 3540 1761 3595 eius
1779 3553 1935 3597 rapere
1953 3553 2053 3598 pos-

87 3611 170 3671 set,
197 3602 252 3647 ad
279 3603 406 3662 cujus
433 3603 752 3663 probationem
777 3604 951 3649 inducit
976 3605 1164 3650 verbum
1192 3605 1492 3665 propositum,
1519 3604 1691 3650 scilicet
1713 3605 1834 3665 quod
1861 3605 1906 3650 id
1929 3605 2051 3665 quod
