2332 3854
777 221 933 261 LIBER
971 220 1048 261 111.
1089 221 1210 259 CAP.
1250 219 1344 258 x11.
1929 221 2029 276 303

84 327 230 386 magis
252 339 332 386 per
362 324 536 369 malum
562 324 724 368 dicitur
749 324 941 368 diminui
971 324 1159 368 bonum.
1202 323 1328 368 Haec
1365 321 1503 381 igitur
1544 321 1786 366 diminutio
1817 323 1928 367 boni
1958 337 2038 382 per

83 393 257 438 malum
282 406 376 436 non
401 400 551 452 potest
574 391 621 434 in
646 390 924 435 naturalibus
951 391 996 434 in
1024 390 1251 435 infinitum
1276 388 1546 448 procedere;
1572 403 1680 432 nam
1706 389 1882 434 formae
1913 400 2038 434 natu-

83 459 199 505 rales
216 470 259 504 et
274 459 460 504 virtutes
478 472 639 502 omnes
670 459 939 502 terminatae
972 467 1090 512 sunt,
1123 467 1168 502 et
1192 457 1460 516 perveniunt
1482 457 1536 500 ad
1565 455 1764 515 aliquem
1790 457 2038 501 terminum

84 525 202 571 ultra
226 540 362 585 quem
395 525 566 585 porrigi
591 538 684 568 non
711 534 926 583 possunt;
952 538 1046 568 non
1072 533 1222 582 potest
1246 524 1384 582 igitur
1408 536 1556 582 neque
1583 522 1732 567 forma
1758 522 1908 582 aliqua
1935 537 2041 567 con-

83 592 234 647 traria,
254 606 402 652 neque
424 592 566 636 virtus
593 590 808 635 contrarii
835 591 1009 648 agentis
1036 591 1082 634 in
1108 590 1334 635 infinitum
1362 590 1533 648 augeri,
1555 599 1604 634 ut
1631 603 1683 634 ex
1709 589 1800 634 hoc
1828 599 2041 649 sequatur

83 660 132 704 in
156 659 382 704 infinitum
409 658 649 703 diminutio
675 657 784 702 boni
811 670 890 716 per
916 657 1105 700 malum.
1133 658 1183 700 In
1210 657 1460 702 moralibus
1499 667 1652 702 autem
1684 667 1833 716 potest
1864 657 1949 701 ista
1981 656 2042 700 di·

86 726 357 786 minutio,in
383 724 609 769 infinitum
636 723 907 782 procedere3
933 737 1041 766 nam
1068 723 1323 768 intellectus
1351 734 1395 767 et
1419 722 1630 768 voluntas
1662 723 1708 768 in
1741 723 1833 768 suis
1866 723 2039 767 actibus

85 793 306 838 terminos
332 806 426 836 non
453 792 645 844 habent;
671 800 821 849 potest
847 789 968 833 enim
995 789 1250 834 intellectus
1276 790 1573 849 intelligendo
1605 790 1652 834 in
1684 789 1911 835 infinitum
1942 803 2042 849 pro-

86 859 272 914 cedere3
299 858 418 903 unde
445 856 797 902 mathematicae
814 870 1111 901 numerorum
1138 857 1311 915 species
1329 854 1373 900 et
1390 856 1638 915 figurarum
1659 857 1862 901 infinitae
1889 856 2042 900 dicun-

87 935 182 980 tur;
210 935 255 976 et
285 924 493 969 similiter
518 923 728 968 voluntas
764 923 811 966 in
836 923 1037 967 volendo
1076 923 1122 966 in
1159 922 1385 966 infinitum
1413 924 1641 982 procedit;
1675 923 1751 983 qui
1791 923 1914 968 enim
1945 921 2043 967 vult

87 991 257 1037 furtum
284 991 573 1035 committere
599 1000 749 1049 potest
774 990 935 1034 iterum
963 989 1080 1034 velle
1114 999 1158 1033 et
1180 989 1298 1033 aliud
1327 991 1630 1044 committere,
1663 1000 1707 1034 et
1732 991 1795 1035 sic
1820 990 1867 1034 in
1900 988 2043 1034 infini-

21 1089 26 1096 -
86 1069 198 1103 tum.
228 1058 416 1110 Quanto
435 1067 586 1101 autem
602 1056 813 1101 voluntas
840 1057 986 1115 magis
1012 1057 1059 1100 in
1085 1055 1196 1100 fines
1222 1056 1447 1100 indebitos
1474 1057 1630 1110 tendit,
1661 1067 1789 1101 tanto
1817 1056 2042 1101 difficilius

89 1125 206 1171 redit
231 1125 286 1169 ad
309 1124 543 1185 proprium
562 1134 606 1168 et
622 1123 821 1167 debitum
840 1123 1004 1177 finem;
1031 1123 1152 1182 quod
1170 1132 1294 1182 patet
1308 1123 1354 1166 in
1377 1123 1446 1166 his
1471 1124 1517 1166 in
1537 1124 1696 1182 quibus
1722 1138 1802 1183 per
1822 1123 2044 1183 peccandi

88 1191 466 1238 consuetudinem
491 1191 582 1248 jam
625 1200 692 1235 est
726 1189 906 1234 habitus
938 1190 1152 1233 vitiorum
1184 1189 1406 1232 inductus.
1440 1189 1490 1232 In
1521 1189 1747 1234 infinitum
1783 1190 1933 1249 igitur,
1964 1203 2043 1250 per

90 1258 264 1304 malum
291 1257 447 1312 moris,
471 1258 646 1301 bonum
671 1256 889 1300 naturalis
917 1255 1177 1316 aptitudinis
1204 1255 1397 1299 diminui
1422 1266 1587 1314 potest,
1623 1271 1858 1316 nunquam
1888 1266 2043 1311 tamen

86 1326 288 1371 totaliter
318 1324 516 1379 tolletur,
539 1324 619 1369 sed
647 1338 826 1382 semper
850 1333 1060 1367 naturam
1086 1332 1401 1366 remanentem
1429 1323 1686 1369 comitatur.

845 1544 1100 1602 CAPUT
1136 1545 1293 1600 XIII.

389 1689 548 1736 QUOD
589 1688 784 1726 MALUM
823 1689 1003 1726 HABET
1045 1688 1257 1734 ALIQUO
1299 1688 1462 1726 MODO
1506 1687 1742 1726 CAUSAM.

675 1799 729 1856 (Ι.
754 1805 872 1859 part.
900 1805 1052 1858 quaest.
1080 1799 1234 1843 XLIX.
1268 1805 1348 1845 art.
1382 1799 1455 1856 1.).

174 1918 240 1963 Ex
257 1918 498 1979 praedictis
531 1927 683 1962 autem
711 1917 890 1961 ostendi
916 1926 1064 1976 potest
1082 1915 1220 1975 quod,
1243 1915 1327 1960 etsi
1353 1915 1528 1959 malum
1549 1929 1644 1959 non
1669 1915 1837 1960 habeat
1855 1930 2045 1960 causam

88 2000 168 2046 per
187 1999 251 2041 se,
275 1984 517 2044 cujuslibet
541 1994 696 2028 tamen
723 1983 834 2027 mali
865 1993 1045 2043 oportet
1078 1997 1175 2027 esse
1198 1997 1385 2026 causam
1417 1997 1496 2044 per
1523 1982 1748 2026 accidens.

177 2052 412 2112 Quidquid
430 2052 554 2096 enirn
581 2061 649 2095 est
666 2053 710 2095 in
739 2051 892 2110 aliquo
910 2061 959 2094 ut
983 2051 1030 2094 in
1057 2050 1275 2108 subjecto,
1299 2059 1479 2107 oportet
1504 2050 1626 2108 quod
1652 2050 1819 2093 habeat
1846 2049 2046 2109 aliquam

87 2121 300 2173 causam3
327 2127 538 2162 causatur
575 2119 698 2162 enim
724 2117 796 2161 vel
835 2131 888 2161 ex
930 2117 1118 2175 subiecti
1149 2117 1395 2175 principiis,
1427 2115 1500 2159 vel
1527 2131 1580 2160 ex
1614 2116 1765 2175 aliqua
1796 2117 2048 2161 extrinseca

88 2199 240 2231 causa.
275 2185 448 2230 Malum
473 2195 625 2229 autem
652 2194 720 2228 est
744 2186 791 2228 in
813 2184 937 2227 bono
965 2183 1082 2227 sicut
1106 2183 1152 2226 in
1176 2183 1396 2242 subjecto,
1424 2193 1472 2227 ut
1499 2195 1733 2227 ostensum
1761 2193 1827 2228 est
1853 2185 1912 2240 (c.
1944 2185 2048 2242 11.).

90 2253 288 2313 Oportet
313 2265 425 2311 ergo
452 2251 574 2311 quod
597 2251 772 2294 malurn
803 2250 971 2294 habeat
997 2264 1196 2294 causam.

177 2319 317 2364 Item:
340 2319 463 2378 quod
487 2328 554 2363 est
578 2318 624 2362 in
651 2317 853 2375 potentia
882 2317 936 2360 ad
965 2327 1206 2376 utrumque
1226 2317 1545 2376 oppositorum
1571 2331 1665 2361 non
1693 2317 1983 2362 constituitur
2004 2319 2048 2362 in

90 2396 192 2432 actu
216 2385 406 2444 alicujus
438 2399 600 2430 eorum
636 2386 721 2429 nisi
748 2398 829 2442 per
860 2383 1061 2443 aliquam
1088 2398 1297 2439 causam3
1331 2383 1457 2428 nulla
1484 2385 1606 2427 enim
1638 2385 1842 2443 potentia
1862 2384 1971 2430 facit
2002 2399 2049 2430 se

89 2467 188 2499 esse
214 2452 260 2496 in
288 2462 404 2497 actu.
433 2451 609 2497 Malum
644 2461 799 2496 autem
836 2461 903 2495 est
938 2452 1131 2510 privatio
1158 2452 1255 2509 ejus
1281 2452 1403 2509 quod
1436 2452 1535 2509 quis
1568 2461 1700 2495 natus
1728 2462 1808 2506 est,
1841 2461 1885 2496 et
1918 2452 2052 2496 debet

73 2512 280 2574 'habere3
307 2533 362 2564 ex
386 2519 478 2563 hoc
511 2519 634 2562 enim
667 2517 1026 2576 unumquodque
1060 2517 1223 2561 dicitur
1255 2517 1427 2561 malum
1462 2531 1584 2572 esse;
1617 2528 1685 2562 est
1715 2519 1851 2577 igitur
1877 2518 2048 2563 malum

87 2586 134 2630 in
161 2586 366 2645 subjecto
393 2585 515 2645 quod
542 2595 610 2629 est
632 2585 680 2628 in
706 2585 909 2644 potentia
938 2584 993 2627 ad
1036 2585 1183 2642 ipsum
1211 2594 1255 2628 et
1286 2584 1341 2627 ad
1368 2598 1502 2628 suum
1544 2585 1820 2644 oppositum.
1854 2586 2052 2645 Oportet

87 2653 225 2713 igitur
242 2652 365 2712 quod
383 2651 559 2697 malum
575 2651 743 2696 habeat
768 2651 968 2710 aliquam
997 2665 1197 2694 causam.

179 2719 372 2764 Adhuc:
399 2719 616 2778 quidquid
642 2718 760 2762 inest
782 2717 918 2761 alicui
943 2726 1120 2776 praeter
1142 2731 1274 2761 suam
1299 2727 1524 2772 naturam,
1551 2718 1734 2762 advenit
1759 2719 1800 2763 ei
1823 2733 1876 2763 ex
1899 2718 2051 2778 aliqua

90 2786 178 2832 alia
205 2800 366 2852 causa3
394 2786 550 2829 omnia
583 2785 705 2829 enim
738 2785 785 2827 in
810 2784 881 2828 his
908 2798 1023 2842 quae
1050 2793 1153 2827 sunt
1184 2784 1269 2828 sibi
1294 2784 1516 2828 naturalia
1548 2795 1830 2843 permanent,
1856 2786 1944 2829 nisi
1976 2786 2053 2830 ali-

89 2853 197 2913 quid
219 2851 341 2896 aliud
367 2852 611 2911 impediat3
636 2851 756 2894 unde
780 2850 894 2908 lapis
919 2864 1012 2893 non
1039 2849 1179 2894 fertur
1205 2864 1383 2894 sursum
1409 2851 1494 2894 nisi
1513 2852 1566 2894 ab
1587 2851 1740 2911 aliquo
1766 2853 2049 2911 projiciente,

5 2934 14 2974 2
91 2933 177 2964 nec
205 2932 323 2978 aqua
356 2917 506 2962 calefit
542 2917 629 2961 nisi
667 2917 720 2960 ab
764 2916 916 2975 aliquo
960 2916 1268 2961 calefaciente.
1310 2917 1486 2961 Malum
1520 2928 1671 2962 autem
1714 2933 1893 2977 semper
1932 2919 2051 2964 inest

91 2995 271 3046 praeter
301 2994 512 3028 naturam
539 2985 635 3042 ejus
670 2983 742 3027 cui
775 2985 905 3037 inest,
931 2997 1073 3042 quum
1100 2983 1155 3027 sit
1186 2984 1380 3042 privatio
1408 2985 1503 3042 ejus
1530 2985 1652 3044 quod
1689 2994 1848 3029 natum
1875 2995 1943 3030 est
1976 2987 2052 3030 ali-

3 3038 25 3082 s*
93 3052 216 3112 quid,
244 3060 289 3096 et
313 3050 446 3095 debet
476 3050 659 3095 habere.
696 3050 837 3109 Igitur
873 3059 1054 3109 oportet
1089 3051 1211 3109 quod
1240 3050 1414 3095 malum
1447 3065 1627 3111 semper
1650 3051 1818 3096 habeat
1849 3052 2050 3112 aliquam

6 3127 22 3167 'i
97 3133 283 3164 causam
309 3117 384 3161 vel
406 3131 485 3175 per
517 3131 581 3171 se,
606 3117 680 3161 vel
703 3131 784 3175 per
809 3117 1034 3161 accidens.

11 3225 20 3234 .
182 3184 419 3244 Amplius:
445 3197 583 3229 omne
610 3183 784 3227 malum
822 3183 1114 3243 consequitur
1146 3185 1199 3228 ad
1238 3184 1422 3243 aliquod
1455 3186 1643 3239 bonum,
1671 3187 1785 3231 sicut
1818 3189 2049 3246 corruptio

92 3252 296 3312 sequitur
322 3250 377 3295 ad
405 3249 604 3310 aliquam
624 3252 980 3310 generationem.
1006 3251 1094 3295 Sed
1115 3265 1253 3295 omne
1276 3252 1449 3295 bonum
1470 3252 1609 3296 habet
1631 3252 1830 3312 aliquam
1849 3268 2050 3308 causam,

14 3334 31 3374 3:41
91 3329 271 3379 praeter
294 3318 492 3377 primum
508 3319 680 3362 bonum
699 3318 744 3361 in
768 3330 859 3377 quo
875 3332 968 3362 non
996 3328 1065 3362 est
1091 3318 1271 3377 aliquod
1291 3319 1480 3372 malum,
1508 3330 1555 3363 ut
1571 3319 1616 3362 in
1640 3321 1788 3378 primo
1815 3330 2051 3365 ostensum

93 3396 162 3431 est
181 3387 242 3445 (c.
266 3386 369 3445 39.).
399 3385 554 3430 Omne
580 3385 716 3444 igitur
737 3383 912 3429 malum
938 3385 1076 3430 habet
1093 3385 1293 3446 aliquam
1312 3399 1498 3430 causam
1517 3386 1571 3430 ad
1591 3400 1729 3446 quam
1753 3387 1955 3446 sequitur
1972 3402 2052 3448 per

32 3471 34 3474 ’
95 3452 320 3498 accidens.
