2294 3854
780 225 933 264 mmm
975 225 1046 263 1v.
1086 225 1207 263 car.
1250 223 1433 263 Lxxvr.
1976 210 2079 279 683

67 309 90 373 ᾗΑ
130 324 228 373 ἐκ
246 324 569 379 subtracturus,
594 324 794 384 oportuit
820 335 868 369 ut
893 324 1027 370 alicui
1055 326 1362 371 committeret
1385 324 1463 384 qui
1487 322 1595 371 loco
1622 324 1691 369 sui
1718 324 1984 370 universalis
2005 324 2087 370 Ee-

130 389 298 441 clefi'u'e
334 400 511 449 gereret
547 404 719 435 curam.
748 390 867 435 Hinc
910 402 978 436 est
1012 391 1135 451 quod
1171 391 1308 436 Petro
1344 390 1455 436 dixit
1491 390 1670 448 (Ioann.
1706 391 1830 435 XXI.
1871 392 1955 450 17.)
1983 401 2085 436 ante

57 456 73 520 j
129 457 475 507 mensionem:
499 458 625 502 Pasce
657 471 758 503 oves
782 472 906 511 meas,
940 469 983 502 et
1010 469 1112 502 ante
1143 458 1403 517 passionem
1428 458 1562 516 (Luc.
1594 457 1739 502 XXII.
1777 459 1891 516 32.):
1926 458 1988 502 Tu
2020 460 2077 505 ite

6 565 8 574 ,,
111 528 461 571 ‹mmmm-sus
476 523 679 581 confirma
689 523 851 581 fratres
873 530 978 578 tuos,
1005 536 1050 568 et
1074 524 1116 568 ei
1142 524 1229 569 soli
1254 525 1461 584 promisit
1486 524 1668 581 (Matth.
1694 523 1819 569 XVI.
1845 524 1956 584 19.):
1989 524 2088 568 Tibi

131 586 239 634 dabo
263 589 398 633 claves
422 590 542 647 regni
564 589 798 634 coelorum:
825 599 875 634 ut
900 589 1211 635 ostenderetur
1230 600 1432 649 potestas
1447 589 1647 635 clavium
1660 604 1745 653 per
1764 603 1871 635 eum
1889 590 1945 635 ad
1968 590 2087 635 alios

52 670 58 684 ·-
132 654 378 703 derivanda
403 654 459 699 ad
486 655 849 700 conservandum
878 655 1108 701 Ecclesiae
1134 656 1368 701 unitatem.

58 723 67 774 j}
185 720 329 784 -;5Non
354 729 505 780 potest
525 730 679 766 autem
705 721 793 764 dici
821 722 958 780 quod,
981 723 1063 767 etsi
1089 722 1224 767 Petro
1242 723 1361 767 hanc
1385 712 1652 781 dignitatem
1663 722 1856 775 dederit,
1877 736 1959 782 per
1981 736 2089 767 eum

46 795 68 839 ,Ῐ
127 794 293 849 Ιπίείήεειι
315 787 371 834 ad
405 786 519 833 alios
553 800 648 833 non
673 787 914 832 derivatur.
946 787 1241 833 Manifestum
1275 799 1341 833 est
1374 790 1496 833 enim
1528 788 1651 848 quod
1682 788 1895 835 Christus
1930 788 2090 833 Eccle-

65 848 83 869 ‘³'
131 853 251 905 aiam
276 853 342 901 sic
363 853 557 899 instituit
580 863 631 899 ut
656 866 775 900 esset
805 868 948 912 usque
976 854 1031 899 ad
1058 853 1198 898 finem
1231 854 1400 900 saeculi
1433 855 1660 908 duratura,
1692 855 1943 904 secundum
1977 854 2087 899 illud

128 916 243 979 (Ba.
274 919 354 965 lx.
383 918 469 978 7.):
513 920 645 978 Super
683 920 831 964 solium
864 920 1028 973 David,
1061 927 1097 965 et
1126 930 1251 981 super
1281 937 1454 980 regnum
1485 924 1570 979 ejus
1600 921 1765 976 sedebit,
1796 927 1844 967 ut
1873 922 2091 980 confirmet

17 971 19 974 ι
43 1001 60 1046 ,j
89 1000 95 1008 ·
132 985 255 1039 illud,
276 991 314 1031 a
337 987 614 1031 corroboret
596 1001 641 1030 m
661 986 824 1044 judicio
850 993 887 1031 et
914 988 1081 1044 justitia
1108 987 1256 1033 amodo
1287 995 1327 1033 et
1356 1002 1479 1046 usque
1504 989 1548 1032 in
1574 989 1878 1047 sempiternum.
1901 986 2089 1032 Manife-

27 1068 57 1113 g
126 1061 273 1126 *amm
281 1061 350 1099 est
371 1052 510 1110 igitur
527 1051 678 1111 quod
667 1061 728 1096 ita
754 1052 858 1097 illos
876 1053 954 1115 qui
970 1062 1078 1098 tunc
1096 1064 1224 1099 erant
1240 1055 1286 1097 in
1303 1054 1555 1099 ministerio
1581 1053 1829 1107 constituit,
1854 1064 1902 1098 ut
1928 1066 2087 1098 eorum

49 1149 54 1152 «
127 1118 355 1178 ‘potestas
363 1117 644 1164 derivaretur
670 1118 725 1162 ad
751 1129 959 1177 posteros
990 1133 1073 1178 pro
1101 1119 1293 1164 utilitate
1318 1119 1550 1164 Ecclesiae
1577 1134 1720 1178 usque
1746 1119 1801 1163 ad
1826 1119 1965 1164 finem
1996 1132 2090 1163 sae-

38 1159 55 1205 i‘
130 1183 256 1244 mli·
279 1183 547 1244 praesertim
566 1199 672 1228 cum
699 1186 794 1243 ipse
822 1185 943 1230 dicat
960 1185 1142 1241 (Matth.
1168 1186 1377 1231 XXVIII
1406 1187 1522 1243 20.):
1551 1187 1656 1231 Ecce
1681 1200 1750 1245 ego
1771 1187 1983 1231 vobiscum
1999 1199 2090 1230 sum

131 1259 267 1310 mm*
288 1249 343 1298 ad
366 1252 770 1297 consummationem
794 1253 962 1296 saeculi.

226 1317 313 1361 Per
336 1317 428 1362 hoc
457 1327 612 1362 autern
640 1317 892 1363 excluditur
919 1318 1225 1379 quorumdam
1251 1328 1654 1378 praesumptuosus
1676 1332 1815 1372 error,
1833 1319 1972 1377 quise
1993 1318 2092 1363 sub-

133 1382 313 1433 §aare
329 1383 534 1431 nituntur
561 1384 614 1428 ab
642 1384 902 1429 obedientia
929 1395 974 1429 et
999 1385 1279 1443 subjectione
1301 1386 1439 1438 Petri,
1465 1399 1779 1430 successorem
1806 1386 1902 1444 ejus
1927 1385 2081 1430 Roma>

136 1449 546 1506 numffloufificem
571 1450 839 1496 universalis
865 1450 1098 1496 Ecclesiae
1123 1461 1354 1510 pastorem
1378 1466 1474 1496 non
1499 1462 1897 1511 recognoscentes.

254 1684 258 1688 ,
315 1685 323 1693 ³
827 1605 1082 1662 CAPUT
1124 1606 1408 1663 LXXVII

69 1711 73 1715 ·
142 1727 303 1790 035οΒ
344 1738 461 1780 PER
483 1739 666 1779 MALOS
708 1739 1002 1779 MINISTROS
1042 1705 1407 1779 SACRAMENTA
1453 1740 1767 1799 DISPENSARI
1814 1738 2080 1778 POSSUNT.

192 1819 300 1898 -Ex
320 1852 414 1898 his
411 1866 542 1911 quae
564 1851 813 1911 praemissa
839 1861 957 1906 sunt,
983 1851 1275 1896 manifestum
1303 1861 1372 1896 est
1401 1852 1523 1911 quod
1550 1851 1744 1895 ministri
1769 1849 2002 1894 Ecclesiae
2020 1863 2097 1907 po-

141 1890 334 1964 tentiam
361 1918 606 1978 quamdam
634 1921 680 1962 in
707 1918 877 1962 ordinis
903 1918 1191 1977 susceptione
1219 1918 1430 1962 divinitus
1457 1918 1709 1977 suscipiunt
1735 1916 1790 1960 ad
1813 1926 2097 1961 sacramenta

139 1984 354 2030 'fidelibus
368 1985 686 2044 dispensanda.
705 1984 847 2037 Quod
875 1994 1027 2028 autem
1053 1984 1191 2028 alicui
1216 1985 1282 2028 rei
1307 1999 1387 2044 per
1413 1985 1807 2028 consecrationem
1836 1983 2095 2041 acquiritur,

144 2062 364 2111 perpetuo
390 2050 436 2095 in
464 2065 520 2095 eo
546 2061 725 2095 manet:
743 2051 862 2095 unde
888 2050 1003 2095 nihil
1029 2061 1345 2095 consecratum
1372 2051 1533 2095 iterato
1558 2060 1863 2095 consecratur.
1890 2049 2098 2094 Potestas

143 2119 279 2178 igitur
305 2119 476 2162 ordinis
502 2128 724 2177 perpetuo
752 2118 797 2161 in
820 2117 1043 2161 ministris
1071 2117 1303 2162 Ecclesiae
1338 2127 1505 2161 manet.
1539 2118 1646 2161 Non
1675 2131 1784 2174 ergo
1812 2115 1985 2159 tollitur
2016 2128 2096 2173 per

143 2195 397 2245 peccatum.
428 2185 627 2229 Possunt
652 2199 763 2243 ergo
791 2185 929 2228 etiarn
964 2198 989 2227 a
1015 2184 1330 2243 peccatoribus
1362 2195 1407 2229 et
1432 2183 1578 2236 malis,
1606 2182 1858 2226 dummodo
1891 2181 2098 2225 ordinem

143 2251 354 2306 habeant,
382 2251 692 2295 ecclesiastica
719 2252 1006 2295 sacramenta
1034 2249 1243 2294 conferri.

234 2318 376 2363 Item:
395 2317 510 2361 nihil
537 2326 687 2376 potest
711 2317 758 2360 in
784 2317 828 2360 id
851 2317 973 2375 quod
994 2317 1092 2374 ejus
1117 2315 1382 2366 facultatem
1401 2316 1590 2370 excedit,
1607 2315 1693 2359 nisi
1712 2324 1895 2374 accepta
1920 2313 2100 2357 aliunde
2118 2333 2127 2343 =

145 2394 389 2445 potestate:
423 2384 547 2443 quod
572 2393 667 2427 tam
694 2383 739 2426 in
767 2378 1061 2438 naturalibus,
1079 2397 1216 2441 quam
1243 2383 1287 2426 in
1317 2382 1522 2426 civilibus
1549 2392 1697 2441 patet;
1724 2395 1818 2425 non
1841 2383 1962 2424 enim
1983 2394 2099 2439 aqua

143 2449 401 2495 calefacere
425 2454 579 2509 potest
613 2450 703 2506 nisi
729 2449 921 2508 accipiat
950 2449 1163 2493 virtutem
1199 2448 1494 2492 calefaciendi
1522 2449 1574 2492 ab
1602 2449 1731 2507 igne3
1757 2460 1903 2506 neque
1928 2446 2101 2491 balivus

146 2518 270 2570 cives
288 2531 506 2562 coercere
530 2526 684 2576 potest
705 2517 794 2560 nisi
816 2526 1001 2575 accepta
1027 2526 1249 2574 potestate
1279 2530 1304 2559 a
1330 2530 1449 2574 rege.
1473 2515 1538 2559 Ea
1568 2526 1719 2559 autem
1747 2528 1863 2572 quae
1884 2514 1930 2556 in
1953 2526 2099 2557 sacra-

145 2584 313 2629 mentis
345 2588 554 2643 aguntur,
589 2581 856 2628 facultatem
888 2583 1140 2627 humanam
1174 2583 1411 2635 excedunt,
1455 2592 1503 2625 ut
1534 2595 1589 2625 ex
1621 2579 1881 2640 praemissis
1914 2580 1974 2636 (c.
2008 2579 2100 2635 74.)

145 2657 283 2710 patet.
305 2649 428 2709 Ergo
452 2648 605 2706 nullus
629 2658 780 2726 potest
805 2658 1093 2693 sacramenta
1111 2648 1387 2707 dispensare,
1414 2658 1833 2706 quantumcumque
1859 2645 1914 2689 sit
1938 2645 2100 2697 bonus,

144 2715 234 2772 nisi
254 2725 527 2776 potestatem
554 2715 747 2775 accipiat
767 2715 1073 2774 dispensandi.
1101 2714 1302 2758 Bonitati
1327 2724 1480 2757 autern
1497 2713 1699 2757 hominis
1715 2711 1889 2756 malitia
1915 2711 2102 2770 opponi-

147 2792 235 2837 tur,
261 2793 307 2828 et
331 2792 587 2842 peccatum.
613 2782 735 2841 Ergo
761 2796 847 2826 nec
875 2796 952 2840 per
979 2790 1219 2840 peccatum
1244 2779 1322 2824 ille
1349 2779 1425 2838 qui
1451 2789 1722 2839 potestatem
1756 2778 1931 2837 accepit
1961 2777 2102 2836 impe·

147 2849 267 2894 ditur
290 2849 535 2909 quominus
562 2858 847 2893 sacramenta
869 2848 1127 2906 dispensare
1161 2846 1314 2905 possit.

205 2915 431 2959 Adhuc:
457 2915 603 2960 homo
630 2915 792 2959 dicitur
817 2915 979 2967 bonus,
1006 2912 1080 2956 vel
1116 2912 1263 2956 malus
1290 2912 1539 2956 secundum
1567 2912 1794 2963 virtutem,
1826 2908 1900 2954 vel
1924 2909 2101 2963 vitium,

148 2954 271 3040 quae
292 2991 399 3026 sunt
423 2981 603 3025 habitus
625 2980 824 3039 quidam.
853 2980 1044 3023 Habitus
1071 2988 1222 3022 autem
1250 2992 1276 3021 a
1302 2978 1505 3037 potentia
1522 2978 1568 3021 in
1594 2978 1684 3021 hoc
1711 2975 1858 3020 differt
1884 2975 2006 3035 quod
2022 2988 2102 3035 per

150 3047 404 3107 potentiam
431 3061 588 3091 sumus
614 3056 822 3104 potentes
850 3045 1017 3104 aliquid
1044 3044 1218 3097 facere3
1242 3058 1321 3103 per
1346 3044 1550 3087 habitum
1578 3053 1728 3087 autern
1754 3056 1848 3086 non
1874 3041 2103 3086 reddimur

148 3118 359 3173 potentes
382 3113 437 3157 ad
463 3113 632 3172 aliquid
658 3111 933 3166 faciendum,
959 3111 1039 3155 sed
1071 3110 1260 3164 habiles,
1291 3109 1365 3154 vel
1396 3110 1619 3153 inhabiles
1647 3109 1701 3152 ad
1728 3108 1773 3151 id
1800 3107 1922 3167 quod
1948 3120 2104 3166 possu-

150 3192 254 3224 mus
276 3179 408 3237 bene,
436 3178 511 3222 vel
538 3178 657 3223 male
685 3178 927 3236 agendum.
954 3177 1041 3220 Per
1066 3177 1270 3220 habitum
1298 3176 1433 3234 igitur
1463 3189 1557 3219 non
1584 3175 1729 3228 datur,
1749 3187 1896 3233 neque
1927 3172 2103 3217 tollitur

149 3246 281 3291 nobis
307 3245 476 3304 aliquid
502 3258 662 3304 posse3
688 3244 766 3288 sed
792 3243 882 3288 hoc
910 3257 989 3301 per
1015 3243 1218 3285 habitum
1248 3243 1523 3300 acquirimus
1549 3251 1598 3285 ut
1621 3242 1752 3294 bene,
1778 3240 1852 3284 vel
1877 3239 1998 3284 male
2020 3238 2101 3284 ali-

152 3311 261 3371 quid
286 3326 492 3388 agamus.
526 3311 632 3356 Non
654 3310 791 3367 igitur
818 3323 872 3353 ex
898 3309 988 3353 hoc
1015 3308 1136 3367 quod
1163 3307 1326 3367 aliquis
1352 3319 1420 3352 est
1445 3309 1606 3360 bonus,
1636 3306 1710 3351 vel
1736 3306 1899 3362 malus,
1923 3314 1991 3350 est
2021 3319 2103 3365 po-
2108 3338 2115 3345 .

152 3389 271 3431 tens,
294 3376 370 3422 vel
392 3377 622 3436 impotens
649 3376 706 3420 ad
732 3375 1086 3434 dispensandum
1113 3369 1413 3428 sacramenta,
1445 3374 1523 3418 sed
1555 3373 1762 3427 idoneus,
1787 3371 1861 3417 vel
1884 3385 1979 3416 non
2004 3370 2103 3417 ido-

151 3456 264 3488 neus
290 3443 349 3491 ad·
367 3442 483 3488 bene
509 3441 878 3501 dispensandum.
1374 3472 1377 3477 Δ

215 3547 217 3552 ,
242 3507 479 3566 Amplius:
521 3507 646 3567 quod
684 3508 777 3566 agit
806 3507 857 3551 in
885 3507 1063 3551 virtute
1080 3506 1278 3561 alterius,
1308 3519 1403 3550 non
1436 3504 1657 3550 assimilat
1688 3505 1770 3550 sibi
1803 3506 1991 3565 patiens,
2022 3505 2101 3549 sed

153 3575 391 3634 principali
423 3575 600 3634 agenti:
622 3588 720 3619 non
753 3574 874 3619 enim
909 3574 1072 3618 domus
1106 3573 1379 3618 assimilatur
1410 3572 1720 3617 instrumentis
1751 3571 1912 3630 quibus
1946 3569 2100 3615 artifex
