2332 3854
249 207 357 276 356
918 219 1073 258 Lmen
1111 219 1187 258 111.
1231 218 1351 259 cAP.
1391 219 1537 264 xux.

242 324 327 368 scit
352 339 457 368 eum
484 339 577 368 non
611 337 707 367 esse
734 337 879 381 neque
907 323 1223 374 inanimatum,
1249 336 1398 381 neque
1420 323 1746 376 insensibilem,
1768 339 1906 383 quam
1929 325 2005 384 qui
2026 325 2111 371 scit
2131 340 2202 373 so.-

240 391 338 434 lum
365 406 467 434 eum
503 403 595 433 non
624 404 721 433 esse
745 390 1061 441 inanimatum,
1089 388 1195 432 licet
1219 399 1378 432 neuter
1404 390 1517 433 sciat
1549 391 1604 434 de
1641 391 1829 434 homine
1856 392 1963 449 quid
1990 393 2062 436 sit.
2089 392 2202 440 Sub*

240 459 431 501 stantiae
460 468 609 500 autem
639 465 870 512 separatae
899 455 1026 511 plura
1064 465 1350 511 cognoscunt
1391 470 1528 513 quam
1572 470 1671 508 nos,
1715 467 1758 500 et
1799 471 1914 515 quae
1953 469 2059 503 sunt
2101 459 2200 505 Deo

241 525 389 577 magis
416 524 681 581 propinqua,
709 532 751 563 et
778 535 856 577 per
883 534 1166 577 consequens
1199 535 1282 564 suo
1307 521 1539 565 intellectu
1566 522 1694 579 plura
1717 532 1762 566 et
1783 523 1930 580 magis
1949 524 2202 584 propinqua

243 605 268 633 a
296 591 397 633 Deo
425 599 662 632 removent
689 601 824 644 quam
849 600 947 629 nos.
975 586 1122 644 Magis
1147 587 1282 644 igitur
1309 588 1531 630 accedunt
1554 589 1607 631 ad
1632 590 1860 646 propriam
1883 589 2023 647 ipsius
2050 591 2204 649 cogni·

237 658 411 701 tionem
439 669 577 714 quam
605 668 703 705 nos,
729 653 836 696 licet
860 666 945 696 nec
972 653 1112 711 ipsae,
1135 667 1214 711 per
1235 653 1325 697 hoc
1353 654 1474 713 quod
1501 657 1670 712 seipsas
1698 654 1969 714 intelligunt,
1993 656 2199 714 divinam.

241 724 537 767 substantiam
571 721 766 762 videant.

327 789 466 832 Item:
495 797 621 830 tanto
651 786 812 843 aliquis
840 784 1032 842 alicujus
1060 784 1348 829 altitudinem
1386 788 1532 844 magis
1572 789 1714 840 novit,
1754 797 1925 846 quanto
1964 756 2202 856 altioribus

240 869 346 899 eum
373 855 457 897 scit
484 866 580 896 esse
615 851 882 910 praelatum,
917 852 1035 895 sicut
1060 862 1104 895 et
1136 852 1172 895 si
1200 852 1392 896 rusticus
1426 853 1540 896 sciat
1570 867 1727 911 regem
1770 868 1868 898 esse
1895 868 2129 907 summum
2153 855 2201 901 in

237 935 395 978 regno,
423 920 497 977 qui
531 929 686 961 tamen
717 931 811 961 non
844 917 1085 975 cognoscit
1116 917 1204 962 nisi
1229 919 1453 976 quosdam
1475 919 1658 963 infimos
1685 920 1813 978 regni
1839 919 2072 973 officiales,
2092 935 2201 968 cum

237 988 397 1046 quibus
432 985 600 1043 aliquid
627 985 764 1028 habet
795 984 983 1041 negotii,
1008 998 1102 1028 non
1135 984 1197 1027 ita
1225 986 1464 1042 cognoscit
1506 985 1625 1043 regis
1657 987 1955 1031 eminentiam
1981 987 2100 1032 sicut
2123 987 2199 1032 ali-

236 1055 334 1111 quis
358 1053 434 1110 qui
460 1052 669 1094 omnium
697 1050 952 1108 principum
979 1052 1104 1108 regni
1133 1049 1414 1108 dignitatern,
1441 1052 1578 1107 'novit
1615 1052 1775 1110 quibus
1798 1052 1884 1096 scit
1907 1066 2067 1110 regem
2093 1068 2197 1099 esse

234 1118 503 1178 praelatum,
530 1118 738 1176 quamvis
765 1128 923 1160 neuter
950 1116 1234 1160 altitudinem
1265 1119 1418 1175 regiae
1446 1118 1675 1175 dignitatis
1703 1119 2074 1176 comprehendat.
2099 1119 2198 1165 Nos

236 1197 388 1229 autem
415 1199 508 1227 non
535 1185 703 1227 scimus
730 1183 816 1226 nisi
845 1184 1070 1241 quaedam
1097 1182 1254 1226 infima
1280 1183 1468 1226 entium.
1509 1183 1638 1227 Licet
1669 1199 1779 1242 ergo
1811 1187 2009 1230 sciamus
2035 1185 2196 1241 ⁴Deum

237 1253 447 1296 omnibus
476 1251 651 1294 entibus
680 1251 895 1303 eminere,
922 1263 1015 1292 non
1042 1260 1196 1292 tamen
1225 1251 1283 1292 ita
1318 1250 1641 1306 cognoscimus
1668 1251 1963 1295 eminentiam
1997 1252 2198 1303 divinam

236 1320 352 1363 sicut
378 1308 653 1361 substantiae
681 1327 928 1374 separatae,
957 1317 1117 1373 quibus
1145 1316 1352 1359 altissimi
1379 1331 1532 1360 rerum
1570 1317 1752 1361 ordines
1782 1318 1881 1362 noti
1915 1328 2033 1373 sunt,
2063 1329 2111 1365 et
2133 1320 2199 1364 eis

240 1386 452 1429 omnibus
480 1385 760 1442 superiorem
795 1384 948 1426 Deum
976 1397 1073 1426 esse
1107 1393 1407 1439 cognoscunt.

329 1452 552 1495 Ulterius:
581 1449 874 1493 manifestum
903 1459 970 1492 est
997 1449 1117 1507 quod
1147 1449 1385 1492 causalitas
1416 1448 1604 1506 alicujus
1649 1463 1814 1494 causae
1844 1459 1887 1494 et
1917 1451 2060 1496 virtus
2089 1452 2197 1511 seius

235 1528 363 1563 tanto
391 1520 537 1574 magis
565 1517 872 1574 cognoscitur,
899 1526 1069 1573 quanto
1096 1514 1246 1572 plures
1275 1526 1319 1559 et
1341 1517 1537 1572 maj0res
1567 1517 1663 1574 ejus
1686 1515 2196 1573 effectusinnotescunt,

236 1584 303 1628 Ex
329 1598 420 1643 quo
447 1582 741 1627 manifestum
767 1582 816 1626 fit
841 1581 963 1640 quod
991 1581 1269 1626 substantiae
1295 1591 1530 1639 separatae
1563 1581 1875 1627 causalitatem
1901 1583 1991 1628 Dei
2023 1594 2069 1629 et
2098 1586 2197 1643 eius

235 1651 450 1695 virtutem
482 1649 629 1706 magis
656 1658 942 1708 cognoscunt
968 1662 1107 1706 quam
1139 1661 1240 1700 nos,
1266 1646 1373 1691 licet
1397 1661 1484 1692 nos
1510 1650 1719 1694 omnium
1760 1649 1934 1704 entium
1958 1663 2066 1697 eum
2097 1663 2196 1705 esse

241 1731 428 1761 causam
454 1716 665 1761 sciamus.

1037 1857 1292 1914 CAPUT
1333 1859 1395 1913 L.

736 1993 896 2040 QUOD
931 1994 986 2032 IN
1024 1993 1302 2032 NATURALI
1345 1992 1695 2034 COGNITIONE

484 2069 643 2115 QUAM
681 2068 899 2106 HABENT
941 2067 1315 2105 SUBSTANTIAE
1349 2067 1661 2105 SEPARATAE
1701 2069 1775 2107 DE
1806 2069 1945 2120 BHG),v

684 2143 802 2181 NON
849 2141 1108 2187 QUIESCIT
1153 2141 1346 2179 EORUM
1390 2141 1746 2180 DESIDERIUM.

326 2250 434 2296 Non
459 2259 611 2309 potest
636 2258 788 2293 autem
815 2262 914 2293 esse
940 2248 1061 2307 quod
1088 2248 1134 2291 in
1159 2247 1239 2291 tali
1264 2247 1352 2292 Dei
1379 2248 1640 2307 cognitione
1666 2249 1870 2308 quiescat
1893 2251 2100 2301 naturale
2117 2252 2196 2301 „de-

235 2319 453 2365 siderium
479 2316 755 2361 substantiae
777 2324 1026 2374 separatae.
1056 2315 1211 2360 Omne
1235 2315 1357 2359 enim
1385 2315 1506 2373 quod
1534 2326 1602 2359 est
1625 2315 1944 2374 imperfectum
1969 2319 2017 2362 in
2038 2317 2194 2379 aliqua

234 2387 400 2444 specie,
433 2384 658 2428 desiderat
684 2383 904 2441 consequi
935 2381 1262 2439 perfectionem
1289 2381 1455 2439 speciei
1488 2381 1631 2425 illius:
1661 2382 1738 2440 qui
1763 2383 1886 2427 enim
1920 2383 2059 2433 habet
2096 2386 2192 2446 opi-

233 2453 421 2496 nionem
450 2451 505 2494 de
536 2464 584 2493 re
611 2449 775 2508 aliqua,
803 2463 919 2507 quae
947 2460 1013 2492 est
1038 2446 1304 2506 imperfecta
1330 2447 1449 2491 illius
1474 2448 1540 2492 rei
1562 2449 1736 2501 notitia,
1762 2463 1819 2492 ex
1842 2449 1934 2494 hoc
1957 2450 2060 2509 ipso
2080 2451 2194 2501 inci-

232 2529 352 2564 tatur
385 2518 439 2561 ad
473 2516 820 2560 desiderandum
848 2515 968 2558 illius
996 2515 1060 2558 rei
1087 2514 1340 2557 scientiam.
1366 2513 1602 2557 Praedicta
1629 2524 1782 2559 autem
1814 2515 2017 2574 cognitio
2048 2531 2188 2576 quam

233 2584 510 2630 substantiae
542 2593 775 2640 separatae
802 2582 970 2625 habent
993 2581 1047 2624 de
1081 2581 1199 2633 Deo,
1225 2593 1319 2623 non
1346 2590 1679 2638 cognoscentes
1715 2580 1856 2639 ipsius
1893 2582 2192 2633 substantiam

232 2652 380 2711 plene,
407 2660 475 2694 est
498 2648 763 2707 imperfecta
790 2647 1064 2706 cognitionis
1091 2647 1278 2705 species.
1305 2646 1412 2690 Non
1440 2648 1562 2691 enim
1590 2647 1859 2692 arbitramur
1893 2662 1979 2694 nos
2021 2649 2192 2710 aliquid

233 2731 528 2793 cognoscere,
555 2717 593 2760 si
617 2716 917 2759 substantiam
952 2716 1047 2772 ejus
1073 2728 1167 2758 non
1202 2713 1540 2771 cognoscimus.
1575 2713 1709 2758 Unde
1737 2723 1783 2757 et
1806 2715 2103 2774 praecipuum
2142 2716 2191 2763 in

233 2785 496 2844 cognitione
538 2782 728 2839 alicujus
768 2782 833 2825 rei
860 2790 925 2825 est
953 2781 1067 2825 scire
1101 2780 1156 2823 de
1184 2794 1237 2823 ea
1263 2779 1369 2838 quid
1403 2788 1483 2824 est.
1525 2779 1590 2822 Ex
1631 2779 1717 2822 hac
1751 2779 1887 2839 igitur
1927 2782 2192 2840 cognitione

232 2863 371 2927 quam
397 2850 566 2894 habent
590 2849 865 2893 substantiae
891 2857 1124 2905 separatae
1151 2846 1207 2890 de
1225 2846 1343 2899 Deo,
1360 2859 1453 2889 non
1471 2845 1663 2904 quiescit
1678 2845 1883 2891 naturale
1899 2847 2191 2917 desiderium,

232 2918 311 2965 sed
337 2918 548 2961 incitatur
574 2915 722 2973 magis
748 2915 803 2958 ad
831 2915 1032 2958 divinam
1061 2913 1358 2957 substantiam
1385 2912 1642 2955 videndam.

277 2985 462 3028 Item·
504 2996 559 3026 ex
586 2981 850 3039 cognitione
892 2979 1136 3024 effectuum
1169 2979 1381 3022 incitatur
1421 2978 1695 3022 desiderium
1727 2978 1782 3023 ad
1816 2979 2191 3038 cognoscendum

232 3064 442 3096 causam:
472 3049 590 3093 unde
617 3048 829 3092 homines
855 3045 1172 3105 philosophari
1198 3045 1510 3102 incoeperunt,
1537 3058 1695 3088 causas
1722 3058 1874 3089 rerum
1899 3045 2190 3105 inquirentes.

230 3118 339 3163 Non
364 3117 557 3176 quiescit
580 3114 717 3173 igitur
743 3113 915 3158 sciendi
942 3112 1218 3156 desiderium
1250 3109 1514 3154 naturaliter
1538 3111 1750 3154 omnibus
1775 3110 2038 3160 substantiis
2058 3112 2191 3160 intel-

230 3183 499 3228 lectualibus
524 3181 732 3233 inditum,
759 3180 845 3223 nisi
873 3178 1069 3253 cognitis
1095 3177 1354 3221 substantiis
1382 3175 1640 3229 effectuum,
1677 3177 1856 3224 etiamsi
1890 3177 2186 3231 substantiam

233 3263 396 3295 causae
439 3257 736 3306 cognoscant.
770 3247 858 3290 Per
882 3245 972 3290 hoc
1005 3244 1156 3303 igitur,
1183 3243 1306 3302 quod
1332 3242 1607 3286 substantiae
1639 3253 1874 3301 separatae
1904 3254 2191 3303 cognoscunt

233 3316 441 3361 omnium
465 3328 629 3366 rerum,
656 3327 848 3371 quarum
875 3311 1146 3356 substantias
1172 3310 1339 3363 vident,
1362 3322 1460 3352 esse
1482 3309 1634 3352 Deum
1659 3321 1861 3363 causam,
1880 3322 1975 3354 non
1999 3310 2190 3369 quiescit

232 3382 507 3427 desiderium
538 3379 744 3423 naturale
776 3379 823 3422 in
855 3378 976 3436 ipsis,
1003 3378 1090 3421 nisi
1123 3385 1166 3420 et
1191 3375 1329 3435 ipsius
1356 3374 1444 3418 Dei
1469 3375 1765 3419 substantiam
1790 3375 1988 3427 videant.

322 3446 512 3491 Adhuc:
546 3447 661 3491 sicut
686 3459 734 3489 se
759 3445 896 3488 habet
921 3443 1124 3519 quaestio
1149 3453 1331 3502 propter
1357 3441 1462 3500 quid
1490 3441 1544 3485 ad
1572 3441 1886 3499 quaestionem
1912 3441 2032 3501 quia,
2055 3441 2120 3492 ita
2138 3454 2188 3491 se

231 3515 369 3559 habet
395 3512 600 3573 quaestio
627 3512 732 3572 quid
759 3522 826 3556 est
869 3511 924 3555 ad
951 3510 1263 3584 quaestionem
1293 3522 1350 3552 an
1376 3517 1455 3552 est.
1481 3507 1603 3552 Nam
1626 3507 1844 3567 quaestio
1872 3517 2056 3571 propter
2079 3508 2188 3568 (μή

233 3580 408 3641 quaerit
434 3579 636 3624 medium
665 3578 720 3622 ad
751 3577 1156 3622 demonstrandum
1184 3574 1290 3635 quia
1315 3582 1382 3619 est
1415 3573 1606 3633 aliquid;
1648 3584 1757 3633 puta
1797 3572 1919 3633 quod
1942 3572 2059 3622 luna
2084 3574 2187 3622 ecli-

2279 3803 2309 3854 ξ’ἦῖ*
2282 3703 2308 3796 «ἑξηῆὗῃῇ
2292 3675 2305 3699 0¹²
2291 3587 2312 3669 {Ssvtfgh
