2294 3854
49 820 54 827 s

15 1079 43 1107 ss.

21 1108 41 1115 «

14 1136 19 1149 l
32 1140 49 1154 ,¹

13 1154 43 1173 φ-

15 1193 42 1224 i*

14 1233 21 1261 f
30 1244 47 1263 ’,Ἥ

14 1263 19 1278 J
33 1267 37 1273 v
51 1271 53 1275 1

13 1347 36 1375 δέ,
44 1349 51 1359 >⁷¹

13 1379 21 1389 ¹.

13 1395 19 1426 ὲ
40 1397 50 1410 ”’

15 1437 32 1449 .,,

13 1585 39 1610 t

13 1645 17 1654 ‹

10 1730 17 1752 ἶ
23 1737 29 1758 2¹

10 1929 33 1942 :³

9 1942 19 1958 ‘a
27 1944 30 1959 l

7 2035 10 2039 ,
22 2032 33 2057 ⁸.

34 2090 39 2099 t

15 2240 29 2263 ³

16 2309 31 2335 ζ

20 2432 24 2439 t

4 2770 29 2788 ..Ji

26 2795 30 2802 t

4 3393 19 3404 ε

10 3464 29 3485 ζ.

8 3484 20 3499 ³2

7 3549 11 3558 .

0 3803 18 3817 s‘

785 203 939 242 mmm
979 205 1049 242 ιν.
1091 205 1212 243 eff.
1252 205 1437 245 Lxxrx.
1979 195 2083 265 687

136 305 401 353 amanter
415 314 485 351 est
499 318 601 381 pars
634 304 864 349 humanae
895 314 1097 349 naturae.
1114 305 1250 350 Non
1235 306 1373 382 igitur
1390 306 1535 351 homo
1559 317 1707 365 potest
1719 307 1926 353 ultimam
1950 309 2088 354 felici-

59 387 75 431 rgs
137 382 281 421 mmm
310 372 544 448 consequi,
565 371 662 416 nisi
693 370 847 415 anima
871 370 1033 414 iterato
1066 371 1248 428 corpori
1274 373 1602 430 conjungatur;
1638 375 1901 431 praesertim
1943 390 2082 435 quum

137 449 373 485 ostensum
399 438 470 492 sit,
487 437 609 497 quod
630 436 813 481 homo
800 450 847 480 m
874 436 960 481 hac
987 436 1080 480 vita
1104 450 1199 480 non
1224 447 1373 496 potest
1399 438 1453 482 ad
1480 435 1745 483 felicitatem
1767 439 1974 486 ultimam
1993 456 2088 500 per-

135 505 306 552 Venire.

144 591 204 617 ἠ]
222 571 364 617 Item:
389 572 507 616 sicut
527 571 573 614 in
594 569 728 614 tertio
753 569 815 626 (c.
839 565 958 624 136.)
980 577 1216 612 ostensum
1233 578 1316 622 est,
1340 582 1396 613 ex
1422 569 1572 614 divina
1591 571 1873 629 providentia
1894 586 2082 631 peccan-

134 637 255 684 tibus
269 650 420 696 poena
434 636 636 689 debetur,
661 644 707 679 et
726 634 842 678 bene
860 634 1095 692 agentibus
1111 634 1382 692 praemium.
1411 634 1463 678 In
1486 635 1571 679 hac
1595 647 1747 681 autem
1765 638 1856 683 vita
1875 639 2086 684 homines

134 717 197 749 ex
214 705 367 749 anima
391 712 439 747 et
462 714 654 761 corpore
687 700 934 759 compositi
955 709 1162 757 peccant,
1183 699 1259 744 vel
1283 711 1409 744 recte
1436 712 1590 759 agunt.
1618 703 1822 748 Debetur
1846 705 1983 762 igitur
2008 706 2088 750 ho-

133 770 333 815 minibus
368 778 414 814 et
435 767 688 814 secundum
714 766 931 819 animam,
958 774 1003 811 et
1037 766 1290 810 secundum
1326 780 1491 824 corpus
1515 767 1798 826 lpraemium,
1823 770 1897 815 vel
1922 785 2084 829 poena.

132 835 428 880 Manifestum
459 844 527 879 est
551 844 704 879 autem
731 833 855 891 quod
887 834 933 876 in
970 832 1057 876 hac
1083 832 1175 875 vita
1201 833 1456 890 praemium
1495 833 1683 879 ultimae
1721 835 1945 881 felicitatis
1983 851 2088 882 con·

42 895 44 900 ’
65 920 69 924 ·
133 902 263 961 sequi
291 915 388 947 non
411 910 617 960 possunt,
641 913 697 944 ex
728 899 798 943 his
824 912 939 957 quae
966 900 1012 942 in
1038 898 1170 942 tertio
1193 908 1298 942 sunt
1324 909 1532 943 ostensa:
1560 900 1791 946 multoties
1818 903 1956 946 etiam
1982 918 2086 962 pec·

89 1001 95 1008 -
134 977 236 1015 csta
265 969 313 1013 in
339 969 427 1013 hac
450 968 544 1012 vita
567 980 662 1012 non
682 967 947 1033 puniuntur;
974 965 1082 1023 quin
1115 964 1276 1017 immo,
1309 975 1356 1009 ut
1393 965 1553 1010 dicitur
1587 967 1696 1024 (Job
1723 968 1845 1012 XXI.
1879 971 1966 1026 7.);
2001 970 2088 1015 Hic

132 1036 256 1095 mpii
280 1035 454 1088 vivunt,
486 1033 709 1092 confortati
739 1039 849 1086 sunt,
877 1031 1169 1089 sublimatique
1200 1031 1371 1076 divitiis.
1406 1032 1724 1077 Necessarium
1753 1036 1886 1092 igitur
1919 1046 1985 1079 est
2012 1050 2089 1094 po-

130 1114 242 1148 ure
264 1102 473 1146 iteratam
490 1100 671 1144 animae
686 1098 743 1142 ad
761 1112 925 1157 corpus
947 1097 1336 1155 conjunctionem,
1355 1107 1403 1142 ut
1420 1098 1599 1143 homo
1588 1115 1635 1144 m
1661 1114 1852 1159 corpore
1871 1111 1915 1146 et
1936 1102 2090 1146 anima

133 1167 376 1227 praemiari
401 1177 445 1212 et
470 1165 619 1226 puniri
643 1164 800 1224 possit.

847 1315 1102 1374 CAPUT
1143 1315 1372 1372 LXXX.

518 1452 886 1509 OBJECTIONES
928 1453 1153 1493 CONTRA
1191 1450 1704 1492 RESURRECTIONEM.

222 1564 338 1610 Sunt
363 1572 516 1608 autem
541 1562 767 1622 quaedam
794 1575 910 1620 quae
942 1561 1285 1605 resurrectionis
1318 1561 1457 1605 fidem
1490 1563 1759 1620 impugnare
1785 1562 2008 1607 videntur.

220 1633 274 1676 In
302 1630 429 1675 nulla
455 1630 579 1675 enim
605 1628 880 1673 naturalium
905 1642 1059 1672 rerum
1084 1628 1325 1683 invenitur,
1347 1628 1394 1672 id
1426 1628 1549 1687 quod
1568 1639 1830 1688 corruptum
1858 1640 1939 1683 est,
1962 1630 2084 1674 idem

133 1711 327 1745 numero
353 1697 498 1742 redire
525 1697 573 1740 in
609 1710 721 1751 esse,
758 1696 874 1740 sicut
907 1706 993 1740 nec
1032 1695 1086 1738 ab
1115 1693 1266 1753 aliqua
1297 1695 1551 1753 privatione
1585 1696 1639 1738 ad
1671 1695 1877 1739 habitum
1914 1696 2090 1740 videtur

132 1779 269 1826 posse
286 1763 440 1809 rediri:
469 1773 514 1808 et
537 1762 659 1816 ideo,
685 1763 791 1822 quia
806 1775 924 1821 quae
941 1770 1292 1819 corrumpuntur
1310 1761 1472 1805 eadem
1490 1775 1685 1805 numero
1703 1762 1854 1806 iterari
1876 1777 1970 1806 non
1992 1777 2092 1821 pos-

132 1841 251 1895 sunt,
275 1840 437 1875 natura
460 1828 652 1874 intendit
676 1839 726 1873 ut
749 1827 794 1880 id
827 1827 950 1888 quod
983 1828 1287 1886 corrumpitur
1312 1828 1437 1878 idem
1463 1830 1612 1886 specie
1639 1843 1719 1887 per
1745 1830 2090 1886 generationem

135 1907 443 1945 conservetur.
456 1895 580 1942 Cum
603 1896 741 1955 igitur
755 1895 970 1940 homines
982 1908 1060 1953 per
1073 1905 1271 1938 mortem
1289 1905 1651 1954 corrumpantur,
1668 1896 1907 1954 ipsumque
1926 1909 2091 1955 corpus

133 1963 336 2011 homimis
361 1977 505 2023 usque
520 1962 578 2008 ad
595 1963 742 2021 prima
762 1961 993 2006 elementa
1017 1957 1284 2015 resolvatur,
1307 1975 1402 2006 non
1417 1961 1596 2006 videtur
1617 1962 1740 2020 quod
1757 1962 1880 2006 idem
1896 1976 2092 2007 numero

133 2031 283 2076 homo
311 2029 456 2090 possit
478 2029 679 2088 reparari
704 2028 761 2073 ad
779 2028 942 2072 vitam.

223 2098 367 2142 Item:
396 2093 678 2154 impossibile
704 2103 773 2140 est
797 2108 898 2139 esse
922 2093 1046 2139 idem
1071 2108 1265 2139 numero
1293 2095 1420 2152 cujus
1446 2094 1629 2152 aliquod
1648 2095 1955 2140 essentialium
1971 2096 2090 2155 prin-

134 2164 360 2224 cipiorum
394 2162 519 2208 idem
550 2175 748 2206 numero
782 2174 880 2206 esse
911 2174 1008 2205 non
1041 2170 1192 2220 potest
1203 2176 1215 2215 ;
1239 2174 1350 2204 nam
1385 2161 1615 2205 essentiali
1650 2162 1870 2220 principio
1902 2163 2092 2216 variato,

134 2243 316 2290 snper
338 2228 538 2275 variatur
567 2227 764 2273 essentia
788 2227 869 2281 rei,
895 2241 975 2286 per
1006 2240 1146 2285 quam
1171 2239 1243 2272 res
1280 2227 1397 2271 sicut
1432 2237 1513 2282 est,
1551 2229 1613 2271 ita
1644 2238 1689 2272 et
1714 2242 1803 2272 una
1830 2238 1910 2273 est.
1950 2227 2090 2280 Quod

134 2305 291 2343 aunem
321 2295 515 2341 omnino
545 2294 660 2340 redit
689 2294 738 2338 in
771 2292 983 2347 nihilum,
1014 2293 1140 2338 idem
1173 2307 1367 2338 numero
1399 2295 1571 2338 resumi
1602 2309 1696 2339 non
1734 2304 1904 2353 potest:
1940 2295 2091 2353 potius

136 2363 258 2408 enim
290 2362 376 2408 ent
398 2375 549 2408 novae
579 2361 662 2406 rei
681 2361 853 2406 creatio
879 2374 1017 2419 quam
1050 2360 1254 2437 ejusdem
1286 2361 1524 2419 reparatio.
1559 2361 1748 2406 Videtur
1780 2372 1931 2406 autem
1963 2361 2092 2420 plura

134 2428 464 2490 principiorum
497 2426 808 2489 essentialium
840 2427 1042 2471 hominis
1074 2440 1152 2486 per
1189 2429 1286 2485 ejus
1322 2436 1520 2471 mortem
1546 2427 1593 2471 in
1624 2428 1819 2472 nihilum
1844 2428 2004 2472 redire.
2037 2427 2093 2472 Et

132 2497 302 2556 primo
312 2494 534 2554 quidem'
522 2507 622 2554 ipsa
643 2493 938 2552 corporeitas,
965 2503 1010 2538 et
1030 2492 1206 2538 formae
1238 2494 1485 2547 mixtionis,
1513 2508 1618 2537 cum
1653 2508 1818 2552 corpus
1856 2493 2092 2539 manifeste

136 2560 423 2608 dissolvatur
445 2560 628 2606 Deinde
658 2574 763 2619 pars
790 2560 968 2604 animae
1001 2561 1230 2612 sensitiva,
1257 2569 1302 2603 et
1327 2560 1554 2612 nutritiva,
1581 2574 1697 2618 quae
1730 2561 1826 2604 sine
1859 2561 2090 2619 corporeis

138 2628 322 2687 organis
347 2641 558 2673 essenon
583 2636 786 2686 possunt.
813 2626 1015 2672 Ulterius
1043 2635 1195 2670 autem
1221 2626 1267 2669 in
1300 2625 1493 2670 nihilum
1520 2626 1695 2670 videtur
1712 2626 1856 2670 redire
1887 2627 1984 2684 ipsa
2005 2626 2089 2670 hu-

141 2694 351 2748 manitas,
377 2707 494 2753 quae
526 2693 688 2738 dicitur
705 2707 805 2738 esse
834 2692 983 2737 forma
1007 2693 1160 2745 totius,
1189 2693 1341 2735 anima
1369 2706 1393 2735 a
1421 2705 1612 2750 corpore
1638 2701 1858 2750 separata.
1879 2692 2092 2751 Impossi-

140 2761 232 2810 bile
260 2761 399 2820 igitur
422 2760 598 2805 videtur
622 2759 745 2819 quod
770 2759 917 2804 homo
942 2760 1065 2803 idem
1091 2772 1282 2802 numero
1309 2768 1526 2816 resurgat.

226 2826 418 2872 Adhuc:
444 2826 568 2886 quod
591 2840 686 2870 non
705 2836 773 2871 est
800 2826 1082 2880 continuum,
1107 2825 1229 2868 idem
1255 2837 1449 2868 numero
1476 2838 1574 2869 esse
1605 2837 1700 2869 non
1735 2824 1935 2870 videtur:
1967 2824 2092 2883 quod

138 2893 323 2954 quidem
348 2907 442 2937 non
468 2892 619 2937 solum
646 2893 692 2936 in
719 2892 1123 2950 magnitudinibus,
1150 2901 1193 2934 et
1219 2890 1416 2935 motibus
1434 2890 1724 2935 manifestum
1752 2901 1832 2944 est,
1849 2891 1927 2935 sed
1948 2891 2086 2937 etiam

140 2960 189 3007 in
213 2959 518 3019 qualitatibus,
543 2970 588 3004 et
619 2958 796 3004 formis:
830 2961 867 3003 si
903 2960 1026 3002 enim
1051 2967 1155 3019 post
1179 2956 1419 3001 sanitatem
1453 2956 1613 3015 aliquis
1645 2957 1896 3003 infirmatus
1924 2958 2089 3003 iterato

140 3036 337 3080 sanemr,
362 3039 456 3071 non
481 3025 644 3071 redibit
668 3026 829 3070 eadem
853 3026 1019 3068 sanitas
1044 3037 1252 3067 numero.
1283 3021 1578 3067 Manifestum
1596 3032 1665 3068 est
1691 3033 1843 3068 autem
1868 3025 1993 3083 quod
2011 3039 2092 3084 per

139 3102 340 3139 mortem
365 3106 463 3138 esse
495 3091 697 3136 hominis
725 3090 947 3143 aufertur;
974 3103 1115 3147 quum
1139 3089 1369 3146 corruptio
1395 3089 1454 3132 sit
1485 3089 1675 3133 mutatio
1703 3089 1759 3134 de
1794 3103 1893 3134 esse
1922 3090 1970 3134 in
1995 3104 2092 3135 non

58 3176 62 3180 ·
119 3172 253 3204 resse.
278 3158 567 3218 Impossibile
585 3167 653 3202 est
676 3157 814 3215 igitur
830 3156 951 3215 quod
974 3169 1072 3200 esse
1090 3154 1289 3198 hominis
1306 3155 1428 3199 idem
1445 3169 1638 3200 numero
1664 3155 1913 3201 reiteretur.
1928 3157 2091 3216 Neque
2121 3183 2124 3185 >

137 3225 276 3284 igitur
302 3225 388 3271 erit
411 3224 538 3270 idem
560 3224 706 3269 homo
731 3236 948 3276 numero;
980 3235 1095 3279 quae
1129 3220 1251 3264 enim
1286 3231 1391 3265 sunt
1423 3222 1584 3266 eadem
1610 3236 1804 3267 numero
1838 3223 2091 3268 secundum

137 3304 242 3340 esee
263 3301 369 3336 sunt
399 3291 536 3335 idem.

227 3356 462 3415 Amplius:
490 3357 526 3401 si
553 3355 674 3400 idem
690 3353 892 3398 hominis
907 3367 1073 3412 corpus
1090 3353 1395 3412 reparatunad
1417 3353 1575 3407 vitam,
1592 3355 1688 3412 pari
1713 3355 1889 3400 ratione
1911 3365 2092 3415 oportet

140 3423 266 3483 quod
299 3421 516 3483 quidquid
548 3421 596 3465 in
628 3434 820 3479 corpore
846 3420 1047 3464 hominis
1079 3419 1176 3474 fuit,
1212 3420 1362 3464 eidem
1397 3421 1668 3466 restituatur.
1701 3421 1773 3465 Ad
1811 3422 1900 3466 hoc
1937 3432 2091 3468 autem

138 3488 340 3535 maxima
353 3487 611 3533 indecentia
639 3487 857 3546 sequitur,
887 3499 983 3531 non
1009 3485 1160 3531 solum
1186 3496 1370 3546 propter
1394 3486 1600 3547 capillos,
1626 3498 1671 3532 et
1687 3502 1877 3547 ungues.
1893 3496 1939 3534 et
1958 3488 2092 3548 pilos,

139 3556 215 3618 qui
247 3553 489 3603 manifeste
513 3553 778 3615 quotidiana
799 3553 1082 3613 praecisione
1096 3552 1332 3608 tolluntur,
1354 3554 1432 3599 sed
1460 3554 1598 3599 etiam
1616 3564 1798 3614 propter
1816 3554 1927 3600 alias
1943 3565 2091 3616 partes
