2332 3854
318 169 385 223 82
794 221 804 229 ,
984 182 1140 222 LIBER
1179 182 1214 220 1.
1258 183 1378 221 CAP.
1419 183 1604 222 vam.

317 284 373 327 ad
400 298 558 338 unum,
584 293 628 328 et
652 283 921 329 violentiam
949 298 1113 329 causae
1140 286 1332 329 exterius
1359 285 1556 343 agentis3
1583 299 1678 331 non
1704 296 1857 332 autem
1878 287 2076 332 excludit
2091 287 2281 333 influen-

315 350 427 394 tiam
454 351 699 410 superioris
726 365 890 395 causae
913 365 938 395 a
962 366 1050 410 qua
1077 360 1144 395 est
1166 351 1208 395 ei
1233 365 1331 396 esse
1358 361 1403 396 et
1428 353 1629 411 operari3
1652 363 1697 398 et
1721 354 1785 399 sic
1807 364 2014 398 remanet
2039 353 2280 400 causalitas

315 417 362 460 in
389 431 526 461 causa
543 418 704 476 prima,
734 432 848 476 quae
867 418 993 462 Deus
1019 427 1099 470 est,
1126 428 1335 476 respectu
1362 428 1574 463 motuum
1601 420 1863 476 voluntatis,
1891 431 1940 466 ut
1974 421 2039 466 sic
2064 421 2193 467 Deus
2217 435 2282 467 se-

314 484 465 543 ipsum
491 485 815 544 cognoscendo
843 484 1108 544 hujusmodi
1134 498 1415 544 cognoscere
1441 487 1596 544 possit.

1044 659 1299 717 CAPUT
1340 660 1541 718 LXIX.

787 795 947 840 QUOD
989 797 1130 835 DEUS
1172 796 1494 838 COGNOSCIT
1536 797 1797 838 INFINITA.

408 899 471 955 (I.
495 904 610 957 part.
638 903 789 955 quaest.
821 897 939 941 XIV.
967 904 1048 942 art.
1081 913 1144 943 12.
1171 905 1210 944 et
1233 899 1268 943 I.
1299 899 1410 944 Sent.
1436 899 1529 944 dist.
1557 899 1753 944 XXXIX.
1781 904 1934 958 quaest.
1959 899 2035 944 XI.
2059 906 2142 945 art:
2163 915 2200 960 3.
2250 932 2253 937 .

739 984 748 992 ·
900 971 939 1009 et
963 965 1031 1009 De
1055 967 1177 1010 verit.
1210 971 1361 1024 quaest.
1395 967 1470 1010 XI.
1498 972 1579 1010 art.
1607 966 1686 1024 9.).

403 1077 515 1121 Post
546 1076 636 1120 hoc
671 1075 1004 1120 ostendendum
1036 1086 1105 1121 est
1136 1076 1258 1135 quod
1291 1077 1417 1121 Deus
1450 1077 1626 1121 infinita
1654 1077 1906 1136 cognoscit.
1934 1076 2278 1136 Cognoscendo

316 1145 437 1188 enirn
464 1158 511 1188 se
538 1157 637 1188 esse
671 1157 858 1188 causam
890 1157 1057 1197 rerum,
1085 1143 1174 1188 alia
1199 1158 1225 1187 a
1251 1158 1299 1188 se
1327 1144 1580 1202 cognoscit,
1607 1153 1657 1188 ut
1682 1158 1737 1188 ex
1762 1143 2070 1202 superioribus
2095 1146 2158 1204 (c.
2184 1147 2279 1206 49)

314 1220 451 1270 patet.
469 1211 571 1269 Ipse
595 1219 748 1254 autem
767 1220 836 1254 est
852 1224 989 1254 causa
1005 1209 1303 1265 infinitorum,
1319 1211 1358 1254 si
1373 1210 1549 1255 infinita
1571 1220 1676 1254 sunt
1692 1210 1826 1265 entia,
1845 1219 1914 1255 est
1929 1210 2058 1255 enim
2071 1211 2281 1291 omnium

314 1291 474 1322 eorum
497 1292 612 1336 quae
634 1287 740 1323 sunt
762 1291 924 1331 causa;
951 1287 1019 1321 est
1039 1277 1177 1335 igitur
1197 1276 1483 1321 infinitorum
1505 1277 1861 1353 cognoscitivus.
1897 1318 1899 1320 .

402 1346 542 1388 Item:
569 1345 696 1388 Deus
729 1357 862 1388 suam
893 1343 1108 1388 virtutem
1139 1343 1336 1403 perfecte
1370 1344 1624 1403 cognoscit,
1651 1353 1703 1388 ut
1731 1358 1787 1388 ex
1811 1343 2080 1421 supradictis
2107 1345 2169 1403 (c.
2200 1357 2278 1404 47.

314 1422 358 1457 et
378 1412 471 1473 49.)
497 1421 644 1489 patet:
671 1412 811 1456 virtus
838 1421 993 1455 autem
1018 1425 1114 1455 non
1146 1404 1296 1471 pote‘st
1329 1411 1553 1470 cognosci
1578 1377 1793 1470 perfehe,
1818 1411 1907 1455 nisi
1938 1422 2282 1470 cognoscantur

314 1481 470 1523 omnia
494 1480 542 1522 in
569 1493 684 1538 quae
710 1487 872 1537 potest,
900 1492 1007 1522 cum
1033 1479 1286 1523 secundum
1314 1493 1367 1523 ea
1391 1479 1618 1538 quantitas
1638 1479 1815 1523 virtutis
1841 1478 2189 1539 quodammodo
2215 1489 2279 1525 at-

311 1547 534 1591 tendatur.
568 1546 664 1590 Sua
695 1556 847 1590 autem
872 1546 1013 1590 virtus
1040 1560 1147 1590 cum
1178 1546 1235 1590 sit
1259 1546 1449 1600 infinita,
1477 1556 1526 1590 ut
1552 1556 1788 1591 ostensum
1819 1555 1888 1590 est
1917 1559 2052 1606 supra
2079 1547 2142 1604 (c.
2166 1545 2278 1606 43.),

314 1614 369 1658 ad
394 1614 572 1658 infinita
603 1628 651 1658 se
679 1613 900 1668 extendit3
934 1622 1003 1657 est
1027 1613 1164 1671 igitur
1189 1613 1316 1658 Deus
1342 1613 1627 1658 infinitorum
1653 1613 1879 1672 cognitor.

402 1680 636 1739 Amplius:
663 1680 702 1724 si
727 1681 816 1724 Dei
833 1680 1036 1739 cognitio
1055 1680 1111 1723 ad
1131 1681 1287 1724 omnia
1309 1695 1357 1725 se
1375 1681 1576 1725 extendit
1590 1676 1707 1739 quae
1725 1679 2118 1740 qualitercumque
2134 1681 2277 1726 modo

312 1757 430 1802 sunt,
448 1758 630 1807 oportet
646 1747 769 1806 quod
790 1761 886 1796 non
904 1747 1055 1792 solum
1079 1758 1332 1806 cognoscat
1349 1762 1428 1792 ens
1447 1758 1566 1802 actu,
1591 1747 1670 1792 sed
1689 1747 1829 1791 etiam
1850 1761 1929 1792 ens
1946 1747 2169 1806 potentia..
2187 1747 2280 1793 Sed

312 1816 357 1858 in
383 1815 516 1859 rebus
542 1814 822 1859 naturalibus
849 1825 916 1858 est
940 1814 1168 1858 infinitum
1194 1815 1241 1858 in
1273 1815 1491 1873 potentia,
1519 1815 1604 1858 etsi
1627 1827 1723 1858 non
1748 1823 1870 1869 actu,
1896 1824 1947 1859 ut
1965 1813 2277 1875 Philosophus

310 1883 473 1941 probat
496 1883 542 1926 in
568 1882 702 1926 tertio
725 1882 908 1941 Physic.
937 1883 988 1939 (t.
1016 1896 1053 1926 c.
1078 1882 1166 1938 8.);
1195 1883 1435 1940 cognoscit
1455 1882 1592 1940 igitur
1616 1882 1744 1926 Deus
1768 1880 1959 1937 infinita,
1985 1881 2103 1927 sicut
2124 1881 2280 1938 unitas

312 1963 428 2008 quae
461 1960 528 1993 est
558 1949 831 2008 principium
872 1949 1067 2002 numeri,
1093 1948 1290 1992 infinitas
1333 1949 1506 2008 species
1547 1961 1848 1992 numerorum
1890 1957 2212 2007 cognosceret,
2239 1949 2280 1994 si

313 2026 614 2074 cognosceret
639 2015 863 2074 quidquid
896 2025 965 2059 est
994 2016 1042 2059 in
1075 2029 1156 2059 sua
1182 2016 1408 2074 potentia:
1443 2026 1510 2060 est
1541 2015 1662 2059 enirn
1695 2015 1859 2069 unitas,
1890 2015 2291 2074 potentiaomnis

311 2098 540 2127 numerus.

401 2151 591 2194 Adhuc:
619 2150 745 2194 Deus
772 2149 967 2194 essentia
993 2163 1075 2193 sua
1092 2149 1208 2193 sicut
1230 2149 1432 2208 quodam
1455 2149 1608 2193 medio
1632 2147 1882 2208 exemplari
1908 2149 1998 2194 alia
2020 2151 2271 2210 cognoscit.

314 2217 404 2262 Sed
442 2232 548 2261 cum
581 2217 637 2261 sit
667 2216 957 2275 perfectionis
990 2216 1206 2270 infinitae,
1239 2227 1288 2260 ut
1319 2231 1455 2275 supra
1488 2218 1547 2274 (c.
1580 2218 1674 2275 43.)
1709 2226 1946 2261 ostensum
1977 2226 2060 2271 eet,
2092 2217 2148 2262 ab
2173 2217 2277 2276 ipso

315 2284 563 2344 exemplari
601 2293 791 2343 possunt
822 2284 997 2328 infinita
1032 2284 1246 2328 habentia
1285 2283 1586 2342 perfectiones
1624 2283 1791 2338 finitas,
1818 2286 1926 2342 quia
1953 2298 2049 2329 ·nec
2091 2283 2296 2344 aliquod-

312 2367 454 2396 unum
481 2366 657 2406 eorum,
684 2366 768 2396 nec
797 2351 1025 2410 quaelibet
1050 2351 1178 2409 plura
1205 2350 1462 2410 exemplata
1487 2350 1819 2410 perfectionem
1846 2350 2118 2411 exemplaris
2148 2351 2280 2397 adae-

312 2434 450 2478 quare
478 2430 680 2496 possunt,
708 2429 752 2463 et
777 2420 841 2463 sic
861 2434 1041 2478 semper
1062 2429 1269 2463 remanet
1290 2433 1436 2463 novus
1463 2418 1627 2462 modus
1651 2432 1741 2477 quo
1768 2418 1940 2477 aliquid
1967 2417 2276 2479 exemplatum

309 2487 457 2546 ipsum
484 2487 662 2531 imitare
689 2487 843 2544 possit
862 2486 991 2531 Nihil
1017 2486 1152 2545 igitur
1178 2486 1390 2545 prohibet
1411 2487 1561 2544 ipsum
1579 2500 1659 2544 per
1688 2485 1935 2530 essentiam
1951 2484 2278 2532 suaminfinita

312 2568 607 2613 cognoscere.
2094 2571 2098 2575 ’

399 2622 666 2675 Praeterea,
701 2635 799 2665 esse
826 2622 914 2665 Dei
941 2631 1007 2665 est
1033 2635 1166 2665 suurn
1192 2615 1470 2679 inteleere3
1498 2620 1614 2664 sicut
1640 2618 1774 2679 igitur
1800 2634 1935 2664 suum
1961 2634 2061 2665 esse
2087 2630 2156 2667 est
2174 2594 2277 2666 infi-

310 2690 471 2742 nitum,
498 2699 548 2733 ut
573 2699 808 2733 ostensum
836 2699 902 2733 est
912 2688 1052 2747 (ibid.
1056 2690 1091 2745 )‚
1114 2689 1176 2732 ita
1198 2702 1332 2732 suum
1350 2687 1603 2746 intelligere
1631 2697 1700 2731 est
1717 2686 1956 2732 infinitum.
1977 2687 2107 2732 Sicut
2122 2697 2276 2733 autern

309 2771 356 2801 se
383 2757 522 2800 habet
547 2756 725 2800 finitum
753 2756 810 2799 ad
836 2756 1028 2811 finitum,
1048 2756 1109 2799 ita
1131 2756 1270 2800 etiam
1287 2755 1514 2799 infinitum
1534 2755 1588 2798 ad
1612 2754 1855 2799 infinitum.
1881 2754 1932 2799 Si
1954 2754 2095 2813 igitur
2117 2769 2277 2800 secun-

309 2824 419 2867 dum
445 2823 701 2881 intelligere
726 2833 951 2877 nostrum,
979 2823 1101 2882 quod
1133 2822 1312 2866 finitum
1346 2831 1426 2876 est,
1453 2822 1578 2866 finita
1606 2836 1768 2881 capere
1795 2835 2054 2880 possumus,
2075 2831 2122 2867 et
2145 2822 2272 2868 Deus

309 2890 561 2935 secundum
587 2904 721 2934 suum
748 2889 1016 2948 intelligere,
1043 2889 1271 2933 infinitum
1297 2889 1472 2933 infinita
1500 2903 1661 2947 capere
1694 2898 1857 2947 potest.

398 2956 635 3015 Amplius:
660 2956 917 3001 intellectus
948 2970 1235 3015 cognoscens
1269 2956 1523 3000 maximum
1554 2955 1853 3014 intelligibile,
1885 2953 1980 3000 non
2013 2957 2164 3001 minus
2194 2970 2276 3002 co-

310 3024 490 3082 gnoscit
515 3023 711 3078 minora,
744 3024 822 3068 sed
856 3024 1020 3081 magis,
1053 3034 1102 3067 ut
1133 3034 1255 3082 patet
1286 3039 1365 3082 per
1398 3023 1735 3082 Philosophum
1775 3023 1823 3067 in
1854 3023 1990 3068 tertio
2014 3023 2090 3069 De
2120 3023 2275 3069 anima

303 3091 359 3148 (t.
387 3105 424 3134 c.
454 3092 532 3149 7.),
560 3090 681 3149 quod
709 3104 763 3134 ex
789 3091 878 3134 hoc
907 3091 1130 3149 provenit,
1157 3091 1262 3149 quia
1294 3090 1548 3134 intellectus
1575 3104 1668 3133 non
1706 3091 2012 3149 corrumpitur
2043 3098 2099 3135 e'x
2129 3089 2273 3135 excel·

307 3158 414 3202 lenti
442 3158 730 3217 intelligibili,
757 3158 873 3202 sicut
900 3173 1071 3213 sensus,
1099 3158 1177 3202 sed
1220 3158 1366 3216 magis
1394 3157 1635 3215 perficitur.
1669 3157 1758 3202 Sed
1792 3157 1831 3202 si
1861 3157 2143 3217 accipiantur
2177 3157 2274 3202 infi-

307 3225 401 3269 nita
429 3226 562 3279 entia,
590 3226 684 3269 sive
707 3225 795 3269 sint
821 3226 1025 3283 ejusdem
1051 3225 1235 3283 speciei,
1263 3235 1311 3268 ut
1331 3224 1493 3268 infiniti
1519 3224 1749 3277 homines,
1765 3218 1861 3269 sire
1877 3224 2156 3270 infinitatum
2174 3239 2270 3284 spe-

310 3294 496 3346 cierum,
525 3293 704 3336 etiamsi
737 3293 902 3352 aliqua,
930 3292 1004 3336 vel
1037 3293 1193 3336 onmia
1227 3302 1376 3335 essent
1407 3291 1583 3335 infinita
1615 3292 1869 3337 secundum
1894 3291 2210 3352 quantitatem,
2234 3294 2272 3337 si

308 3360 398 3402 hoc
428 3370 545 3404 esset
571 3359 800 3418 possibile,
827 3360 1089 3403 universum
1123 3373 1283 3403 eorum
1317 3368 1434 3403 esset
1466 3359 1657 3403 minoris
1682 3358 1917 3405 infinitatis
1947 3372 2085 3419 quam
2111 3358 2269 3414 Deus;

306 3441 413 3469 nam
442 3427 676 3485 quodlibet
702 3442 878 3481 eorum,
907 3438 950 3471 et
976 3429 1133 3471 omnia
1159 3427 1308 3482 simul,
1336 3427 1556 3471 haberent
1582 3441 1679 3471 esse
1707 3436 1944 3486 receptum
1957 3435 2004 3488 et
2016 3425 2270 3472 limitatum

307 3493 362 3537 ad
390 3493 590 3552 aliquam
617 3496 831 3552 speciem,
854 3494 927 3539 vel
954 3509 1123 3553 genus3
1154 3503 1198 3538 et
1223 3495 1286 3539 sic
1314 3493 1568 3538 secundum
1597 3494 1767 3553 aliquid
1793 3492 2129 3548 essetfinitum,
2146 3493 2271 3540 unde

307 3559 517 3605 deficeret
546 3561 599 3605 ab
629 3561 847 3606 infinitate
864 3561 966 3615 Dei,
984 3561 1061 3621 qui
1079 3571 1146 3606 est
1161 3561 1361 3606 infinitus
1389 3560 1670 3620 simpliciter,
1697 3571 1745 3606 ut
1771 3559 2098 3621 suptuseass.)
2120 3568 2271 3614 ostun-r
2326 3595 2332 3619 ,
