2332 3854
848 250 1002 290 LIBER
1040 249 1096 288 11.
1139 249 1258 289 cAP.
1300 250 1351 288 e.
1968 236 2073 306 285

208 354 468 398 Praeterea:
501 351 539 396 si
565 365 759 412 corpora
786 352 1004 398 coelestia
1030 362 1273 397 moventur
1305 366 1330 398 a
1363 351 1622 398 substantiis
1659 353 1892 412 separatis,
1925 368 2082 399 secun-

120 420 227 466 dum
245 418 628 480 philosophorum
646 418 922 478 positionem
948 419 1151 478 (decimo
1178 418 1380 465 secundo
1407 419 1662 478 Metaphys.
1690 429 1720 463 t.
1750 434 1788 464 c.
1815 419 1883 478 36.
1900 430 1953 480 *et
1975 421 2079 479 37.),

121 501 262 548 quum
292 486 565 531 substantiae
590 495 822 544 separatae
854 496 992 545 agant
1017 496 1061 530 et
1086 496 1304 531 moveant
1328 500 1408 546 per
1428 485 1730 540 intellectum,
1753 495 1934 545 oportet
1957 487 2079 546 quod

119 563 402 614 cognoscant
426 551 596 597 mobile
622 552 743 611 quod
775 562 978 606 movent,
1004 553 1127 611 quod
1154 562 1220 598 est
1247 552 1479 612 quoddam
1530 551 1826 611 particulare;
1852 567 1960 596 nam
1987 553 2081 597 uni-

117 619 312 667 versalia
336 618 590 664 immobilia
615 629 731 663 sunt.
765 618 887 663 Situs
914 619 1067 672 etiam,
1094 619 1170 678 qui
1195 629 1471 664 renovantur
1496 634 1577 679 per
1603 629 1796 674 motum,
1827 629 1931 664 sunt
1949 634 2081 679 quae-

119 687 227 733 dam
258 686 501 746 singularia
533 700 649 745 quae
680 699 774 730 non
799 696 989 745 possunt
1015 685 1216 744 ignorari
1243 700 1268 730 a
1295 686 1543 732 substantia
1570 696 1784 731 movente
1807 700 1884 746 per
1905 685 2080 730 intelle-

120 765 259 799 ctum.
279 754 476 812 Oportet
498 752 635 812 igitur
659 752 808 797 dicere
831 752 954 812 quod
975 753 1250 797 substantiae
1268 763 1501 813 separatae
1522 752 1770 812 singularia
1796 762 2080 813 cognoscant

120 821 307 867 istarum
335 819 642 865 materialium
666 832 831 863 rerum.

904 1017 1158 1073 CAPUT
1203 1016 1295 1074 CI.

268 1159 461 1200 UTRUM
493 1159 867 1199 SUBSTANTIAE
908 1160 1220 1199 SEPARATAE
1261 1160 1539 1201 NATURALI
1580 1160 1928 1202 COGNITIONE

688 1242 1062 1282 COGNOSCANT
1105 1243 1283 1282 OMNIA
1322 1243 1503 1282 SIMUL.

211 1352 333 1406 Quia
355 1366 464 1397 vero
486 1351 741 1397 intellectus
769 1352 814 1396 in
842 1362 944 1396 actu
972 1362 1039 1397 est
1063 1351 1345 1397 intellectum
1371 1353 1418 1396 in
1446 1361 1565 1406 actu,
1588 1352 1704 1397 sicut
1725 1366 1883 1397 sensus
1903 1353 1951 1397 in
1973 1362 2078 1398 actu

120 1429 188 1464 est
212 1419 424 1464 sensibile
448 1419 496 1464 in
529 1429 648 1474 actu,
674 1419 795 1464 idem
823 1428 976 1463 autem
1007 1433 1102 1463 non
1134 1429 1282 1478 potest
1315 1419 1451 1464 simul
1485 1433 1583 1464 esse
1615 1418 1759 1464 multa
1785 1420 1831 1464 in
1857 1429 1976 1474 actu,
1998 1421 2079 1464 im·

115 1485 330 1547 possibile
359 1486 536 1531 videtur
561 1486 684 1546 quod
707 1485 964 1531 intellectus
1000 1485 1275 1530 substantiae
1308 1495 1542 1544 separatae
1583 1486 1750 1531 habeat
1789 1487 1965 1546 species
1998 1487 2075 1532 in·-

115 1553 420 1613 telligibilium
446 1554 660 1607 diversas,
692 1553 808 1598 sicut
833 1554 926 1611 jam
952 1567 1085 1612 supra
1111 1553 1284 1597 dictum
1311 1563 1391 1598 est.

207 1621 297 1666 Sed
319 1620 555 1666 sciendum
581 1630 649 1664 est
675 1620 796 1679 quod
821 1634 916 1664 non
939 1633 1078 1663 omne
1098 1618 1210 1663 illud
1233 1629 1302 1665 est
1322 1618 1603 1664 intellectum
1630 1620 1677 1664 in
1705 1630 1808 1664 actu
1831 1620 1959 1678 cujus
1981 1634 2061 1680 spe

117 1688 209 1734 cies
238 1686 533 1747 intelligibilis
559 1697 663 1731 actu
690 1697 757 1731 est
781 1686 827 1730 in
859 1685 1116 1741 intellectu3
1141 1701 1282 1746 quum
1311 1687 1435 1731 enim
1460 1687 1709 1732 substantia
1732 1686 1992 1746 intelligens
2016 1688 2074 1732 sit

116 1753 255 1800 etiam
279 1752 454 1807 volens,
487 1767 538 1797 ac
565 1767 645 1811 per
670 1753 759 1796 hoc
786 1753 844 1796 sit
868 1752 1056 1796 domina
1082 1753 1152 1797 sui
1178 1763 1320 1806 actus,
1345 1753 1392 1796 in
1417 1762 1641 1811 potestate
1673 1753 1815 1811 ipsius
1841 1763 1923 1807 est,
1956 1763 2077 1812 post·

0 1817 38 1877 ᾗ
114 1835 253 1881 quam
277 1820 415 1865 habet
445 1819 648 1880 speciem
678 1818 1027 1878 intelligibilem,
1054 1830 1103 1864 ut
1129 1833 1183 1864 ea
1214 1830 1364 1864 utatur
1403 1819 1702 1879 intelligendo
1745 1829 1874 1874 actu;
1914 1819 2003 1874 vel,
2034 1816 2075 1865 si

34 1888 37 1896 ’
113 1887 251 1932 habet
280 1886 445 1947 plures,
472 1897 521 1931 ut
549 1895 695 1930 utatur
726 1900 816 1930 una
842 1888 1057 1944 ipsarum.
1090 1886 1225 1930 Unde
1258 1897 1302 1931 et
1338 1901 1392 1931 ea
1431 1901 1627 1945 quorum
1659 1887 1896 1931 scientiam
1938 1887 2076 1932 habe-

114 1970 232 2011 mus,
246 1970 342 2000 non
358 1956 514 2000 omnia
532 1965 635 1999 actu
653 1954 1009 1998 consideramus.
1029 1954 1292 1999 Substantia
1307 1955 1443 2014 igitur
1472 1953 1805 2009 intellectualis,
1824 1969 1906 2014 per
1922 1955 2073 2015 plures

112 2023 286 2083 species
318 2035 618 2082 cognoscens,
645 2021 782 2065 utitur
807 2035 897 2065 una
928 2035 1066 2079 quarn
1093 2021 1203 2075 vult,
1231 2035 1283 2065 ac
1310 2036 1391 2079 per
1415 2021 1505 2065 hoc
1539 2021 1676 2066 simul
1702 2032 1805 2066 actu
1834 2023 2076 2082 cognoscit

114 2089 271 2135 omnia
296 2101 516 2149 quaeper
540 2102 681 2132 unam
706 2088 907 2148 speciem
934 2088 1196 2146 cognoscit;
1224 2089 1379 2132 omnia
1406 2089 1528 2132 enim
1556 2099 1658 2132 sunt
1680 2098 1729 2133 ut
1750 2103 1893 2132 unum
1914 2089 2078 2134 intelli—

7 2152 37 2170 ”’
114 2156 265 2216 gibile,
290 2157 336 2200 in
363 2165 583 2215 quantum
609 2164 713 2199 sunt
737 2168 816 2214 per
833 2168 976 2198 unum
994 2155 1192 2213 cognita,
1210 2155 1325 2199 sicut
1342 2165 1387 2199 et
1401 2155 1657 2200 intellectus
1675 2166 1830 2200 noster
1846 2155 1983 2200 simul
2002 2170 2076 2201 co-

113 2223 295 2284 gnoscit
308 2222 451 2267 multa
468 2222 524 2266 ad
539 2221 737 2266 invicem
751 2221 1006 2279 composita
1023 2221 1096 2265 vel
1113 2221 1254 2266 relata
1271 2232 1320 2265 ut
1337 2236 1478 2266 unum
1498 2222 1743 2281 quoddam.
1757 2223 1822 2266 Ea
1835 2236 1943 2267 vero
1956 2234 2073 2282 quae

110 2303 192 2351 per
207 2290 406 2334 diversas
421 2289 596 2348 species
614 2288 854 2347 cognoscit
868 2302 963 2332 non
980 2289 1220 2347 cognoscit
1237 2289 1398 2343 simul;
1417 2299 1460 2333 et
1476 2289 1596 2344 ideo,
1609 2289 1725 2334 sicut
1738 2299 1806 2334 est
1817 2289 2074 2334 intellectus

28 2358 45 2398 ἐ
112 2370 245 2411 uuus,
273 2357 336 2401 ita
367 2365 436 2401 est
458 2355 742 2400 intellectum
767 2355 815 2399 in
848 2365 951 2400 actu
978 2369 1135 2399 unum.
1167 2356 1248 2401 Est
1284 2356 1418 2416 igitur
1450 2356 1497 2400 in
1522 2356 1756 2401 intellectu
1797 2357 2075 2402 substantiae

31 2443 51 2467 1
109 2433 344 2483 separatae
369 2422 595 2482 quaedam
619 2421 1024 2481 intelligentiarum
1050 2424 1309 2478 successi03
1335 2438 1429 2468 non
1451 2433 1606 2468 tamen
1630 2434 1781 2468 motus
1803 2424 1986 2483 proprie
2008 2424 2073 2469 lo·

21 2507 47 2544 „g
111 2490 308 2551 quendo,
344 2504 487 2549 quum
526 2503 621 2534 non
661 2488 878 2533 succedat
919 2499 1047 2534 actus
1079 2490 1325 2548 potentiae,
1367 2490 1446 2535 sed
1480 2501 1606 2536 actus
1641 2491 1776 2536 actui.
1808 2490 2072 2536 Intellectus

4 2567 54 2619 <J
112 2567 266 2603 autem
291 2556 484 2611 divinus,
508 2557 614 2616 quia
639 2570 719 2616 per
743 2570 902 2610 unum,
934 2556 1057 2615 quod
1085 2567 1152 2602 est
1176 2572 1257 2603 sua
1290 2558 1501 2612 essentia,
1543 2559 1700 2603 omnia
1742 2558 1997 2618 cognoscit,
2030 2568 2076 2604 et

48 2624 50 2627 ’
111 2637 194 2670 sua
219 2623 338 2670 actio
364 2634 432 2669 est
455 2638 538 2668 sua
563 2622 773 2677 essentia,
800 2623 957 2668 omnia
983 2624 1118 2668 simul
1148 2624 1385 2683 intelligit;
1418 2626 1537 2670 unde
1564 2628 1608 2671 in
1635 2625 1934 2685 intelligentia
1977 2628 2074 2685 ejus

22 2688 43 2750 [J
110 2703 210 2736 nou
231 2691 353 2737 cadit
376 2689 527 2750 aliqua
550 2690 797 2744 successio,
829 2690 908 2735 sed
935 2705 1069 2734 suum
1094 2691 1349 2751 intelligere
1376 2702 1444 2738 est
1468 2702 1618 2738 toturn
1641 2692 1778 2738 simul
1802 2692 2071 2754 perfectum,

9 2757 60 2819 ,ζ
111 2771 382 2819 permanens
407 2771 490 2817 per
512 2757 671 2802 omnia
694 2756 878 2802 saecula
909 2756 1213 2803 saeculorum.
1247 2759 1413 2803 Amen.
