2332 3854
263 244 366 299 552
960 243 1114 282 LIBER
1154 239 1521 281 1v.cA1³.v11.

350 345 583 405 Amplius:
616 345 662 388 in
690 343 808 389 Psal.
835 342 1090 387 XXXVIII.
1119 355 1159 401 7.
1186 340 1352 407 legitur
1382 356 1476 387 non
1512 354 1612 389 esse
1652 344 1994 393 similitudinem
2026 323 2215 406 alicujus

258 412 316 456 ad
346 412 514 466 Deum,
542 413 678 455 etiam
705 411 821 454 inter
848 410 1051 468 angelos,
1084 410 1160 467 qui
1185 409 1266 453 filii
1290 409 1380 453 Dei
1405 410 1635 455 dicuntur.
1672 413 1824 468 Qui5..
1865 445 1892 466 .,
1925 412 2071 471 inquit
2092 402 2217 457 Psal-

261 479 408 531 mista,
434 480 581 523 similis
611 481 688 522 erit
723 479 812 521 Deo
844 479 889 519 in
911 477 1015 534 filiis
1043 478 1160 520 Dei?
1191 487 1235 519 et
1262 475 1368 519 alibi
1394 477 1644 534 (LXXXII.
1678 477 1758 534 1.:)
1790 479 1916 532 Deus,
1949 480 2040 542 quis
2069 474 2218 528 similis

258 547 338 590 erit
363 547 438 589 tibi
451 547 471 589 P
489 545 608 603 quod
628 546 682 587 de
702 542 900 602 perfecta
926 543 1221 586 similitudine
1249 543 1394 602 accipi
1421 554 1613 601 oportet,
1630 545 1752 602 quod
1779 554 1903 602 patet
1924 545 1982 595 ex
2004 539 2078 588 his
2099 549 2217 614 quae

257 611 304 655 in
337 612 484 670 primo
512 621 701 654 tractata
728 619 843 653 sunt.
868 609 1082 652 Christus
1118 619 1269 652 autem
1297 609 1544 668 perfectam
1571 611 1640 654 sui
1673 610 2034 668 similitudinem
2050 621 2075 654 a

256 687 373 721 trem
401 677 608 729 ostendit,
637 677 775 719 etiam
808 676 852 718 in
885 675 1106 728 vivendo;
1133 675 1295 719 dicitur
1327 676 1450 719 enim
1482 676 1674 735 (Joann.
1701 674 1758 720 V.
1786 675 1905 734 26.)·
1946 675 2063 727 Sicu}
2128 683 2220 730 ater

260 745 380 788 habet
408 745 543 787 vitam
569 745 613 785 in
637 744 860 800 semctipm,
893 743 950 785 sic
982 741 1092 785 dedit
1120 747 1156 785 et
1181 740 1295 790 Filio
1327 742 1475 786 habere
1510 745 1644 786 vitam
1675 745 1720 787 in
1750 745 1972 805 semetipso.
2008 736 2133 789 Non·
2145 742 2216 795 ἓςῑ

257 811 394 868 igitur
420 809 628 853 Christus
657 808 990 866 computandus
1013 808 1131 852 inter
1156 807 1275 852 filios
1297 808 1385 852 Dei
1419 819 1613 859 creatos.

346 875 535 920 Adhuc:
564 874 688 917 nulla
715 875 963 918 substantia
990 885 1141 918 creata
1167 885 1474 934 repraesentat
1494 875 1648 918 Deum
1670 885 1890 934 quantum
1918 866 1978 920 a'd
2000 877 2098 940 ejus
2115 876 2220 920 sub·

261 943 498 995 stantiam;
526 942 741 1000 quidquid
766 941 888 984 enim
922 955 975 984 ex
1009 940 1287 999 perfectione
1314 942 1642 1000 cujuscumque
1670 952 1903 987 creaturae
1929 936 2125 1019 apparet
2140 942 2221 990 mi-

257 1024 342 1053 nus
370 1020 436 1054 est
468 1023 605 1069 quam
638 1008 760 1066 quod
793 1008 918 1052 Deus
938 1017 1035 1061 est;
1063 1007 1183 1052 unde
1215 1022 1295 1067 per
1334 1008 1511 1052 nullam
1554 1019 1808 1054 creaturam
1849 1008 1954 1057 sciri
1978 1007 2133 1070 potest
2163 1010 2219 1057 de

257 1075 360 1119 Deo
383 1075 488 1134 quid
515 1085 597 1119 est.
619 1074 758 1118 Filius
785 1085 937 1118 autern
963 1085 1271 1132 repraesentat
1296 1075 1504 1130 Patrem;
1531 1075 1640 1119 dicit
1666 1075 1787 1119 enim
1815 1075 1887 1120 de
1887 1087 1945 1124 eo
1964 1071 2219 1153 Apostolus

263 1142 468 1199 (Coloss.
496 1141 530 1185 Ι.
558 1154 607 1197 25
618 1142 649 1198 .)
677 1141 802 1199 quod
828 1151 895 1190 est
919 1143 1058 1199 imago
1093 1142 1170 1185 Dei
1195 1142 1442 1194 invisibilis;
1482 1151 1539 1195 et,
1565 1156 1622 1186 ne
1650 1143 1923 1187 aestimetur
1935 1152 2036 1189 esse
2060 1141 2218 1205 imago

258 1208 488 1262 deficiens,
522 1208 766 1252 essentiam
789 1207 876 1251 Dei
902 1222 995 1251 non
1022 1218 1379 1284 repraesentans,
1417 1222 1496 1267 per
1521 1221 1659 1268 quarn
1691 1223 1784 1253 non
1816 1204 1959 1268 possit
2001 1208 2221 1272 cognosci

257 1276 311 1318 de
345 1276 445 1318 Deo
475 1275 580 1333 quid
614 1285 695 1328 est,
721 1274 837 1318 sicut
861 1275 929 1317 vir
961 1274 1121 1320 dicitur
1162 1276 1315 1333 imago
1356 1274 1445 1318 Dei
1484 1274 1541 1333 (Ι.
1564 1275 1778 1320 Corinth.
1805 1269 1924 1332 Χῖ),
1966 1268 2220 1335 osteflflitur

257 1341 457 1399 perfecta
490 1354 587 1385 esse
619 1342 790 1399 imago,
822 1341 969 1398 ipsam
1001 1340 1091 1385 Dei
1122 1341 1421 1385 substantiam
1445 1348 1785 1399 repraesentans
1813 1341 1972 1403 (Hebr.
2002 1335 2036 1388 i.
2059 1353 2082 1399 3
2091 1336 2139 1405 .),
2161 1341 2222 1385 di-

257 1420 388 1453 cente
422 1407 673 1467 Apostolo:
705 1408 850 1464 Quum
874 1410 926 1452 sit
956 1407 1150 1472 splendor
1172 1408 1347 1466 gloriae,
1375 1414 1411 1453 et
1429 1409 1571 1467 figura
1601 1409 1848 1453 substantiae
1883 1410 1982 1476 ejus.
2017 1399 2135 1463 Non
2152 1412 2222 1456 θεῖ

256 1476 392 1534 igitur
417 1475 554 1519 Filius
578 1475 666 1519 Dei
693 1485 912 1518 creatura.

347 1542 609 1586 Praeterea:
638 1540 752 1584 nihil
779 1541 901 1600 quod
930 1551 997 1585 est
1027 1541 1074 1585 in
1101 1541 1254 1600 aliquo
1283 1555 1449 1599 genere
1477 1553 1544 1587 est
1576 1541 1844 1589 universalis
1872 1547 2021 1601 causa
2058 1532 2222 1587 eorum

257 1623 372 1668 quae
400 1620 504 1653 sunt
529 1609 574 1652 in
600 1622 767 1668 genere
795 1607 900 1662 illo;
927 1610 1044 1652 sicut
1070 1609 1336 1653 universalis
1371 1622 1507 1653 causa
1539 1609 1807 1660 hominum
1818 1619 1914 1662 non
1956 1615 2024 1654 est
2039 1597 2219 1674 aliquis

256 1678 416 1729 homo,
442 1674 556 1719 nihil
585 1676 706 1719 enim
735 1675 805 1719 sui
830 1675 969 1734 ipsius
996 1685 1064 1719 est
1090 1690 1251 1729 causa3
1270 1675 1348 1720 sed
1366 1676 1450 1729 sol,
1467 1676 1545 1736 qui
1562 1686 1631 1720 est
1646 1686 1772 1720 extra
1789 1678 1933 1739 genus
1941 1671 2240 1741 humanum,-

257 1754 324 1787 est
348 1742 615 1787 universalis
643 1756 780 1786 causa
807 1742 1115 1801 generationis
1147 1742 1393 1798 humanae,
1426 1742 1471 1787 et
1497 1743 1686 1788 ulterius
1713 1742 1852 1787 Deusts
1888 1734 2032 1787 Pilius
2060 1736 2220 1793 autem

261 1821 328 1854 est
354 1808 621 1854 universalis
660 1823 797 1853 causa
830 1819 1164 1863 creaturarum3
1206 1809 1368 1853 dicitur
1409 1810 1532 1854 enim
1560 1809 1748 1868 (Joann.
1775 1806 1807 1853 Ι.
1845 1810 1930 1868 3.):
1961 1810 2121 1862 Omnia
2143 1814 2223 1872 per
2263 1856 2265 1858 ,

259 1879 396 1936 ipsum
418 1877 529 1932 facta
553 1883 675 1928 sunt,·
705 1885 748 1920 et
775 1874 1011 1933 (Proverb.
1039 1874 1161 1919 VIII.
1192 1877 1282 1933 30.)
1310 1877 1418 1920 dicit
1445 1877 1675 1934 Sapientia
1702 1870 1881 1934 genita:
1909 1872 2020 1922 Cum
2041 1883 2085 1924 ιο
2106 1887 2223 1923 eram

258 1950 407 1988 cuncta
433 1951 706 2003 componens;
734 1953 778 1986 et
807 1941 1054 2001 Apostolus
1078 1942 1186 1987 dicit
1212 1941 1617 2000 (Coloss.1.16.:)
1642 1943 1693 1990 In
1718 1945 1803 2002 ipso
1830 1941 1997 1990 condita
2018 1945 2114 1993 sunt
2133 1943 2224 2001 uni7

257 2024 379 2055 versa
409 2012 454 2053 in
487 2010 609 2063 coelo,
644 2016 682 2054 et
707 2011 751 2052 in
776 2014 902 2053 terra.
935 2008 1036 2063 Ipse
1067 2009 1204 2066 igitur
1229 2022 1324 2052 non
1351 2020 1418 2053 est
1443 2009 1498 2057 de
1526 2021 1691 2068 genere
1719 2019 2042 2058 creaturarum.
2097 2020 2100 2024 ⁴

348 2075 484 2120 Item:
523 2089 578 2119 ex
619 2075 812 2120 ostensis
853 2075 899 2118 in
932 2077 1134 2118 secundo
1177 2074 1468 2120 manifestum
1503 2085 1570 2120 est
1610 2076 1732 2135 quod
1762 2067 2047 2124 substantiae
2068 2067 2225 2141 incorf

259 2156 442 2203 poreae,
466 2143 577 2201 quas
601 2142 790 2201 angelos
813 2139 1020 2195 dicimus,
1047 2156 1141 2185 non
1168 2151 1359 2201 possunt
1383 2142 1512 2187 aliter
1533 2142 1630 2187 fieri
1652 2153 1790 2203 quam
1816 2152 1897 2202 pet·
1918 2133 2224 2194 creationem}

259 2221 303 2254 et
329 2210 467 2254 etiam
499 2219 734 2253 ostensum
763 2218 830 2253 est
861 2208 983 2267 quod
1009 2208 1135 2252 nulla
1161 2209 1412 2258 substantia
1438 2219 1589 2268 potest
1627 2221 1796 2263 creare,
1829 2204 1913 2258 sed
1933 2207 2058 2256 solus
2079 2199 2224 2258 Deus.

261 2277 351 2320 Sed
378 2276 466 2320 Dei
491 2274 630 2319 Filius
651 2275 781 2333 Jesus
809 2274 1018 2319 Christus
1045 2285 1113 2319 est
1140 2290 1278 2320 causa
1315 2276 1601 2334 angelorum,
1629 2289 1709 2325 eos
1735 2276 1782 2321 in
1809 2287 1909 2320 esse
1940 2269 2224 2340 produeeh33

260 2343 369 2387 dicit
401 2343 523 2386 enim
551 2341 802 2401 Apostolus
836 2340 1253 2399 (Coloss.1.16.):
1281 2343 1377 2387 Sive
1400 2343 1554 2397 throni,
1574 2344 1659 2387 sive
1680 2333 2226 2409 domznattones,si⁸15tpr2n

259 2412 436 2469 capenas,
469 2411 554 2453 sive
578 2414 809 2468 potestates,
839 2410 983 2452 omnia
1009 2416 1090 2468 per
1115 2410 1251 2468 ipsum
1277 2415 1314 2453 et
1338 2410 1383 2452 in
1415 2411 1502 2469 ipso
1540 2414 1680 2455 creata
1709 2414 1817 2454 sunt
1850 2401 1954 2472 Ipse
1989 2403 2144 2481 igitur
2157 2403 2226 2457 Fi

259 2476 346 2521 lius
373 2490 466 2520 non
495 2486 563 2520 est
594 2486 815 2520 creatura.

349 2545 614 2588 Praeterea:
642 2556 782 2602 quum
816 2542 1000 2601 propria
1034 2542 1152 2586 actio
1190 2543 1429 2601 cujuslibet
1467 2542 1532 2587 rei
1573 2553 1788 2602 sequatur
1824 2548 2042 2602 naturam
2067 2538 2224 2611 ipsius,

260 2611 374 2655 nulli
408 2610 627 2670 competit
659 2611 841 2669 propria
869 2611 987 2654 actio
1016 2609 1206 2667 alicujus
1233 2611 1297 2654 rei
1326 2610 1398 2654 cui
1422 2623 1517 2654 non
1551 2607 1771 2667 competit
1795 2606 1929 2653 iliius
1940 2608 2008 2652 rei
2040 2601 2225 2662 natur&

262 2678 383 2737 quod
411 2678 534 2721 enim
561 2692 654 2721 non
687 2677 825 2721 habet
850 2677 1104 2720 humanam
1146 2677 1363 2734 speciem,
1388 2691 1474 2720 nec
1502 2677 1733 2722 actionem
1769 2676 2025 2719 humanam
2053 2665 2223 2718 hibere

260 2755 423 2804 potest
450 2745 666 2802 Propriae
700 2754 852 2788 autem
887 2744 1088 2794 actiones
1115 2744 1204 2788 Dei
1231 2745 1511 2787 conveniunt
1536 2742 1667 2797 Filio,
1695 2744 1811 2787 sicut
1851 2749 2020 2795 creare,
2050 2748 2102 2784 ut
2126 2741 2223 2799 iam

261 2823 492 2856 ostensum
521 2822 601 2865 est,
637 2812 869 2855 continere
897 2821 941 2854 et
967 2824 1237 2854 conservare
1281 2810 1437 2853 omnia
1463 2811 1509 2853 in
1536 2823 1648 2863 esse,
1691 2819 1736 2854 et
1776 2817 1965 2868 peccata
2004 2817 2223 2871 purgare3

264 2879 385 2937 quod
420 2889 487 2922 est
528 2878 762 2937 proprium
789 2877 928 2936 ipsius
956 2877 1057 2930 Dei,
1084 2887 1133 2920 ut
1161 2891 1213 2920 ex
1246 2876 1551 2935 superioribus
1593 2885 1738 2935 patet;
1771 2875 1934 2923 dicitur
1974 2883 2128 2925 autern
2168 2869 2224 2922 de

250 2943 377 2989 Filio
405 2944 608 3022 (Coloss.
636 2944 668 2988 Ι.
709 2946 796 3002 17.)
825 2944 947 3002 quod
976 2945 1118 2987 omnia
1146 2945 1189 2987 in
1215 2945 1301 3002 ipso
1345 2949 1560 2995 constant‚·
1605 2954 1648 2987 et
1681 2942 1838 2999 (Hebr.
1872 2940 1907 2987 Ι.
1944 2941 2004 2999 3.)
2037 2939 2224 2986 dicitur.

265 3014 442 3056 Portam
469 3014 611 3056 omnia
642 3014 770 3056 verbo
796 3012 967 3055 zirtutis
998 3025 1109 3064 suae,
1129 3012 1422 3069 purgationem
1444 3016 1712 3070 peccatorum
1724 3009 1901 3068 faciens.
1917 3004 2064 3083 Filius
2089 3006 2225 3069 igitur

264 3079 352 3123 Dei
386 3090 452 3124 est
481 3090 668 3123 naturae
701 3078 896 3132 divinae,
924 3088 968 3121 et
993 3092 1086 3121 non
1119 3088 1187 3122 est
1214 3088 1432 3121 creatura.

359 3146 449 3190 Sed
470 3149 574 3204 quia
594 3156 758 3222 posset·
773 3145 970 3189 Arianus
997 3145 1145 3188 dicere
1165 3145 1286 3202 quod
1313 3145 1402 3187 hoc
1429 3143 1567 3187 Filius
1589 3142 1711 3196 facit,
1736 3155 1831 3186 non
1852 3151 2088 3201 tamquam
2109 3140 2226 3218 Pfiss·

267 3213 411 3271 cipale
439 3228 592 3271 agens,
621 3213 698 3257 sed
727 3212 841 3256 sicut
866 3212 1216 3255 instrumentum
1245 3209 1504 3269 principalis
1529 3210 1718 3268 agentis,
1744 3208 1866 3268 quod
1890 3221 1969 3267 per
1993 3208 2225 3285 propriam

266 3280 478 3323 virtutem
507 3293 599 3322 non
629 3279 736 3337 agit,
764 3278 841 3322 sed
869 3278 1019 3322 solum
1046 3290 1125 3337 per
1151 3279 1363 3321 virtutem
1392 3276 1651 3335 principalis
1679 3274 1866 3334 agentis,
1892 3274 2010 3319 hanc
2043 3271 2228 3334 positio-

266 3361 373 3390 nem
405 3346 634 3389 Dominus
661 3338 871 3398 excludit,
900 3345 1054 3388 dicens
1082 3344 1266 3403 (Joann.
1289 3342 1345 3386 V.
1379 3342 1489 3403 19):
1520 3344 1815 3406 Quaecumque
1839 3341 1950 3390 enim
1975 3339 2046 3387 ille
2058 3339 2224 3400 fecerit,

267 3413 362 3457 haec
390 3420 427 3457 et
453 3413 587 3456 Filius
611 3412 803 3456 similiter
820 3413 945 3471 facit.
975 3411 1103 3455 Sicut
1129 3411 1266 3469 igitur
1291 3409 1427 3454 Pater
1452 3423 1532 3469 per
1557 3422 1605 3454 se
1632 3419 1845 3469 operatur
1870 3415 1917 3453 et
1940 3403 2123 3492 propria
2141 3401 2229 3456 'vit

264 3490 372 3532 tute,
399 3480 459 3523 ita
487 3490 530 3523 et
556 3478 708 3523 Filius.

358 3544 558 3589 Ulterius
585 3546 722 3589 etiam
751 3559 804 3589 ex
821 3545 911 3588 hoc
931 3544 1071 3589 verbo
1093 3542 1380 3588 concluditur
1401 3541 1522 3602 quod
1543 3542 1600 3587 sit
1617 3539 1778 3587 eadem
1798 3537 1940 3591 virtus
1965 3535 2226 3617 &Potestas

272 3611 371 3654 Filii
398 3622 441 3655 et
463 3612 621 3656 Patris.
650 3612 755 3655 Non
783 3611 933 3655 solum
962 3612 1085 3655 enim
1113 3610 1221 3655 dicit
1246 3609 1368 3669 quod
1401 3608 1539 3653 Filius
1566 3608 1774 3654 similiter
1797 3611 2023 3668 operatur
2032 3600 2150 3651 'hient
2181 3615 2226 3652 et
