<?xml version="1.0" encoding="UTF-8"?>
<!DOCTYPE html PUBLIC "-//W3C//DTD XHTML 1.0 Transitional//EN"
    "http://www.w3.org/TR/xhtml1/DTD/xhtml1-transitional.dtd">
<html xmlns="http://www.w3.org/1999/xhtml" xml:lang="en" lang="en">
 <head>
  <title>
</title>
<meta http-equiv="Content-Type" content="text/html;charset=utf-8" />
  <meta name='ocr-system' content='tesseract 3.04.00' />
  <meta name='ocr-capabilities' content='ocr_page ocr_carea ocr_par ocr_line ocrx_word'/>
</head>
<body>
  <div class='ocr_page' id='page_1' title='image "./divithomaeaquina00thom_0422.png"; bbox 0 0 2332 3854; ppageno 0'>
   <div class='ocr_carea' id='block_1_1' title="bbox 250 204 1567 264">
    <p class='ocr_par' dir='ltr' id='par_1_1' title="bbox 250 204 1567 264">
     <span class='ocr_line' id='line_1_1' title="bbox 250 204 1567 264; baseline -0.003 -16"><span class='ocrx_word' id='word_1_1' title='bbox 250 210 360 264; x_wconf 91' lang='lat'>410</span> <span class='ocrx_word' id='word_1_2' title='bbox 757 230 759 233; x_wconf 92' lang='lat'>·</span> <span class='ocrx_word' id='word_1_3' title='bbox 872 207 1027 246; x_wconf 89' lang='lat' dir='ltr'>LIBER</span> <span class='ocrx_word' id='word_1_4' title='bbox 1065 205 1141 245; x_wconf 86' lang='lat'>111.</span> <span class='ocrx_word' id='word_1_5' title='bbox 1184 205 1304 245; x_wconf 87' lang='lat' dir='ltr'>CAP.</span> <span class='ocrx_word' id='word_1_6' title='bbox 1346 204 1567 245; x_wconf 80' lang='lat' dir='ltr'>Lxxxlv.</span> 
     </span>
    </p>
   </div>
   <div class='ocr_carea' id='block_1_2' title="bbox 246 305 2207 1706">
    <p class='ocr_par' dir='ltr' id='par_1_2' title="bbox 249 305 2201 556">
     <span class='ocr_line' id='line_1_2' title="bbox 250 305 2200 370; baseline -0.003 -15"><span class='ocrx_word' id='word_1_7' title='bbox 250 325 276 355; x_wconf 93' lang='lat' dir='ltr'>a</span> <span class='ocrx_word' id='word_1_8' title='bbox 300 321 506 370; x_wconf 89' lang='lat' dir='ltr'>tempore</span> <span class='ocrx_word' id='word_1_9' title='bbox 533 324 627 354; x_wconf 90' lang='lat' dir='ltr'>non</span> <span class='ocrx_word' id='word_1_10' title='bbox 653 319 757 354; x_wconf 90' lang='lat' dir='ltr'>sunt</span> <span class='ocrx_word' id='word_1_11' title='bbox 789 309 1060 354; x_wconf 91' lang='lat' dir='ltr'>coelestibus</span> <span class='ocrx_word' id='word_1_12' title='bbox 1092 307 1291 352; x_wconf 91' lang='lat' dir='ltr'>motibus</span> <span class='ocrx_word' id='word_1_13' title='bbox 1324 307 1541 366; x_wconf 87' lang='lat' dir='ltr'>subjecta.</span> <span class='ocrx_word' id='word_1_14' title='bbox 1572 305 1834 351; x_wconf 88' lang='lat' dir='ltr'><strong>Intellectus</strong></span> <span class='ocrx_word' id='word_1_15' title='bbox 1861 315 2014 350; x_wconf 89' lang='lat' dir='ltr'>autem</span> <span class='ocrx_word' id='word_1_16' title='bbox 2038 306 2086 350; x_wconf 91' lang='lat' dir='ltr'>in</span> <span class='ocrx_word' id='word_1_17' title='bbox 2117 319 2200 350; x_wconf 86' lang='lat' dir='ltr'>sua</span> 
     </span>
     <span class='ocr_line' id='line_1_3' title="bbox 249 370 2201 437; baseline -0.004 -15"><span class='ocrx_word' id='word_1_18' title='bbox 249 378 514 437; x_wconf 90' lang='lat' dir='ltr'>operatione</span> <span class='ocrx_word' id='word_1_19' title='bbox 538 377 755 421; x_wconf 85' lang='lat' dir='ltr'>abstrahit</span> <span class='ocrx_word' id='word_1_20' title='bbox 777 390 801 419; x_wconf 89' lang='lat' dir='ltr'>a</span> <span class='ocrx_word' id='word_1_21' title='bbox 818 385 1023 434; x_wconf 89' lang='lat' dir='ltr'>tempore</span> <span class='ocrx_word' id='word_1_22' title='bbox 1041 375 1158 419; x_wconf 91' lang='lat' dir='ltr'>sicut</span> <span class='ocrx_word' id='word_1_23' title='bbox 1183 388 1209 417; x_wconf 92' lang='lat' dir='ltr'>a</span> <span class='ocrx_word' id='word_1_24' title='bbox 1230 373 1362 418; x_wconf 88' lang='lat' dir='ltr'>loco:</span> <span class='ocrx_word' id='word_1_25' title='bbox 1387 372 1644 418; x_wconf 86' lang='lat' dir='ltr'>considerat</span> <span class='ocrx_word' id='word_1_26' title='bbox 1661 372 1784 417; x_wconf 89' lang='lat' dir='ltr'>enim</span> <span class='ocrx_word' id='word_1_27' title='bbox 1800 370 2056 416; x_wconf 87' lang='lat' dir='ltr'>universale</span> <span class='ocrx_word' id='word_1_28' title='bbox 2077 371 2201 431; x_wconf 88' lang='lat' dir='ltr'>quod</span> 
     </span>
     <span class='ocr_line' id='line_1_4' title="bbox 250 437 2201 499; baseline -0.004 -10"><span class='ocrx_word' id='word_1_29' title='bbox 250 454 318 489; x_wconf 91' lang='lat' dir='ltr'>est</span> <span class='ocrx_word' id='word_1_30' title='bbox 344 444 619 489; x_wconf 91' lang='lat' dir='ltr'>abstractum</span> <span class='ocrx_word' id='word_1_31' title='bbox 662 443 714 487; x_wconf 91' lang='lat' dir='ltr'>ab</span> <span class='ocrx_word' id='word_1_32' title='bbox 741 443 816 486; x_wconf 89' lang='lat' dir='ltr'>hic</span> <span class='ocrx_word' id='word_1_33' title='bbox 856 452 899 486; x_wconf 92' lang='lat' dir='ltr'>et</span> <span class='ocrx_word' id='word_1_34' title='bbox 935 455 1071 486; x_wconf 89' lang='lat' dir='ltr'>nunc.</span> <span class='ocrx_word' id='word_1_35' title='bbox 1106 440 1215 485; x_wconf 89' lang='lat' dir='ltr'>Non</span> <span class='ocrx_word' id='word_1_36' title='bbox 1249 439 1386 499; x_wconf 87' lang='lat' dir='ltr'>igitur</span> <span class='ocrx_word' id='word_1_37' title='bbox 1417 439 1623 499; x_wconf 86' lang='lat' dir='ltr'>operatio</span> <span class='ocrx_word' id='word_1_38' title='bbox 1655 438 1973 484; x_wconf 87' lang='lat' dir='ltr'>intellectualis</span> <span class='ocrx_word' id='word_1_39' title='bbox 1998 437 2201 482; x_wconf 78' lang='lat' dir='ltr'>subditur</span> 
     </span>
     <span class='ocr_line' id='line_1_5' title="bbox 251 510 762 556; baseline -0.004 0"><span class='ocrx_word' id='word_1_40' title='bbox 251 511 521 556; x_wconf 89' lang='lat' dir='ltr'>coelestibus</span> <span class='ocrx_word' id='word_1_41' title='bbox 549 510 762 554; x_wconf 89' lang='lat' dir='ltr'>motibus.</span> 
     </span>
    </p>

    <p class='ocr_par' dir='ltr' id='par_1_3' title="bbox 248 571 2205 968">
     <span class='ocr_line' id='line_1_6' title="bbox 337 571 2204 634; baseline -0.003 -13"><span class='ocrx_word' id='word_1_42' title='bbox 337 578 516 622; x_wconf 87' lang='lat' dir='ltr'>Adhuc:</span> <span class='ocrx_word' id='word_1_43' title='bbox 536 576 650 619; x_wconf 87' lang='lat' dir='ltr'>nihil</span> <span class='ocrx_word' id='word_1_44' title='bbox 670 576 761 634; x_wconf 88' lang='lat' dir='ltr'>agit</span> <span class='ocrx_word' id='word_1_45' title='bbox 778 575 894 618; x_wconf 90' lang='lat' dir='ltr'>ultra</span> <span class='ocrx_word' id='word_1_46' title='bbox 911 588 1044 618; x_wconf 90' lang='lat' dir='ltr'>suam</span> <span class='ocrx_word' id='word_1_47' title='bbox 1062 573 1289 633; x_wconf 85' lang='lat' dir='ltr'>speciem:</span> <span class='ocrx_word' id='word_1_48' title='bbox 1316 574 1465 633; x_wconf 83' lang='lat' dir='ltr'>ipsum</span> <span class='ocrx_word' id='word_1_49' title='bbox 1486 583 1638 618; x_wconf 89' lang='lat' dir='ltr'>autem</span> <span class='ocrx_word' id='word_1_50' title='bbox 1657 572 1910 631; x_wconf 87' lang='lat' dir='ltr'>intelligere</span> <span class='ocrx_word' id='word_1_51' title='bbox 1925 571 2204 617; x_wconf 87' lang='lat' dir='ltr'>transcendit</span> 
     </span>
     <span class='ocr_line' id='line_1_7' title="bbox 248 637 2198 703; baseline -0.003 -15"><span class='ocrx_word' id='word_1_52' title='bbox 248 644 450 703; x_wconf 87' lang='lat' dir='ltr'>speciem</span> <span class='ocrx_word' id='word_1_53' title='bbox 482 653 525 686; x_wconf 92' lang='lat' dir='ltr'>et</span> <span class='ocrx_word' id='word_1_54' title='bbox 556 642 755 686; x_wconf 89' lang='lat' dir='ltr'>formam</span> <span class='ocrx_word' id='word_1_55' title='bbox 789 642 1115 699; x_wconf 79' lang='lat' dir='ltr'>cuiuscumque</span> <span class='ocrx_word' id='word_1_56' title='bbox 1153 640 1357 699; x_wconf 90' lang='lat' dir='ltr'>corporis</span> <span class='ocrx_word' id='word_1_57' title='bbox 1395 641 1584 699; x_wconf 86' lang='lat' dir='ltr'>agentis,</span> <span class='ocrx_word' id='word_1_58' title='bbox 1612 640 1717 699; x_wconf 92' lang='lat' dir='ltr'>quia</span> <span class='ocrx_word' id='word_1_59' title='bbox 1749 639 1900 683; x_wconf 90' lang='lat' dir='ltr'>omnis</span> <span class='ocrx_word' id='word_1_60' title='bbox 1925 637 2076 683; x_wconf 81' lang='lat' dir='ltr'>forma</span> <span class='ocrx_word' id='word_1_61' title='bbox 2100 651 2198 684; x_wconf 82' lang='lat' dir='ltr'>cor·</span> 
     </span>
     <span class='ocr_line' id='line_1_8' title="bbox 249 705 2205 769; baseline -0.003 -15"><span class='ocrx_word' id='word_1_62' title='bbox 249 724 387 769; x_wconf 90' lang='lat' dir='ltr'>porea</span> <span class='ocrx_word' id='word_1_63' title='bbox 415 719 483 753; x_wconf 93' lang='lat' dir='ltr'>est</span> <span class='ocrx_word' id='word_1_64' title='bbox 508 707 752 751; x_wconf 83' lang='lat' dir='ltr'>materialis</span> <span class='ocrx_word' id='word_1_65' title='bbox 780 717 823 750; x_wconf 93' lang='lat' dir='ltr'>et</span> <span class='ocrx_word' id='word_1_66' title='bbox 848 707 1140 751; x_wconf 86' lang='lat' dir='ltr'>individuata.</span> <span class='ocrx_word' id='word_1_67' title='bbox 1162 707 1318 766; x_wconf 89' lang='lat' dir='ltr'>Ipsum</span> <span class='ocrx_word' id='word_1_68' title='bbox 1347 717 1498 751; x_wconf 90' lang='lat' dir='ltr'>autern</span> <span class='ocrx_word' id='word_1_69' title='bbox 1524 706 1779 764; x_wconf 91' lang='lat' dir='ltr'>intelligere</span> <span class='ocrx_word' id='word_1_70' title='bbox 1796 705 1934 750; x_wconf 91' lang='lat' dir='ltr'>habet</span> <span class='ocrx_word' id='word_1_71' title='bbox 1958 705 2160 764; x_wconf 89' lang='lat' dir='ltr'>speciem</span> <span class='ocrx_word' id='word_1_72' title='bbox 2178 719 2205 749; x_wconf 92' lang='lat' dir='ltr'>a</span> 
     </span>
     <span class='ocr_line' id='line_1_9' title="bbox 253 771 2203 833; baseline -0.002 -13"><span class='ocrx_word' id='word_1_73' title='bbox 253 791 336 820; x_wconf 89' lang='lat' dir='ltr'>suo</span> <span class='ocrx_word' id='word_1_74' title='bbox 365 776 560 833; x_wconf 90' lang='lat' dir='ltr'>objecto,</span> <span class='ocrx_word' id='word_1_75' title='bbox 594 774 714 832; x_wconf 90' lang='lat' dir='ltr'>quod</span> <span class='ocrx_word' id='word_1_76' title='bbox 757 783 823 816; x_wconf 88' lang='lat' dir='ltr'>est</span> <span class='ocrx_word' id='word_1_77' title='bbox 856 772 1110 817; x_wconf 90' lang='lat' dir='ltr'>universale</span> <span class='ocrx_word' id='word_1_78' title='bbox 1138 782 1183 817; x_wconf 92' lang='lat' dir='ltr'>et</span> <span class='ocrx_word' id='word_1_79' title='bbox 1217 773 1532 818; x_wconf 83' lang='lat' dir='ltr'>immateriale.</span> <span class='ocrx_word' id='word_1_80' title='bbox 1563 773 1697 817; x_wconf 91' lang='lat' dir='ltr'>Unde</span> <span class='ocrx_word' id='word_1_81' title='bbox 1723 771 1902 816; x_wconf 90' lang='lat' dir='ltr'>nullum</span> <span class='ocrx_word' id='word_1_82' title='bbox 1929 785 2092 831; x_wconf 81' lang='lat' dir='ltr'>corpus</span> <span class='ocrx_word' id='word_1_83' title='bbox 2123 785 2203 832; x_wconf 90' lang='lat' dir='ltr'>per</span> 
     </span>
     <span class='ocr_line' id='line_1_10' title="bbox 249 837 2206 921; baseline -0.001 -35"><span class='ocrx_word' id='word_1_84' title='bbox 249 843 446 887; x_wconf 88' lang='lat' dir='ltr'>formam</span> <span class='ocrx_word' id='word_1_85' title='bbox 474 855 604 885; x_wconf 89' lang='lat' dir='ltr'>suam</span> <span class='ocrx_word' id='word_1_86' title='bbox 632 854 905 898; x_wconf 87' lang='lat' dir='ltr'>corpoream</span> <span class='ocrx_word' id='word_1_87' title='bbox 929 837 1184 899; x_wconf 89' lang='lat' dir='ltr'>intelligere</span> <span class='ocrx_word' id='word_1_88' title='bbox 1206 850 1369 899; x_wconf 88' lang='lat' dir='ltr'>potest.</span> <span class='ocrx_word' id='word_1_89' title='bbox 1390 840 1538 885; x_wconf 91' lang='lat' dir='ltr'>Multo</span> <span class='ocrx_word' id='word_1_90' title='bbox 1563 840 1701 899; x_wconf 89' lang='lat' dir='ltr'>igitur</span> <span class='ocrx_word' id='word_1_91' title='bbox 1722 840 1874 884; x_wconf 89' lang='lat' dir='ltr'>minus</span> <span class='ocrx_word' id='word_1_92' title='bbox 1890 848 2043 921; x_wconf 86' lang='lat' dir='ltr'>potest</span> <span class='ocrx_word' id='word_1_93' title='bbox 2065 839 2206 898; x_wconf 87' lang='lat' dir='ltr'>quod-</span> 
     </span>
     <span class='ocr_line' id='line_1_11' title="bbox 250 906 1523 968; baseline -0.002 -15"><span class='ocrx_word' id='word_1_94' title='bbox 250 923 445 968; x_wconf 89' lang='lat' dir='ltr'>cumque</span> <span class='ocrx_word' id='word_1_95' title='bbox 475 922 638 966; x_wconf 90' lang='lat' dir='ltr'>corpus</span> <span class='ocrx_word' id='word_1_96' title='bbox 667 921 853 950; x_wconf 83' lang='lat' dir='ltr'>causare</span> <span class='ocrx_word' id='word_1_97' title='bbox 880 907 1030 965; x_wconf 90' lang='lat' dir='ltr'>ipsum</span> <span class='ocrx_word' id='word_1_98' title='bbox 1056 906 1312 965; x_wconf 87' lang='lat' dir='ltr'>intelligere</span> <span class='ocrx_word' id='word_1_99' title='bbox 1342 907 1390 950; x_wconf 91' lang='lat' dir='ltr'>in</span> <span class='ocrx_word' id='word_1_100' title='bbox 1418 907 1523 951; x_wconf 89' lang='lat' dir='ltr'>alio.</span> 
     </span>
    </p>

    <p class='ocr_par' dir='ltr' id='par_1_4' title="bbox 246 971 2204 1355">
     <span class='ocr_line' id='line_1_12' title="bbox 338 971 2203 1033; baseline -0.002 -14"><span class='ocrx_word' id='word_1_101' title='bbox 338 977 477 1019; x_wconf 89' lang='lat' dir='ltr'>Item:</span> <span class='ocrx_word' id='word_1_102' title='bbox 506 974 760 1018; x_wconf 88' lang='lat' dir='ltr'>secundum</span> <span class='ocrx_word' id='word_1_103' title='bbox 776 973 888 1017; x_wconf 92' lang='lat' dir='ltr'>illud</span> <span class='ocrx_word' id='word_1_104' title='bbox 912 987 1003 1032; x_wconf 91' lang='lat' dir='ltr'>quo</span> <span class='ocrx_word' id='word_1_105' title='bbox 1023 973 1191 1032; x_wconf 90' lang='lat' dir='ltr'>aliquid</span> <span class='ocrx_word' id='word_1_106' title='bbox 1212 974 1364 1018; x_wconf 88' lang='lat' dir='ltr'>unitur</span> <span class='ocrx_word' id='word_1_107' title='bbox 1390 973 1711 1033; x_wconf 91' lang='lat' dir='ltr'>superioribus,</span> <span class='ocrx_word' id='word_1_108' title='bbox 1727 987 1822 1018; x_wconf 87' lang='lat' dir='ltr'>non</span> <span class='ocrx_word' id='word_1_109' title='bbox 1835 981 1902 1018; x_wconf 87' lang='lat' dir='ltr'>est</span> <span class='ocrx_word' id='word_1_110' title='bbox 1918 971 2203 1021; x_wconf 82' lang='lat' dir='ltr'>inferioribus</span> 
     </span>
     <span class='ocr_line' id='line_1_13' title="bbox 249 1039 2204 1101; baseline -0.003 -13"><span class='ocrx_word' id='word_1_111' title='bbox 249 1044 526 1101; x_wconf 82' lang='lat' dir='ltr'>subjectum3</span> <span class='ocrx_word' id='word_1_112' title='bbox 554 1042 707 1085; x_wconf 89' lang='lat' dir='ltr'>anima</span> <span class='ocrx_word' id='word_1_113' title='bbox 735 1051 888 1086; x_wconf 90' lang='lat' dir='ltr'>autem</span> <span class='ocrx_word' id='word_1_114' title='bbox 914 1050 1084 1095; x_wconf 90' lang='lat' dir='ltr'>nostra,</span> <span class='ocrx_word' id='word_1_115' title='bbox 1102 1041 1354 1086; x_wconf 89' lang='lat' dir='ltr'>secundum</span> <span class='ocrx_word' id='word_1_116' title='bbox 1381 1042 1504 1100; x_wconf 92' lang='lat' dir='ltr'>quod</span> <span class='ocrx_word' id='word_1_117' title='bbox 1525 1040 1751 1099; x_wconf 88' lang='lat' dir='ltr'>intelligit,</span> <span class='ocrx_word' id='word_1_118' title='bbox 1777 1041 1926 1086; x_wconf 88' lang='lat' dir='ltr'>unitur</span> <span class='ocrx_word' id='word_1_119' title='bbox 1943 1039 2204 1089; x_wconf 80' lang='lat' dir='ltr'>substantiis</span> 
     </span>
     <span class='ocr_line' id='line_1_14' title="bbox 247 1105 2203 1167; baseline -0.003 -13"><span class='ocrx_word' id='word_1_120' title='bbox 247 1108 643 1162; x_wconf 86' lang='lat' dir='ltr'>intellectualibus,</span> <span class='ocrx_word' id='word_1_121' title='bbox 671 1122 787 1167; x_wconf 91' lang='lat' dir='ltr'>quae</span> <span class='ocrx_word' id='word_1_122' title='bbox 813 1117 917 1152; x_wconf 90' lang='lat' dir='ltr'>sunt</span> <span class='ocrx_word' id='word_1_123' title='bbox 943 1108 1197 1166; x_wconf 90' lang='lat' dir='ltr'>superiores</span> <span class='ocrx_word' id='word_1_124' title='bbox 1224 1108 1383 1152; x_wconf 88' lang='lat' dir='ltr'>ordine</span> <span class='ocrx_word' id='word_1_125' title='bbox 1408 1118 1596 1152; x_wconf 88' lang='lat' dir='ltr'>naturae</span> <span class='ocrx_word' id='word_1_126' title='bbox 1623 1106 1890 1166; x_wconf 90' lang='lat' dir='ltr'>corporibus</span> <span class='ocrx_word' id='word_1_127' title='bbox 1918 1105 2203 1157; x_wconf 78' lang='lat' dir='ltr'>coelestibus.</span> 
     </span>
     <span class='ocr_line' id='line_1_15' title="bbox 247 1171 2202 1234; baseline -0.002 -14"><span class='ocrx_word' id='word_1_128' title='bbox 247 1176 355 1221; x_wconf 92' lang='lat' dir='ltr'>Non</span> <span class='ocrx_word' id='word_1_129' title='bbox 382 1176 504 1220; x_wconf 89' lang='lat' dir='ltr'>enim</span> <span class='ocrx_word' id='word_1_130' title='bbox 531 1184 698 1234; x_wconf 90' lang='lat' dir='ltr'>potest</span> <span class='ocrx_word' id='word_1_131' title='bbox 707 1175 860 1218; x_wconf 91' lang='lat' dir='ltr'>anima</span> <span class='ocrx_word' id='word_1_132' title='bbox 884 1185 1041 1219; x_wconf 89' lang='lat' dir='ltr'>nostra</span> <span class='ocrx_word' id='word_1_133' title='bbox 1065 1174 1320 1234; x_wconf 91' lang='lat' dir='ltr'>intelligere</span> <span class='ocrx_word' id='word_1_134' title='bbox 1345 1175 1433 1218; x_wconf 90' lang='lat' dir='ltr'>nisi</span> <span class='ocrx_word' id='word_1_135' title='bbox 1457 1174 1710 1219; x_wconf 90' lang='lat' dir='ltr'>secundum</span> <span class='ocrx_word' id='word_1_136' title='bbox 1741 1173 1865 1233; x_wconf 88' lang='lat' dir='ltr'>quod</span> <span class='ocrx_word' id='word_1_137' title='bbox 1889 1172 2047 1218; x_wconf 91' lang='lat' dir='ltr'>lumen</span> <span class='ocrx_word' id='word_1_138' title='bbox 2070 1171 2202 1220; x_wconf 82' lang='lat' dir='ltr'>intel-</span> 
     </span>
     <span class='ocr_line' id='line_1_16' title="bbox 246 1239 2203 1301; baseline -0.002 -14"><span class='ocrx_word' id='word_1_139' title='bbox 246 1243 440 1287; x_wconf 89' lang='lat' dir='ltr'>lectuale</span> <span class='ocrx_word' id='word_1_140' title='bbox 466 1243 571 1287; x_wconf 88' lang='lat' dir='ltr'>inde</span> <span class='ocrx_word' id='word_1_141' title='bbox 597 1242 793 1287; x_wconf 90' lang='lat' dir='ltr'>sortitur.</span> <span class='ocrx_word' id='word_1_142' title='bbox 812 1241 1100 1301; x_wconf 89' lang='lat' dir='ltr'>Impossibile</span> <span class='ocrx_word' id='word_1_143' title='bbox 1123 1253 1192 1286; x_wconf 90' lang='lat' dir='ltr'>est</span> <span class='ocrx_word' id='word_1_144' title='bbox 1209 1255 1319 1301; x_wconf 92' lang='lat' dir='ltr'>ergo</span> <span class='ocrx_word' id='word_1_145' title='bbox 1336 1241 1459 1301; x_wconf 92' lang='lat' dir='ltr'>quod</span> <span class='ocrx_word' id='word_1_146' title='bbox 1475 1239 1795 1286; x_wconf 84' lang='lat' dir='ltr'>intellectualis</span> <span class='ocrx_word' id='word_1_147' title='bbox 1810 1239 2017 1298; x_wconf 88' lang='lat' dir='ltr'>operatio</span> <span class='ocrx_word' id='word_1_148' title='bbox 2030 1239 2203 1290; x_wconf 72' lang='lat' dir='ltr'>directe</span> 
     </span>
     <span class='ocr_line' id='line_1_17' title="bbox 248 1309 2133 1355; baseline -0.005 1"><span class='ocrx_word' id='word_1_149' title='bbox 248 1310 447 1355; x_wconf 91' lang='lat' dir='ltr'>motibus</span> <span class='ocrx_word' id='word_1_150' title='bbox 481 1309 754 1354; x_wconf 89' lang='lat' dir='ltr'>coelestibus</span> <span class='ocrx_word' id='word_1_151' title='bbox 776 1309 1004 1353; x_wconf 91' lang='lat' dir='ltr'>subdatur.</span> <span class='ocrx_word' id='word_1_152' title='bbox 2047 1332 2051 1335; x_wconf 84' lang='lat'><em>-</em></span> <span class='ocrx_word' id='word_1_153' title='bbox 2112 1339 2133 1347; x_wconf 74' lang='grc'>,.</span> 
     </span>
    </p>

    <p class='ocr_par' dir='ltr' id='par_1_5' title="bbox 248 1373 2207 1706">
     <span class='ocr_line' id='line_1_18' title="bbox 336 1373 2202 1434; baseline -0.002 -14"><span class='ocrx_word' id='word_1_154' title='bbox 336 1377 599 1421; x_wconf 87' lang='lat' dir='ltr'>Praeterea:</span> <span class='ocrx_word' id='word_1_155' title='bbox 626 1376 752 1420; x_wconf 92' lang='lat' dir='ltr'>huic</span> <span class='ocrx_word' id='word_1_156' title='bbox 760 1376 826 1420; x_wconf 91' lang='lat' dir='ltr'>rei</span> <span class='ocrx_word' id='word_1_157' title='bbox 841 1375 980 1420; x_wconf 91' lang='lat' dir='ltr'>fidem</span> <span class='ocrx_word' id='word_1_158' title='bbox 996 1375 1134 1420; x_wconf 89' lang='lat' dir='ltr'>faciet</span> <span class='ocrx_word' id='word_1_159' title='bbox 1157 1375 1197 1420; x_wconf 88' lang='lat' dir='ltr'>si</span> <span class='ocrx_word' id='word_1_160' title='bbox 1217 1375 1558 1420; x_wconf 85' lang='lat' dir='ltr'>consideremus</span> <span class='ocrx_word' id='word_1_161' title='bbox 1582 1388 1698 1434; x_wconf 89' lang='lat' dir='ltr'>quae</span> <span class='ocrx_word' id='word_1_162' title='bbox 1726 1388 1753 1417; x_wconf 89' lang='lat' dir='ltr'>a</span> <span class='ocrx_word' id='word_1_163' title='bbox 1776 1373 2202 1433; x_wconf 56' lang='grc' dir='ltr'>ΡΙἋὶΙοεορῙῑὶεβίῐεει</span> 
     </span>
     <span class='ocr_line' id='line_1_19' title="bbox 248 1439 2207 1501; baseline -0.001 -13"><span class='ocrx_word' id='word_1_164' title='bbox 248 1445 339 1488; x_wconf 89' lang='lat' dir='ltr'>hoc</span> <span class='ocrx_word' id='word_1_165' title='bbox 362 1454 467 1488; x_wconf 93' lang='lat' dir='ltr'>sunt</span> <span class='ocrx_word' id='word_1_166' title='bbox 497 1443 630 1487; x_wconf 90' lang='lat' dir='ltr'>dicta.</span> <span class='ocrx_word' id='word_1_167' title='bbox 664 1443 855 1501; x_wconf 90' lang='lat' dir='ltr'>Antiqui</span> <span class='ocrx_word' id='word_1_168' title='bbox 889 1443 1012 1486; x_wconf 90' lang='lat' dir='ltr'>enim</span> <span class='ocrx_word' id='word_1_169' title='bbox 1044 1442 1311 1501; x_wconf 89' lang='lat' dir='ltr'>philosophi</span> <span class='ocrx_word' id='word_1_170' title='bbox 1347 1441 1591 1496; x_wconf 86' lang='lat' dir='ltr'>naturales,</span> <span class='ocrx_word' id='word_1_171' title='bbox 1624 1450 1674 1485; x_wconf 90' lang='lat' dir='ltr'>ut</span> <span class='ocrx_word' id='word_1_172' title='bbox 1709 1439 2207 1499; x_wconf 39' lang='lat' dir='ltr'>Democritus-Empe-</span> 
     </span>
     <span class='ocr_line' id='line_1_20' title="bbox 248 1506 2207 1568; baseline -0.002 -13"><span class='ocrx_word' id='word_1_173' title='bbox 248 1510 420 1562; x_wconf 92' lang='lat' dir='ltr'>docles,</span> <span class='ocrx_word' id='word_1_174' title='bbox 446 1520 490 1554; x_wconf 90' lang='lat' dir='ltr'>et</span> <span class='ocrx_word' id='word_1_175' title='bbox 514 1510 792 1568; x_wconf 87' lang='lat' dir='ltr'>hujusmodi,</span> <span class='ocrx_word' id='word_1_176' title='bbox 819 1519 1070 1567; x_wconf 88' lang='lat' dir='ltr'>posuerunt</span> <span class='ocrx_word' id='word_1_177' title='bbox 1096 1509 1218 1568; x_wconf 93' lang='lat' dir='ltr'>quod</span> <span class='ocrx_word' id='word_1_178' title='bbox 1244 1509 1499 1554; x_wconf 90' lang='lat' dir='ltr'>intellectus</span> <span class='ocrx_word' id='word_1_179' title='bbox 1517 1523 1612 1552; x_wconf 91' lang='lat' dir='ltr'>non</span> <span class='ocrx_word' id='word_1_180' title='bbox 1634 1506 1826 1552; x_wconf 88' lang='lat' dir='ltr'>differt-a</span> <span class='ocrx_word' id='word_1_181' title='bbox 1843 1521 1993 1562; x_wconf 76' lang='lat' dir='ltr'>sensu,</span> <span class='ocrx_word' id='word_1_182' title='bbox 2011 1516 2068 1558; x_wconf 70' lang='lat' dir='ltr'>,ut</span> <span class='ocrx_word' id='word_1_183' title='bbox 2083 1516 2207 1566; x_wconf 69' lang='lat' dir='ltr'>patet</span> 
     </span>
     <span class='ocr_line' id='line_1_21' title="bbox 248 1573 2205 1636; baseline -0.001 -15"><span class='ocrx_word' id='word_1_184' title='bbox 248 1578 294 1621; x_wconf 93' lang='lat' dir='ltr'>in</span> <span class='ocrx_word' id='word_1_185' title='bbox 321 1587 481 1636; x_wconf 89' lang='lat' dir='ltr'>quarto</span> <span class='ocrx_word' id='word_1_186' title='bbox 509 1576 711 1635; x_wconf 89' lang='lat' dir='ltr'>Metaph.</span> <span class='ocrx_word' id='word_1_187' title='bbox 739 1576 790 1634; x_wconf 89' lang='lat' dir='ltr'>(t.</span> <span class='ocrx_word' id='word_1_188' title='bbox 815 1590 853 1620; x_wconf 91' lang='lat' dir='ltr'>c.</span> <span class='ocrx_word' id='word_1_189' title='bbox 881 1577 989 1633; x_wconf 91' lang='lat'>21.),</span> <span class='ocrx_word' id='word_1_190' title='bbox 1009 1586 1053 1620; x_wconf 89' lang='lat' dir='ltr'>et</span> <span class='ocrx_word' id='word_1_191' title='bbox 1069 1576 1116 1619; x_wconf 92' lang='lat' dir='ltr'>in</span> <span class='ocrx_word' id='word_1_192' title='bbox 1141 1576 1276 1621; x_wconf 91' lang='lat' dir='ltr'>tertio</span> <span class='ocrx_word' id='word_1_193' title='bbox 1303 1577 1373 1620; x_wconf 93' lang='lat' dir='ltr'>De</span> <span class='ocrx_word' id='word_1_194' title='bbox 1401 1576 1569 1629; x_wconf 88' lang='lat' dir='ltr'>anima,</span> <span class='ocrx_word' id='word_1_195' title='bbox 1587 1585 1632 1620; x_wconf 92' lang='lat' dir='ltr'>et</span> <span class='ocrx_word' id='word_1_196' title='bbox 1655 1574 1760 1618; x_wconf 91' lang='lat' dir='ltr'>ideo</span> <span class='ocrx_word' id='word_1_197' title='bbox 1787 1573 2058 1633; x_wconf 80' lang='lat' dir='ltr'>sequebatur</span> <span class='ocrx_word' id='word_1_198' title='bbox 2074 1573 2205 1632; x_wconf 78' lang='lat' dir='ltr'>quod</span> 
     </span>
     <span class='ocr_line' id='line_1_22' title="bbox 250 1641 2204 1706; baseline -0.002 -17"><span class='ocrx_word' id='word_1_199' title='bbox 250 1644 504 1689; x_wconf 90' lang='lat' dir='ltr'>intellectus</span> <span class='ocrx_word' id='word_1_200' title='bbox 531 1645 588 1688; x_wconf 92' lang='lat' dir='ltr'>sit</span> <span class='ocrx_word' id='word_1_201' title='bbox 614 1644 839 1703; x_wconf 90' lang='lat' dir='ltr'>quaedam</span> <span class='ocrx_word' id='word_1_202' title='bbox 863 1645 1004 1688; x_wconf 88' lang='lat' dir='ltr'>virtus</span> <span class='ocrx_word' id='word_1_203' title='bbox 1032 1658 1253 1704; x_wconf 92' lang='lat' dir='ltr'>corporea</span> <span class='ocrx_word' id='word_1_204' title='bbox 1278 1658 1472 1703; x_wconf 92' lang='lat' dir='ltr'>sequens</span> <span class='ocrx_word' id='word_1_205' title='bbox 1493 1657 1737 1702; x_wconf 90' lang='lat' dir='ltr'>corporum</span> <span class='ocrx_word' id='word_1_206' title='bbox 1752 1641 2204 1706; x_wconf 69' lang='lat' dir='ltr'>transmutationem:</span> 
     </span>
    </p>
   </div>
   <div class='ocr_carea' id='block_1_3' title="bbox 253 1708 2217 1772">
    <p class='ocr_par' dir='ltr' id='par_1_6' title="bbox 253 1708 2217 1772">
     <span class='ocr_line' id='line_1_23' title="bbox 253 1708 2217 1772; baseline -0.003 -16"><span class='ocrx_word' id='word_1_207' title='bbox 253 1712 374 1772; x_wconf 93' lang='lat' dir='ltr'>quod</span> <span class='ocrx_word' id='word_1_208' title='bbox 400 1712 463 1755; x_wconf 90' lang='lat' dir='ltr'>ita</span> <span class='ocrx_word' id='word_1_209' title='bbox 495 1725 593 1756; x_wconf 89' lang='lat' dir='ltr'>esse</span> <span class='ocrx_word' id='word_1_210' title='bbox 620 1711 758 1755; x_wconf 90' lang='lat' dir='ltr'>etiam</span> <span class='ocrx_word' id='word_1_211' title='bbox 785 1712 840 1755; x_wconf 90' lang='lat' dir='ltr'>de</span> <span class='ocrx_word' id='word_1_212' title='bbox 866 1710 1099 1755; x_wconf 91' lang='lat' dir='ltr'>intellectu</span> <span class='ocrx_word' id='word_1_213' title='bbox 1131 1721 1314 1770; x_wconf 92' lang='lat' dir='ltr'>propter</span> <span class='ocrx_word' id='word_1_214' title='bbox 1339 1711 1429 1755; x_wconf 92' lang='lat' dir='ltr'>hoc</span> <span class='ocrx_word' id='word_1_215' title='bbox 1457 1711 1678 1763; x_wconf 82' lang='lat' dir='ltr'>dixerunt,</span> <span class='ocrx_word' id='word_1_216' title='bbox 1705 1708 1827 1768; x_wconf 90' lang='lat' dir='ltr'>quod</span> <span class='ocrx_word' id='word_1_217' title='bbox 1854 1722 1961 1753; x_wconf 88' lang='lat' dir='ltr'>cum</span> <span class='ocrx_word' id='word_1_218' title='bbox 1985 1717 2217 1758; x_wconf 72' lang='lat' dir='ltr'>transmu0-</span> 
     </span>
    </p>
   </div>
   <div class='ocr_carea' id='block_1_4' title="bbox 248 1774 2207 2189">
    <p class='ocr_par' dir='ltr' id='par_1_7' title="bbox 248 1774 2207 2172">
     <span class='ocr_line' id='line_1_24' title="bbox 254 1774 2203 1837; baseline -0.002 -14"><span class='ocrx_word' id='word_1_219' title='bbox 254 1779 365 1823; x_wconf 88' lang='lat' dir='ltr'>tatio</span> <span class='ocrx_word' id='word_1_220' title='bbox 397 1777 664 1822; x_wconf 88' lang='lat' dir='ltr'>inferiorum</span> <span class='ocrx_word' id='word_1_221' title='bbox 697 1791 943 1836; x_wconf 90' lang='lat' dir='ltr'>corporum</span> <span class='ocrx_word' id='word_1_222' title='bbox 960 1789 1173 1837; x_wconf 88' lang='lat' dir='ltr'>sequatur</span> <span class='ocrx_word' id='word_1_223' title='bbox 1188 1778 1618 1822; x_wconf 86' lang='lat' dir='ltr'>transmutationem</span> <span class='ocrx_word' id='word_1_224' title='bbox 1640 1788 1885 1834; x_wconf 89' lang='lat' dir='ltr'>corporum</span> <span class='ocrx_word' id='word_1_225' title='bbox 1902 1774 2203 1833; x_wconf 77' lang='lat' dir='ltr'>superiorum,</span> 
     </span>
     <span class='ocr_line' id='line_1_25' title="bbox 249 1840 2203 1904; baseline -0.002 -16"><span class='ocrx_word' id='word_1_226' title='bbox 249 1844 567 1890; x_wconf 88' lang='lat' dir='ltr'>intellectualis</span> <span class='ocrx_word' id='word_1_227' title='bbox 594 1845 799 1903; x_wconf 90' lang='lat' dir='ltr'>operatio</span> <span class='ocrx_word' id='word_1_228' title='bbox 828 1855 1039 1903; x_wconf 88' lang='lat' dir='ltr'>sequetur</span> <span class='ocrx_word' id='word_1_229' title='bbox 1066 1859 1313 1904; x_wconf 90' lang='lat' dir='ltr'>corporum</span> <span class='ocrx_word' id='word_1_230' title='bbox 1340 1844 1611 1888; x_wconf 86' lang='lat' dir='ltr'>coelestium</span> <span class='ocrx_word' id='word_1_231' title='bbox 1636 1852 1803 1896; x_wconf 89' lang='lat' dir='ltr'>motus,</span> <span class='ocrx_word' id='word_1_232' title='bbox 1822 1842 2075 1891; x_wconf 83' lang='lat' dir='ltr'>secundum</span> <span class='ocrx_word' id='word_1_233' title='bbox 2089 1840 2203 1886; x_wconf 83' lang='lat' dir='ltr'>illud</span> 
     </span>
     <span class='ocr_line' id='line_1_26' title="bbox 250 1907 2202 1968; baseline -0.003 -12"><span class='ocrx_word' id='word_1_234' title='bbox 250 1912 463 1957; x_wconf 91' lang='lat' dir='ltr'>Homeri:</span> <span class='ocrx_word' id='word_1_235' title='bbox 493 1911 622 1955; x_wconf 91' lang='lat' dir='ltr'>Talis</span> <span class='ocrx_word' id='word_1_236' title='bbox 648 1921 716 1956; x_wconf 89' lang='lat' dir='ltr'>est</span> <span class='ocrx_word' id='word_1_237' title='bbox 740 1911 995 1955; x_wconf 90' lang='lat' dir='ltr'>intellectus</span> <span class='ocrx_word' id='word_1_238' title='bbox 1026 1912 1073 1955; x_wconf 91' lang='lat' dir='ltr'>in</span> <span class='ocrx_word' id='word_1_239' title='bbox 1100 1912 1183 1956; x_wconf 90' lang='lat' dir='ltr'>diis</span> <span class='ocrx_word' id='word_1_240' title='bbox 1211 1922 1254 1956; x_wconf 93' lang='lat' dir='ltr'>et</span> <span class='ocrx_word' id='word_1_241' title='bbox 1279 1911 1542 1956; x_wconf 89' lang='lat' dir='ltr'>hominibus</span> <span class='ocrx_word' id='word_1_242' title='bbox 1566 1909 1772 1963; x_wconf 85' lang='lat' dir='ltr'>terrenis,</span> <span class='ocrx_word' id='word_1_243' title='bbox 1799 1907 1983 1968; x_wconf 87' lang='lat' dir='ltr'>qualem</span> <span class='ocrx_word' id='word_1_244' title='bbox 2007 1908 2063 1954; x_wconf 83' lang='lat' dir='ltr'>in·</span> <span class='ocrx_word' id='word_1_245' title='bbox 2081 1907 2202 1957; x_wconf 84' lang='lat' dir='ltr'>diem</span> 
     </span>
     <span class='ocr_line' id='line_1_27' title="bbox 249 1974 2207 2038; baseline -0.002 -15"><span class='ocrx_word' id='word_1_246' title='bbox 249 1979 422 2023; x_wconf 91' lang='lat' dir='ltr'>inducit</span> <span class='ocrx_word' id='word_1_247' title='bbox 447 1989 574 2038; x_wconf 90' lang='lat' dir='ltr'>pater</span> <span class='ocrx_word' id='word_1_248' title='bbox 598 1978 803 2022; x_wconf 87' lang='lat' dir='ltr'>virorum</span> <span class='ocrx_word' id='word_1_249' title='bbox 836 1978 1132 2037; x_wconf 90' lang='lat' dir='ltr'>deorumque,</span> <span class='ocrx_word' id='word_1_250' title='bbox 1159 1978 1334 2023; x_wconf 87' lang='lat' dir='ltr'>scilicet</span> <span class='ocrx_word' id='word_1_251' title='bbox 1365 1978 1449 2032; x_wconf 92' lang='lat' dir='ltr'>sol,</span> <span class='ocrx_word' id='word_1_252' title='bbox 1482 1977 1556 2022; x_wconf 87' lang='lat' dir='ltr'>vel</span> <span class='ocrx_word' id='word_1_253' title='bbox 1587 1977 1735 2035; x_wconf 85' lang='lat' dir='ltr'>magis</span> <span class='ocrx_word' id='word_1_254' title='bbox 1761 1975 1950 2034; x_wconf 77' lang='lat' dir='ltr'>Jupiter,</span> <span class='ocrx_word' id='word_1_255' title='bbox 1975 1988 2117 2034; x_wconf 83' lang='lat' dir='ltr'>quem</span> <span class='ocrx_word' id='word_1_256' title='bbox 2145 1974 2207 2019; x_wconf 89' lang='lat' dir='ltr'>di-</span> 
     </span>
     <span class='ocr_line' id='line_1_28' title="bbox 250 2042 2202 2105; baseline -0.003 -15"><span class='ocrx_word' id='word_1_257' title='bbox 250 2047 413 2090; x_wconf 88' lang='lat' dir='ltr'>cebant</span> <span class='ocrx_word' id='word_1_258' title='bbox 437 2059 671 2090; x_wconf 89' lang='lat' dir='ltr'>summum</span> <span class='ocrx_word' id='word_1_259' title='bbox 696 2046 864 2100; x_wconf 90' lang='lat' dir='ltr'>Deum,</span> <span class='ocrx_word' id='word_1_260' title='bbox 886 2045 1192 2104; x_wconf 87' lang='lat' dir='ltr'>intelligentes</span> <span class='ocrx_word' id='word_1_261' title='bbox 1218 2061 1298 2105; x_wconf 90' lang='lat' dir='ltr'>per</span> <span class='ocrx_word' id='word_1_262' title='bbox 1323 2047 1470 2104; x_wconf 91' lang='lat' dir='ltr'>ipsum</span> <span class='ocrx_word' id='word_1_263' title='bbox 1497 2054 1646 2089; x_wconf 90' lang='lat' dir='ltr'>totum</span> <span class='ocrx_word' id='word_1_264' title='bbox 1674 2042 1872 2097; x_wconf 82' lang='lat' dir='ltr'>coelum,</span> <span class='ocrx_word' id='word_1_265' title='bbox 1898 2052 1948 2086; x_wconf 91' lang='lat' dir='ltr'>ut</span> <span class='ocrx_word' id='word_1_266' title='bbox 1968 2050 2092 2101; x_wconf 79' lang='lat' dir='ltr'>patet</span> <span class='ocrx_word' id='word_1_267' title='bbox 2121 2053 2202 2101; x_wconf 83' lang='lat' dir='ltr'>per</span> 
     </span>
     <span class='ocr_line' id='line_1_29' title="bbox 248 2113 1416 2189; baseline -0.001 -32"><span class='ocrx_word' id='word_1_268' title='bbox 248 2114 559 2189; x_wconf 82' lang='lat' dir='ltr'>Augustinum</span> <span class='ocrx_word' id='word_1_269' title='bbox 591 2113 638 2156; x_wconf 91' lang='lat' dir='ltr'>in</span> <span class='ocrx_word' id='word_1_270' title='bbox 665 2122 825 2171; x_wconf 88' lang='lat' dir='ltr'>quarto</span> <span class='ocrx_word' id='word_1_271' title='bbox 858 2113 929 2156; x_wconf 89' lang='lat' dir='ltr'>De</span> <span class='ocrx_word' id='word_1_272' title='bbox 957 2113 1076 2157; x_wconf 91' lang='lat' dir='ltr'>civit.</span> <span class='ocrx_word' id='word_1_273' title='bbox 1104 2113 1193 2157; x_wconf 89' lang='lat' dir='ltr'>Dei</span> <span class='ocrx_word' id='word_1_274' title='bbox 1219 2114 1279 2170; x_wconf 92' lang='lat' dir='ltr'>(c.</span> <span class='ocrx_word' id='word_1_275' title='bbox 1313 2114 1416 2170; x_wconf 88' lang='lat'>11..)</span> 
     </span>
    </p>
   </div>
   <div class='ocr_carea' id='block_1_5' title="bbox 337 2154 2227 2239">
    <p class='ocr_par' dir='ltr' id='par_1_8' title="bbox 337 2154 2227 2239">
     <span class='ocr_line' id='line_1_30' title="bbox 337 2154 2227 2239; baseline -0.002 -16"><span class='ocrx_word' id='word_1_276' title='bbox 337 2180 456 2223; x_wconf 92' lang='lat' dir='ltr'>Hinc</span> <span class='ocrx_word' id='word_1_277' title='bbox 485 2180 623 2224; x_wconf 90' lang='lat' dir='ltr'>etiam</span> <span class='ocrx_word' id='word_1_278' title='bbox 649 2180 871 2238; x_wconf 88' lang='lat' dir='ltr'>processit</span> <span class='ocrx_word' id='word_1_279' title='bbox 903 2179 1166 2224; x_wconf 90' lang='lat' dir='ltr'>Stoicorum</span> <span class='ocrx_word' id='word_1_280' title='bbox 1195 2180 1368 2239; x_wconf 90' lang='lat' dir='ltr'>opinio,</span> <span class='ocrx_word' id='word_1_281' title='bbox 1395 2179 1472 2238; x_wconf 90' lang='lat' dir='ltr'>qui</span> <span class='ocrx_word' id='word_1_282' title='bbox 1498 2179 1709 2223; x_wconf 88' lang='lat' dir='ltr'>dicebant</span> <span class='ocrx_word' id='word_1_283' title='bbox 1739 2177 2055 2236; x_wconf 75' lang='lat' dir='ltr'>cognitionem</span> <span class='ocrx_word' id='word_1_284' title='bbox 2075 2154 2211 2221; x_wconf 74' lang='lat' dir='ltr'>intel</span> <span class='ocrx_word' id='word_1_285' title='bbox 2224 2209 2227 2212; x_wconf 59' lang='grc'><strong><em>«</em></strong></span> 
     </span>
    </p>
   </div>
   <div class='ocr_carea' id='block_1_6' title="bbox 247 2243 2208 2573">
    <p class='ocr_par' dir='ltr' id='par_1_9' title="bbox 247 2243 2208 2573">
     <span class='ocr_line' id='line_1_31' title="bbox 247 2243 2204 2324; baseline -0.002 -33"><span class='ocrx_word' id='word_1_286' title='bbox 247 2246 390 2292; x_wconf 91' lang='lat' dir='ltr'>lectus</span> <span class='ocrx_word' id='word_1_287' title='bbox 402 2248 578 2291; x_wconf 90' lang='lat' dir='ltr'>causari</span> <span class='ocrx_word' id='word_1_288' title='bbox 596 2260 650 2292; x_wconf 83' lang='lat' dir='ltr'>ex</span> <span class='ocrx_word' id='word_1_289' title='bbox 665 2247 771 2301; x_wconf 93' lang='lat' dir='ltr'>hoc,</span> <span class='ocrx_word' id='word_1_290' title='bbox 796 2246 946 2305; x_wconf 91' lang='lat' dir='ltr'>quod&#39;</span> <span class='ocrx_word' id='word_1_291' title='bbox 935 2247 1159 2305; x_wconf 80' lang='lat' dir='ltr'>imagines</span> <span class='ocrx_word' id='word_1_292' title='bbox 1178 2260 1425 2324; x_wconf 84' lang='lat' dir='ltr'>corporum</span> <span class='ocrx_word' id='word_1_293' title='bbox 1441 2246 1607 2290; x_wconf 88' lang='lat' dir='ltr'>nostris</span> <span class='ocrx_word' id='word_1_294' title='bbox 1626 2245 1851 2290; x_wconf 88' lang='lat' dir='ltr'>mentibus</span> <span class='ocrx_word' id='word_1_295' title='bbox 1866 2243 2204 2302; x_wconf 72' lang='lat' dir='ltr'>imprimuntur,</span> 
     </span>
     <span class='ocr_line' id='line_1_32' title="bbox 248 2309 2206 2372; baseline -0.003 -14"><span class='ocrx_word' id='word_1_296' title='bbox 248 2314 364 2358; x_wconf 91' lang='lat' dir='ltr'>sicut</span> <span class='ocrx_word' id='word_1_297' title='bbox 389 2313 627 2371; x_wconf 89' lang='lat' dir='ltr'>speculum</span> <span class='ocrx_word' id='word_1_298' title='bbox 654 2312 900 2372; x_wconf 85' lang='lat' dir='ltr'>quoddam,</span> <span class='ocrx_word' id='word_1_299' title='bbox 926 2313 999 2357; x_wconf 89' lang='lat' dir='ltr'>vel</span> <span class='ocrx_word' id='word_1_300' title='bbox 1025 2314 1142 2358; x_wconf 88' lang='lat' dir='ltr'>sicut</span> <span class='ocrx_word' id='word_1_301' title='bbox 1175 2315 1342 2372; x_wconf 89' lang='lat' dir='ltr'>pagina</span> <span class='ocrx_word' id='word_1_302' title='bbox 1379 2313 1537 2370; x_wconf 88' lang='lat' dir='ltr'>recipit</span> <span class='ocrx_word' id='word_1_303' title='bbox 1560 2312 1733 2356; x_wconf 89' lang='lat' dir='ltr'>litteras</span> <span class='ocrx_word' id='word_1_304' title='bbox 1757 2311 2004 2371; x_wconf 76' lang='lat' dir='ltr'>impressas</span> <span class='ocrx_word' id='word_1_305' title='bbox 2034 2309 2206 2369; x_wconf 80' lang='lat' dir='ltr'>absque</span> 
     </span>
     <span class='ocr_line' id='line_1_33' title="bbox 247 2372 2208 2438; baseline -0.002 -14"><span class='ocrx_word' id='word_1_306' title='bbox 247 2381 340 2425; x_wconf 93' lang='lat' dir='ltr'>hoc</span> <span class='ocrx_word' id='word_1_307' title='bbox 366 2380 488 2438; x_wconf 91' lang='lat' dir='ltr'>quod</span> <span class='ocrx_word' id='word_1_308' title='bbox 516 2379 685 2438; x_wconf 91' lang='lat' dir='ltr'>aliquid</span> <span class='ocrx_word' id='word_1_309' title='bbox 713 2390 831 2438; x_wconf 89' lang='lat' dir='ltr'>agat,</span> <span class='ocrx_word' id='word_1_310' title='bbox 858 2389 907 2423; x_wconf 91' lang='lat' dir='ltr'>ut</span> <span class='ocrx_word' id='word_1_311' title='bbox 934 2380 1118 2424; x_wconf 75' lang='lat' dir='ltr'>Boetius</span> <span class='ocrx_word' id='word_1_312' title='bbox 1144 2390 1297 2425; x_wconf 88' lang='lat' dir='ltr'>narrat</span> <span class='ocrx_word' id='word_1_313' title='bbox 1322 2380 1368 2424; x_wconf 90' lang='lat' dir='ltr'>in</span> <span class='ocrx_word' id='word_1_314' title='bbox 1400 2380 1559 2438; x_wconf 91' lang='lat' dir='ltr'>quinto</span> <span class='ocrx_word' id='word_1_315' title='bbox 1591 2379 1663 2423; x_wconf 92' lang='lat' dir='ltr'>De</span> <span class='ocrx_word' id='word_1_316' title='bbox 1697 2392 1823 2424; x_wconf 87' lang='lat' dir='ltr'>cons.</span> <span class='ocrx_word' id='word_1_317' title='bbox 1854 2377 2020 2435; x_wconf 86' lang='lat' dir='ltr'>(Prosa</span> <span class='ocrx_word' id='word_1_318' title='bbox 2039 2372 2208 2426; x_wconf 36' lang='lat' dir='ltr'>*Iqut</span> 
     </span>
     <span class='ocr_line' id='line_1_34' title="bbox 250 2443 2206 2506; baseline 0 -15"><span class='ocrx_word' id='word_1_319' title='bbox 250 2457 378 2491; x_wconf 92' lang='lat' dir='ltr'>metr.</span> <span class='ocrx_word' id='word_1_320' title='bbox 412 2446 502 2503; x_wconf 90' lang='lat'>4.);</span> <span class='ocrx_word' id='word_1_321' title='bbox 535 2446 787 2491; x_wconf 90' lang='lat' dir='ltr'>secundum</span> <span class='ocrx_word' id='word_1_322' title='bbox 824 2461 1019 2505; x_wconf 90' lang='lat' dir='ltr'>quorum</span> <span class='ocrx_word' id='word_1_323' title='bbox 1051 2447 1323 2492; x_wconf 88' lang='lat' dir='ltr'>sententiam</span> <span class='ocrx_word' id='word_1_324' title='bbox 1356 2447 1626 2506; x_wconf 88' lang='lat' dir='ltr'>sequebatur</span> <span class='ocrx_word' id='word_1_325' title='bbox 1651 2445 1774 2505; x_wconf 90' lang='lat' dir='ltr'>quod</span> <span class='ocrx_word' id='word_1_326' title='bbox 1806 2445 2007 2494; x_wconf 78' lang='lat' dir='ltr'>maxime</span> <span class='ocrx_word' id='word_1_327' title='bbox 2029 2457 2088 2493; x_wconf 19' lang='lat' dir='ltr'>rex</span> <span class='ocrx_word' id='word_1_328' title='bbox 2118 2443 2206 2491; x_wconf 71' lang='lat' dir='ltr'>&#39;im-</span> 
     </span>
     <span class='ocr_line' id='line_1_35' title="bbox 249 2513 2206 2573; baseline -0.001 -16"><span class='ocrx_word' id='word_1_329' title='bbox 249 2514 483 2573; x_wconf 91' lang='lat' dir='ltr'>pressione</span> <span class='ocrx_word' id='word_1_330' title='bbox 521 2527 766 2572; x_wconf 86' lang='lat' dir='ltr'>corporum</span> <span class='ocrx_word' id='word_1_331' title='bbox 794 2514 1062 2558; x_wconf 87' lang='lat' dir='ltr'>coelestium</span> <span class='ocrx_word' id='word_1_332' title='bbox 1083 2514 1413 2559; x_wconf 87' lang='lat' dir='ltr'>intellectuales</span> <span class='ocrx_word' id='word_1_333' title='bbox 1431 2514 1644 2558; x_wconf 89' lang='lat' dir='ltr'>notiones</span> <span class='ocrx_word' id='word_1_334' title='bbox 1673 2513 1807 2561; x_wconf 84' lang='lat' dir='ltr'>nobis</span> <span class='ocrx_word' id='word_1_335' title='bbox 1822 2513 2206 2572; x_wconf 78' lang='lat' dir='ltr'>imprimerentur.</span> 
     </span>
    </p>
   </div>
   <div class='ocr_carea' id='block_1_7' title="bbox 250 2577 2209 2641">
    <p class='ocr_par' dir='ltr' id='par_1_10' title="bbox 250 2577 2209 2641">
     <span class='ocr_line' id='line_1_36' title="bbox 250 2577 2209 2641; baseline -0.002 -16"><span class='ocrx_word' id='word_1_336' title='bbox 250 2581 384 2625; x_wconf 91' lang='lat' dir='ltr'>Unde</span> <span class='ocrx_word' id='word_1_337' title='bbox 411 2591 456 2625; x_wconf 90' lang='lat' dir='ltr'>et</span> <span class='ocrx_word' id='word_1_338' title='bbox 481 2580 627 2625; x_wconf 91' lang='lat' dir='ltr'>Stoici</span> <span class='ocrx_word' id='word_1_339' title='bbox 651 2579 832 2626; x_wconf 89' lang='lat' dir='ltr'>fuerunt</span> <span class='ocrx_word' id='word_1_340' title='bbox 852 2581 930 2640; x_wconf 92' lang='lat' dir='ltr'>qui</span> <span class='ocrx_word' id='word_1_341' title='bbox 955 2581 1197 2641; x_wconf 88' lang='lat' dir='ltr'>praecipue</span> <span class='ocrx_word' id='word_1_342' title='bbox 1222 2581 1492 2626; x_wconf 84' lang='lat' dir='ltr'>necessitate</span> <span class='ocrx_word' id='word_1_343' title='bbox 1520 2580 1717 2640; x_wconf 89' lang='lat' dir='ltr'>quadam</span> <span class='ocrx_word' id='word_1_344' title='bbox 1733 2579 1859 2625; x_wconf 84' lang='lat' dir='ltr'>fatali</span> <span class='ocrx_word' id='word_1_345' title='bbox 1880 2579 2145 2628; x_wconf 67' lang='lat' dir='ltr'>hominum</span> <span class='ocrx_word' id='word_1_346' title='bbox 2145 2577 2209 2622; x_wconf 80' lang='lat' dir='ltr'>vi·</span> 
     </span>
    </p>
   </div>
   <div class='ocr_carea' id='block_1_8' title="bbox 248 2647 767 2707">
    <p class='ocr_par' dir='ltr' id='par_1_11' title="bbox 248 2647 767 2707">
     <span class='ocr_line' id='line_1_37' title="bbox 248 2647 767 2707; baseline 0 -15"><span class='ocrx_word' id='word_1_347' title='bbox 248 2658 344 2692; x_wconf 89' lang='lat' dir='ltr'>tarn</span> <span class='ocrx_word' id='word_1_348' title='bbox 372 2647 475 2691; x_wconf 93' lang='lat' dir='ltr'>duci</span> <span class='ocrx_word' id='word_1_349' title='bbox 501 2657 767 2707; x_wconf 86' lang='lat' dir='ltr'>posuerunt.</span> 
     </span>
    </p>
   </div>
   <div class='ocr_carea' id='block_1_9' title="bbox 341 2680 2227 2774">
    <p class='ocr_par' dir='ltr' id='par_1_12' title="bbox 341 2680 2227 2774">
     <span class='ocr_line' id='line_1_38' title="bbox 341 2680 2227 2774; baseline 0.001 -16"><span class='ocrx_word' id='word_1_350' title='bbox 341 2715 431 2758; x_wconf 90' lang='lat' dir='ltr'>Sed</span> <span class='ocrx_word' id='word_1_351' title='bbox 456 2714 571 2758; x_wconf 90' lang='lat' dir='ltr'>haec</span> <span class='ocrx_word' id='word_1_352' title='bbox 598 2714 765 2773; x_wconf 87' lang='lat' dir='ltr'>positio</span> <span class='ocrx_word' id='word_1_353' title='bbox 797 2714 902 2758; x_wconf 93' lang='lat' dir='ltr'>inde</span> <span class='ocrx_word' id='word_1_354' title='bbox 928 2713 1042 2758; x_wconf 88' lang='lat' dir='ltr'>falsa</span> <span class='ocrx_word' id='word_1_355' title='bbox 1068 2724 1268 2774; x_wconf 90' lang='lat' dir='ltr'>apparet,</span> <span class='ocrx_word' id='word_1_356' title='bbox 1301 2724 1350 2759; x_wconf 89' lang='lat' dir='ltr'>ut</span> <span class='ocrx_word' id='word_1_357' title='bbox 1376 2714 1562 2759; x_wconf 74' lang='lat' dir='ltr'>Boetius</span> <span class='ocrx_word' id='word_1_358' title='bbox 1594 2713 1764 2758; x_wconf 89' lang='lat' dir='ltr'>ibidem</span> <span class='ocrx_word' id='word_1_359' title='bbox 1796 2713 1918 2767; x_wconf 76' lang='lat' dir='ltr'>dicit,</span> <span class='ocrx_word' id='word_1_360' title='bbox 1945 2712 2052 2772; x_wconf 70' lang='lat' dir='ltr'>quia</span> <span class='ocrx_word' id='word_1_361' title='bbox 2075 2680 2227 2761; x_wconf 51' lang='lat' dir='ltr'>iamir</span> 
     </span>
    </p>
   </div>
   <div class='ocr_carea' id='block_1_10' title="bbox 248 2779 2217 3308">
    <p class='ocr_par' dir='ltr' id='par_1_13' title="bbox 248 2779 2217 3109">
     <span class='ocr_line' id='line_1_39' title="bbox 249 2779 2212 2841; baseline -0.002 -15"><span class='ocrx_word' id='word_1_362' title='bbox 249 2780 393 2826; x_wconf 90' lang='lat' dir='ltr'>lectus</span> <span class='ocrx_word' id='word_1_363' title='bbox 421 2781 659 2841; x_wconf 90' lang='lat' dir='ltr'>componit</span> <span class='ocrx_word' id='word_1_364' title='bbox 685 2791 729 2826; x_wconf 91' lang='lat' dir='ltr'>et</span> <span class='ocrx_word' id='word_1_365' title='bbox 754 2781 925 2839; x_wconf 90' lang='lat' dir='ltr'>dividit,</span> <span class='ocrx_word' id='word_1_366' title='bbox 953 2791 998 2826; x_wconf 91' lang='lat' dir='ltr'>et</span> <span class='ocrx_word' id='word_1_367' title='bbox 1020 2792 1258 2841; x_wconf 88' lang='lat' dir='ltr'>comparat</span> <span class='ocrx_word' id='word_1_368' title='bbox 1280 2795 1493 2841; x_wconf 89' lang='lat' dir='ltr'>suprema</span> <span class='ocrx_word' id='word_1_369' title='bbox 1510 2781 1565 2826; x_wconf 90' lang='lat' dir='ltr'>ad</span> <span class='ocrx_word' id='word_1_370' title='bbox 1587 2781 1760 2835; x_wconf 89' lang='lat' dir='ltr'>infima,</span> <span class='ocrx_word' id='word_1_371' title='bbox 1782 2790 1827 2825; x_wconf 86' lang='lat' dir='ltr'>et</span> <span class='ocrx_word' id='word_1_372' title='bbox 1853 2790 2095 2839; x_wconf 65' lang='lat' dir='ltr'>cognoscit</span> <span class='ocrx_word' id='word_1_373' title='bbox 2114 2779 2212 2825; x_wconf 79' lang='lat' dir='ltr'>uui.-</span> 
     </span>
     <span class='ocr_line' id='line_1_40' title="bbox 248 2845 2207 2908; baseline -0.001 -16"><span class='ocrx_word' id='word_1_374' title='bbox 248 2848 456 2902; x_wconf 89' lang='lat' dir='ltr'>versalia,</span> <span class='ocrx_word' id='word_1_375' title='bbox 484 2859 527 2892; x_wconf 90' lang='lat' dir='ltr'>et</span> <span class='ocrx_word' id='word_1_376' title='bbox 562 2848 794 2908; x_wconf 87' lang='lat' dir='ltr'>simplices</span> <span class='ocrx_word' id='word_1_377' title='bbox 829 2847 1017 2903; x_wconf 89' lang='lat' dir='ltr'>formas,</span> <span class='ocrx_word' id='word_1_378' title='bbox 1045 2863 1161 2908; x_wconf 90' lang='lat' dir='ltr'>quae</span> <span class='ocrx_word' id='word_1_379' title='bbox 1196 2849 1243 2893; x_wconf 89' lang='lat' dir='ltr'>in</span> <span class='ocrx_word' id='word_1_380' title='bbox 1283 2849 1549 2908; x_wconf 89' lang='lat' dir='ltr'>corporibus</span> <span class='ocrx_word' id='word_1_381' title='bbox 1586 2862 1681 2893; x_wconf 92' lang='lat' dir='ltr'>non</span> <span class='ocrx_word' id='word_1_382' title='bbox 1716 2847 2121 2901; x_wconf 62' lang='lat' dir='ltr'>inveniuntur;‹20t¹</span> <span class='ocrx_word' id='word_1_383' title='bbox 2141 2845 2207 2890; x_wconf 87' lang='lat' dir='ltr'>sic</span> 
     </span>
     <span class='ocr_line' id='line_1_41' title="bbox 249 2913 2217 2974; baseline 0.002 -16"><span class='ocrx_word' id='word_1_384' title='bbox 249 2914 541 2960; x_wconf 91' lang='lat' dir='ltr'>manifestum</span> <span class='ocrx_word' id='word_1_385' title='bbox 579 2925 659 2969; x_wconf 84' lang='lat' dir='ltr'>est,</span> <span class='ocrx_word' id='word_1_386' title='bbox 686 2915 808 2974; x_wconf 91' lang='lat' dir='ltr'>quod</span> <span class='ocrx_word' id='word_1_387' title='bbox 836 2915 1092 2960; x_wconf 90' lang='lat' dir='ltr'>intellectus</span> <span class='ocrx_word' id='word_1_388' title='bbox 1124 2930 1220 2960; x_wconf 93' lang='lat' dir='ltr'>non</span> <span class='ocrx_word' id='word_1_389' title='bbox 1257 2926 1324 2961; x_wconf 92' lang='lat' dir='ltr'>est</span> <span class='ocrx_word' id='word_1_390' title='bbox 1357 2916 1473 2960; x_wconf 92' lang='lat' dir='ltr'>sicut</span> <span class='ocrx_word' id='word_1_391' title='bbox 1509 2916 1732 2974; x_wconf 90' lang='lat' dir='ltr'>recipiens</span> <span class='ocrx_word' id='word_1_392' title='bbox 1765 2924 1944 2963; x_wconf 80' lang='lat' dir='ltr'>tantum</span> <span class='ocrx_word' id='word_1_393' title='bbox 1983 2913 2217 2973; x_wconf 63' lang='lat' dir='ltr'>imagines</span> 
     </span>
     <span class='ocr_line' id='line_1_42' title="bbox 251 2981 2211 3041; baseline -0.001 -15"><span class='ocrx_word' id='word_1_394' title='bbox 251 2995 510 3041; x_wconf 89' lang='lat' dir='ltr'>corporum,</span> <span class='ocrx_word' id='word_1_395' title='bbox 547 2981 627 3027; x_wconf 91' lang='lat' dir='ltr'>sed</span> <span class='ocrx_word' id='word_1_396' title='bbox 663 2982 800 3026; x_wconf 89' lang='lat' dir='ltr'>habet</span> <span class='ocrx_word' id='word_1_397' title='bbox 845 2981 1045 3041; x_wconf 89' lang='lat' dir='ltr'>aliquam</span> <span class='ocrx_word' id='word_1_398' title='bbox 1086 2982 1300 3028; x_wconf 89' lang='lat' dir='ltr'>virtutem</span> <span class='ocrx_word' id='word_1_399' title='bbox 1337 2983 1603 3040; x_wconf 91' lang='lat' dir='ltr'>corporibus</span> <span class='ocrx_word' id='word_1_400' title='bbox 1641 2981 1882 3036; x_wconf 81' lang='lat' dir='ltr'>altiorem3.</span> <span class='ocrx_word' id='word_1_401' title='bbox 1908 2992 2018 3027; x_wconf 87' lang='lat' dir='ltr'>nam</span> <span class='ocrx_word' id='word_1_402' title='bbox 2049 2993 2211 3030; x_wconf 75' lang='lat' dir='ltr'>sensus</span> 
     </span>
     <span class='ocr_line' id='line_1_43' title="bbox 250 3046 2207 3109; baseline 0.001 -17"><span class='ocrx_word' id='word_1_403' title='bbox 250 3050 457 3103; x_wconf 84' lang='lat' dir='ltr'>exterior,</span> <span class='ocrx_word' id='word_1_404' title='bbox 484 3049 561 3107; x_wconf 91' lang='lat' dir='ltr'>qui</span> <span class='ocrx_word' id='word_1_405' title='bbox 586 3048 739 3093; x_wconf 91' lang='lat' dir='ltr'>solum</span> <span class='ocrx_word' id='word_1_406' title='bbox 760 3049 984 3108; x_wconf 89' lang='lat' dir='ltr'>imagines</span> <span class='ocrx_word' id='word_1_407' title='bbox 1013 3064 1260 3108; x_wconf 89' lang='lat' dir='ltr'>corporum</span> <span class='ocrx_word' id='word_1_408' title='bbox 1282 3050 1454 3109; x_wconf 90' lang='lat' dir='ltr'>recipit,</span> <span class='ocrx_word' id='word_1_409' title='bbox 1478 3049 1533 3093; x_wconf 89' lang='lat' dir='ltr'>ad</span> <span class='ocrx_word' id='word_1_410' title='bbox 1557 3049 1788 3108; x_wconf 87' lang='lat' dir='ltr'>praedicta</span> <span class='ocrx_word' id='word_1_411' title='bbox 1814 3058 1972 3094; x_wconf 77' lang='lat' dir='ltr'>senon</span> <span class='ocrx_word' id='word_1_412' title='bbox 1994 3046 2207 3095; x_wconf 71' lang='lat' dir='ltr'>extendit.</span> 
     </span>
    </p>

    <p class='ocr_par' dir='ltr' id='par_1_14' title="bbox 251 3115 2209 3308">
     <span class='ocr_line' id='line_1_44' title="bbox 341 3115 2208 3175; baseline 0.002 -16"><span class='ocrx_word' id='word_1_413' title='bbox 341 3115 518 3159; x_wconf 90' lang='lat' dir='ltr'>Omnes</span> <span class='ocrx_word' id='word_1_414' title='bbox 553 3126 704 3160; x_wconf 91' lang='lat' dir='ltr'>autem</span> <span class='ocrx_word' id='word_1_415' title='bbox 741 3126 980 3174; x_wconf 90' lang='lat' dir='ltr'>sequentes</span> <span class='ocrx_word' id='word_1_416' title='bbox 1017 3116 1297 3175; x_wconf 89' lang='lat' dir='ltr'>philosophi,</span> <span class='ocrx_word' id='word_1_417' title='bbox 1332 3116 1615 3161; x_wconf 89' lang='lat' dir='ltr'>intellectum</span> <span class='ocrx_word' id='word_1_418' title='bbox 1654 3130 1677 3160; x_wconf 91' lang='lat' dir='ltr'>a</span> <span class='ocrx_word' id='word_1_419' title='bbox 1715 3115 2208 3167; x_wconf 29' lang='lat' dir='ltr'>sensulvdiscefltnen&#39;te&amp;</span> 
     </span>
     <span class='ocr_line' id='line_1_45' title="bbox 251 3175 2209 3242; baseline 0.001 -16"><span class='ocrx_word' id='word_1_420' title='bbox 251 3196 436 3226; x_wconf 85' lang='lat' dir='ltr'>causam</span> <span class='ocrx_word' id='word_1_421' title='bbox 462 3193 643 3226; x_wconf 90' lang='lat' dir='ltr'>nostrae</span> <span class='ocrx_word' id='word_1_422' title='bbox 666 3182 880 3227; x_wconf 88' lang='lat' dir='ltr'>scientiae</span> <span class='ocrx_word' id='word_1_423' title='bbox 897 3197 992 3227; x_wconf 91' lang='lat' dir='ltr'>non</span> <span class='ocrx_word' id='word_1_424' title='bbox 1017 3182 1238 3242; x_wconf 89' lang='lat' dir='ltr'>aliquibus</span> <span class='ocrx_word' id='word_1_425' title='bbox 1263 3183 1543 3242; x_wconf 87' lang='lat' dir='ltr'>corporibus,</span> <span class='ocrx_word' id='word_1_426' title='bbox 1566 3183 1645 3228; x_wconf 88' lang='lat' dir='ltr'>sed</span> <span class='ocrx_word' id='word_1_427' title='bbox 1670 3182 1805 3228; x_wconf 87' lang='lat' dir='ltr'>rebus</span> <span class='ocrx_word' id='word_1_428' title='bbox 1830 3175 2209 3229; x_wconf 72' lang='lat' dir='ltr'>immaterialibus</span> 
     </span>
     <span class='ocr_line' id='line_1_46' title="bbox 251 3246 2211 3308; baseline 0 -16"><span class='ocrx_word' id='word_1_429' title='bbox 251 3249 560 3303; x_wconf 90' lang='lat' dir='ltr'>attribuerunt,</span> <span class='ocrx_word' id='word_1_430' title='bbox 593 3250 710 3294; x_wconf 90' lang='lat' dir='ltr'>sicut</span> <span class='ocrx_word' id='word_1_431' title='bbox 735 3248 867 3294; x_wconf 90' lang='lat' dir='ltr'>Plato</span> <span class='ocrx_word' id='word_1_432' title='bbox 895 3250 1045 3308; x_wconf 90' lang='lat' dir='ltr'>posuit</span> <span class='ocrx_word' id='word_1_433' title='bbox 1077 3250 1145 3306; x_wconf 89' lang='lat' dir='ltr'>(in</span> <span class='ocrx_word' id='word_1_434' title='bbox 1171 3250 1382 3294; x_wconf 89' lang='lat' dir='ltr'>Parmen.</span> <span class='ocrx_word' id='word_1_435' title='bbox 1413 3248 1535 3293; x_wconf 89' lang='lat' dir='ltr'>Tim.</span> <span class='ocrx_word' id='word_1_436' title='bbox 1564 3259 1608 3294; x_wconf 92' lang='lat' dir='ltr'>et</span> <span class='ocrx_word' id='word_1_437' title='bbox 1634 3259 1765 3294; x_wconf 82' lang='lat' dir='ltr'>sexto</span> <span class='ocrx_word' id='word_1_438' title='bbox 1790 3249 1863 3295; x_wconf 80' lang='lat' dir='ltr'>De</span> <span class='ocrx_word' id='word_1_439' title='bbox 1893 3246 2092 3307; x_wconf 86' lang='lat' dir='ltr'>repub)</span> <span class='ocrx_word' id='word_1_440' title='bbox 2103 3260 2211 3293; x_wconf 78' lang='lat' dir='ltr'>cau·</span> 
     </span>
    </p>
   </div>
   <div class='ocr_carea' id='block_1_11' title="bbox 250 3313 2227 3378">
    <p class='ocr_par' dir='ltr' id='par_1_15' title="bbox 250 3313 2227 3378">
     <span class='ocr_line' id='line_1_47' title="bbox 250 3313 2227 3378; baseline 0 -19"><span class='ocrx_word' id='word_1_441' title='bbox 250 3330 348 3359; x_wconf 86' lang='lat' dir='ltr'>sam</span> <span class='ocrx_word' id='word_1_442' title='bbox 366 3326 550 3360; x_wconf 85' lang='lat' dir='ltr'>nostrae</span> <span class='ocrx_word' id='word_1_443' title='bbox 569 3317 783 3378; x_wconf 90' lang='lat' dir='ltr'>scientiae</span> <span class='ocrx_word' id='word_1_444' title='bbox 811 3330 908 3361; x_wconf 89' lang='lat' dir='ltr'>esse</span> <span class='ocrx_word' id='word_1_445' title='bbox 930 3317 1068 3371; x_wconf 90' lang='lat' dir='ltr'>ideas,</span> <span class='ocrx_word' id='word_1_446' title='bbox 1088 3316 1358 3362; x_wconf 88' lang='lat' dir='ltr'>Aristoteles</span> <span class='ocrx_word' id='word_1_447' title='bbox 1382 3326 1535 3361; x_wconf 89' lang='lat' dir='ltr'>autem</span> <span class='ocrx_word' id='word_1_448' title='bbox 1558 3317 1712 3374; x_wconf 90' lang='lat' dir='ltr'>(tertio</span> <span class='ocrx_word' id='word_1_449' title='bbox 1734 3317 1808 3363; x_wconf 90' lang='lat' dir='ltr'>De</span> <span class='ocrx_word' id='word_1_450' title='bbox 1826 3315 1981 3363; x_wconf 73' lang='lat' dir='ltr'>anima</span> <span class='ocrx_word' id='word_1_451' title='bbox 2003 3324 2034 3361; x_wconf 91' lang='lat' dir='ltr'>t.</span> <span class='ocrx_word' id='word_1_452' title='bbox 2054 3327 2097 3359; x_wconf 53' lang='lat' dir='ltr'>c,</span> <span class='ocrx_word' id='word_1_453' title='bbox 2112 3325 2168 3372; x_wconf 71' lang='grc'>1-7</span> <span class='ocrx_word' id='word_1_454' title='bbox 2172 3313 2227 3371; x_wconf 74' lang='lat'><strong>.).-</strong></span> 
     </span>
    </p>
   </div>
   <div class='ocr_carea' id='block_1_12' title="bbox 252 3383 790 3442">
    <p class='ocr_par' dir='ltr' id='par_1_16' title="bbox 252 3383 790 3442">
     <span class='ocr_line' id='line_1_48' title="bbox 252 3383 790 3442; baseline 0.002 -16"><span class='ocrx_word' id='word_1_455' title='bbox 252 3383 533 3428; x_wconf 88' lang='lat' dir='ltr'>intellectum</span> <span class='ocrx_word' id='word_1_456' title='bbox 562 3393 790 3442; x_wconf 88' lang='lat' dir='ltr'>agentem.</span> 
     </span>
    </p>
   </div>
   <div class='ocr_carea' id='block_1_13' title="bbox 339 3443 2301 3514">
    <p class='ocr_par' dir='ltr' id='par_1_17' title="bbox 339 3443 2301 3514">
     <span class='ocr_line' id='line_1_49' title="bbox 339 3443 2301 3514; baseline 0 -20"><span class='ocrx_word' id='word_1_457' title='bbox 339 3451 403 3494; x_wconf 85' lang='lat' dir='ltr'>Ex</span> <span class='ocrx_word' id='word_1_458' title='bbox 436 3452 505 3495; x_wconf 91' lang='lat' dir='ltr'>his</span> <span class='ocrx_word' id='word_1_459' title='bbox 540 3452 751 3495; x_wconf 89' lang='lat' dir='ltr'>omnibus</span> <span class='ocrx_word' id='word_1_460' title='bbox 785 3463 852 3496; x_wconf 91' lang='lat' dir='ltr'>est</span> <span class='ocrx_word' id='word_1_461' title='bbox 885 3451 1105 3511; x_wconf 88' lang='lat' dir='ltr'>accipere,</span> <span class='ocrx_word' id='word_1_462' title='bbox 1139 3451 1260 3511; x_wconf 92' lang='lat' dir='ltr'>quod</span> <span class='ocrx_word' id='word_1_463' title='bbox 1292 3465 1462 3509; x_wconf 91' lang='lat' dir='ltr'>ponere</span> <span class='ocrx_word' id='word_1_464' title='bbox 1499 3465 1693 3510; x_wconf 91' lang='lat' dir='ltr'>corpora</span> <span class='ocrx_word' id='word_1_465' title='bbox 1729 3449 1947 3495; x_wconf 83' lang='lat' dir='ltr'>coelestia</span> <span class='ocrx_word' id='word_1_466' title='bbox 1971 3461 2075 3495; x_wconf 78' lang='lat' dir='ltr'>esse</span> <span class='ocrx_word' id='word_1_467' title='bbox 2106 3461 2211 3495; x_wconf 65' lang='lat' dir='ltr'>cau—</span> <span class='ocrx_word' id='word_1_468' title='bbox 2280 3443 2301 3514; x_wconf 32' lang='grc' dir='ltr'>,ἶ</span> 
     </span>
    </p>
   </div>
   <div class='ocr_carea' id='block_1_14' title="bbox 252 3515 2219 3647">
    <p class='ocr_par' dir='ltr' id='par_1_18' title="bbox 252 3515 2219 3647">
     <span class='ocr_line' id='line_1_50' title="bbox 252 3515 2207 3578; baseline -0.001 -18"><span class='ocrx_word' id='word_1_469' title='bbox 252 3531 350 3561; x_wconf 89' lang='lat' dir='ltr'>sam</span> <span class='ocrx_word' id='word_1_470' title='bbox 376 3518 506 3564; x_wconf 89' lang='lat' dir='ltr'>nobis</span> <span class='ocrx_word' id='word_1_471' title='bbox 531 3519 831 3577; x_wconf 88' lang='lat' dir='ltr'>intelligendi,</span> <span class='ocrx_word' id='word_1_472' title='bbox 865 3529 932 3563; x_wconf 90' lang='lat' dir='ltr'>est</span> <span class='ocrx_word' id='word_1_473' title='bbox 973 3531 1257 3578; x_wconf 88' lang='lat' dir='ltr'>consequens</span> <span class='ocrx_word' id='word_1_474' title='bbox 1286 3518 1554 3577; x_wconf 90' lang='lat' dir='ltr'>opinionem</span> <span class='ocrx_word' id='word_1_475' title='bbox 1587 3531 1749 3563; x_wconf 87' lang='lat' dir='ltr'>eorum</span> <span class='ocrx_word' id='word_1_476' title='bbox 1781 3516 1865 3577; x_wconf 83' lang='lat' dir='ltr'>qui</span> <span class='ocrx_word' id='word_1_477' title='bbox 1880 3515 2120 3576; x_wconf 70' lang='lat' dir='ltr'>ponebant</span> <span class='ocrx_word' id='word_1_478' title='bbox 2145 3517 2207 3560; x_wconf 91' lang='lat' dir='ltr'>in·</span> 
     </span>
     <span class='ocr_line' id='line_1_51' title="bbox 252 3582 2219 3647; baseline 0.001 -20"><span class='ocrx_word' id='word_1_479' title='bbox 252 3583 485 3629; x_wconf 87' lang='lat' dir='ltr'>tellectum</span> <span class='ocrx_word' id='word_1_480' title='bbox 503 3599 529 3630; x_wconf 85' lang='lat' dir='ltr'>a</span> <span class='ocrx_word' id='word_1_481' title='bbox 543 3599 679 3631; x_wconf 87' lang='lat' dir='ltr'>sensu</span> <span class='ocrx_word' id='word_1_482' title='bbox 695 3599 789 3631; x_wconf 91' lang='lat' dir='ltr'>non</span> <span class='ocrx_word' id='word_1_483' title='bbox 806 3585 985 3640; x_wconf 87' lang='lat' dir='ltr'>distare,</span> <span class='ocrx_word' id='word_1_484' title='bbox 1003 3595 1051 3631; x_wconf 88' lang='lat' dir='ltr'>ut</span> <span class='ocrx_word' id='word_1_485' title='bbox 1063 3594 1186 3645; x_wconf 84' lang='lat' dir='ltr'>patet</span> <span class='ocrx_word' id='word_1_486' title='bbox 1196 3585 1332 3631; x_wconf 82' lang='lat' dir='ltr'>etiam</span> <span class='ocrx_word' id='word_1_487' title='bbox 1347 3598 1426 3644; x_wconf 91' lang='lat' dir='ltr'>per</span> <span class='ocrx_word' id='word_1_488' title='bbox 1442 3583 1741 3631; x_wconf 86' lang='lat' dir='ltr'>Aristotelem</span> <span class='ocrx_word' id='word_1_489' title='bbox 1759 3585 1806 3630; x_wconf 78' lang='lat' dir='ltr'>in</span> <span class='ocrx_word' id='word_1_490' title='bbox 1818 3582 2026 3631; x_wconf 71' lang='lat' dir='ltr'>liboeoDe</span> <span class='ocrx_word' id='word_1_491' title='bbox 2037 3582 2219 3647; x_wconf 64' lang='lat' dir='ltr'>anima-5·</span> 
     </span>
    </p>
   </div>
   <div class='ocr_carea' id='block_1_15' title="bbox 2291 3325 2332 3854">
    <p class='ocr_par' dir='ltr' id='par_1_19' title="bbox 2291 3325 2332 3854">
     <span class='ocr_line' id='line_1_52' title="bbox 2291 3325 2332 3854; baseline 0 0"><span class='ocrx_word' id='word_1_492' title='bbox 2291 3325 2332 3854; x_wconf 95' lang='lat' dir='ltr'> </span> 
     </span>
    </p>
   </div>
  </div>
 </body>
</html>
