2332 3854
821 219 974 258 mann
1015 220 1050 258 1.
1091 219 1211 258 CAP.
1253 218 1444 256 xxxut.
2036 219 2101 273 43

156 321 302 383 gnitio
334 334 487 365 rerum
521 333 616 364 non
650 320 874 379 dependet
907 334 960 364 ex
991 320 1195 375 vocibus,
1229 319 1309 364 sed
1345 333 1400 363 ex
1434 318 1675 362 nominum
1711 319 1901 363 ratione.
1935 318 2002 362 Ex
2040 319 2112 363 his

152 397 310 434 autem
333 401 448 446 quae
466 387 511 430 in
529 387 662 431 rebus
685 386 783 431 aliis
809 387 1113 440 inveniuntur,
1135 387 1181 430 in
1200 387 1457 431 divinorum
1477 385 1790 443 cognitionem
1807 386 2112 445 pervenimus,

150 465 207 499 ut
230 467 283 498 ex
300 453 430 498 dictis
448 454 508 510 (c.
531 466 598 508 30.
616 463 660 497 et
685 454 774 512 31.)
792 463 928 511 patet.
946 453 1052 497 Non
1072 454 1208 512 igitur
1225 453 1476 498 secundum
1499 467 1660 511 puram
1687 453 2114 511 aequivocationem

52 551 86 570 .,
155 520 366 565 dicuntur
389 519 654 596 hujusmodi
685 520 741 564 de
772 519 875 563 Deo
903 530 947 564 et
973 520 1070 563 aliis
1102 521 1250 565 rebus.

245 586 437 631 Adhuc:
479 586 798 645 aequivocatio
834 586 1035 630 nominis
1077 601 1342 663 processum
1386 586 1794 646 argumentationis
1829 586 2032 645 impedit.
2066 585 2116 629 Si

154 653 294 713 igitur
317 652 433 696 nihil
459 653 685 697 diceretur
709 653 764 697 de
797 653 915 706 Deo,
942 663 986 697 et
1013 654 1244 707 creaturis,
1275 654 1359 698 nisi
1397 668 1506 713 pure
1535 653 1800 712 aequivoce,
1836 652 1962 696 nulla
1989 666 2116 710 argu-

157 719 378 765 mentatio
404 719 502 763 fieri
526 729 680 778 posset
705 708 997 778 procedendo
1035 719 1090 763 de
1119 720 1335 765 creaturis
1371 720 1427 765 ad
1453 722 1630 776 Deum3
1671 721 1798 779 cujus
1836 719 2115 764 contrarium

156 794 280 847 patet
306 800 361 830 ex
386 786 599 830 omnibus
625 786 914 845 loquentibus
941 785 996 830 de
1025 786 1200 830 divinis.

247 851 481 912 Amplius:
521 851 684 897 frustra
717 851 901 911 aIIquod
933 852 1104 897 nomen
1141 852 1195 897 de
1234 852 1387 912 aliquo
1424 854 1722 912 praedicatur,
1761 853 1849 897 nisi
1885 866 1966 911 per
2003 851 2115 896 illud

155 933 328 965 nomen
354 918 524 978 aliquid
550 919 606 963 de
638 933 694 963 eo
720 918 1044 978 intelligamus.
1075 919 1164 964 Sed
1192 920 1230 964 si
1254 922 1443 964 nomina
1477 921 1687 966 dicuntur
1713 921 1766 966 de
1797 921 1901 965 Deo
1929 929 1972 964 et
1998 933 2118 964 crea-

156 986 269 1032 turis
295 986 487 1030 omnino
514 987 780 1045 aequivoce,
802 986 917 1030 nihil
942 1001 1022 1045 per
1047 985 1124 1031 illa
1150 987 1341 1031 nomina
1369 988 1560 1032 omnino
1588 989 1643 1032 de
1667 989 1771 1032 Deo
1794 986 2115 1046 intelligimus;

158 1066 264 1098 cum
291 1052 643 1111 significationes
671 1052 856 1105 illorum
882 1053 1125 1097 nominum
1143 1064 1279 1098 notae
1297 1055 1387 1099 sint
1403 1055 1535 1099 nobis
1552 1054 1703 1099 solum
1725 1054 1976 1099 secundum
1994 1053 2118 1112 quod

156 1119 214 1164 de
240 1120 457 1164 creaturis
482 1119 714 1164 dicuntur:
742 1118 907 1164 frustra
932 1120 1070 1179 igitur
1101 1120 1339 1175 diceretur,
1367 1131 1445 1165 aut
1469 1122 1736 1181 probaretur
1776 1121 1832 1166 de
1856 1121 1960 1166 Deo
1993 1120 2117 1181 quod

150 1186 284 1231 ‹Deus
310 1195 377 1230 est
403 1199 482 1231 ens
507 1186 697 1241 bonum,
721 1187 795 1230 vel
822 1186 860 1231 si
886 1187 993 1246 quid
1021 1186 1142 1231 aliud
1168 1187 1435 1246 hujusmodi
1462 1199 1542 1234 est.

247 1253 297 1298 Si
314 1263 467 1298 autem
483 1253 660 1298 dicatur
685 1254 807 1312 quod
825 1268 906 1313 per
930 1254 1195 1312 hujusmodi
1211 1255 1402 1299 nomina
1420 1255 1572 1300 solum
1592 1256 1646 1300 de
1669 1257 1772 1300 Deo
1791 1255 2118 1315 cognoscimus

150 1319 264 1380 ‘quid
288 1333 384 1364 non
409 1330 491 1375 est,
522 1330 572 1364 ut
596 1319 772 1365 scilicet
797 1335 851 1365 ea
877 1321 1054 1365 ratione
1081 1321 1256 1365 dicatur
1281 1322 1455 1376 vivens,
1496 1323 1602 1381 quia
1634 1337 1728 1367 non
1756 1333 1823 1367 est
1863 1323 1918 1367 de
1951 1335 2117 1381 genere

155 1400 307 1432 rerum
325 1386 695 1441 inanimatarum‚
722 1397 767 1431 et
791 1387 855 1431 sic
884 1388 939 1431 de
967 1386 1081 1441 aliis,
1108 1388 1163 1431 ad
1182 1388 1334 1432 minus
1358 1390 1586 1448 oportebit
1618 1390 1740 1449 quod
1762 1392 1920 1434 vivens
1937 1390 1992 1433 de
2014 1389 2118 1432 Deo

155 1463 203 1498 et
233 1453 450 1498 creaturis
477 1454 651 1498 dictum
683 1454 927 1498 conveniat
952 1454 999 1498 in
1025 1456 1270 1513 negatione
1308 1455 1562 1511 inanimati,
1601 1467 1645 1501 et
1669 1458 1734 1502 sic
1759 1470 1855 1501 non
1893 1457 1977 1500 erit
2007 1469 2118 1515 pure

39 1511 67 1551 ³-
159 1521 477 1580 aequivocum.

865 1677 1123 1736 CAPUT
1163 1678 1429 1735 XXXIV.

382 1805 542 1852 QUOD
584 1805 655 1843 EA
696 1806 845 1852 QUAE
885 1806 1174 1846 DICUNTUR
1214 1807 1287 1844 DE
1327 1806 1441 1844 DEO
1482 1806 1552 1845 ET
1594 1805 1896 1845 CREATURIS

704 1881 1117 1921 ANALOGICE
1178 1881 1588 1920 DICUNTUR.

248 1981 326 2026 Sic
351 1982 487 2041 igitur
512 1996 566 2026 ex
587 1983 717 2027 dictis
741 1982 1008 2042 relinquitur
1025 1983 1147 2042 quod
1165 1997 1219 2027 ea
1241 1997 1357 2042 quae
1375 1983 1430 2027 de
1447 1984 1550 2027 Deo
1573 1993 1615 2027 et
1633 1983 1764 2027 rebus
1783 1982 1880 2027 aliis
1897 1982 2120 2036 dicuntur,

157 2049 474 2108 praedicantur
497 2063 646 2108 neque
671 2051 881 2104 univoce,
908 2064 1058 2110 neque
1085 2051 1348 2109 aequivoce,
1375 2051 1453 2095 sed
1482 2049 1734 2109 analogice,
1759 2050 1850 2093 hoc
1878 2060 1946 2094 est
1967 2063 2122 2093 secun-

157 2114 268 2159 dum
290 2115 498 2159 ordinem
524 2115 598 2160 vel
620 2126 878 2175 respectum
905 2117 960 2160 ad
989 2116 1172 2176 aliquod
1200 2131 1356 2160 unum.
1387 2117 1526 2169 Quod
1554 2117 1739 2176 quidem
1759 2116 1996 2176 dupliciter
2018 2130 2124 2160 con-

155 2181 311 2241 tingit:
338 2196 430 2226 uno
457 2183 613 2238 modo,
639 2185 892 2228 secundum
919 2184 1041 2243 quod
1060 2184 1202 2228 multa
1224 2185 1394 2228 habent
1409 2196 1669 2243 respectum
1688 2185 1743 2228 ad
1762 2184 1946 2243 aliquod
1964 2199 2122 2238 unum,

0 2242 2 2264 ³
32 2242 57 2308 ³ss
101 2285 106 2289 .
157 2249 275 2296 sicut
297 2249 551 2295 secundum
575 2261 834 2309 respectum
852 2251 908 2295 ad
935 2265 1074 2295 unam
1102 2251 1344 2296 sanitatem
1371 2251 1542 2296 animal
1564 2252 1728 2296 dicitur
1749 2265 1928 2306 sanum,
1955 2260 2004 2296 ut
2026 2252 2121 2310 ejus

157 2315 425 2375 subjectum,
452 2317 694 2377 medicina,
727 2327 776 2362 ut
802 2319 898 2376 ejus
925 2317 1201 2372 effectivum,
1225 2319 1366 2373 cibus,
1394 2329 1438 2363 et
1459 2320 1554 2377 ejus
1575 2319 1958 2372 conservativum,
1978 2319 2122 2371 urina,

156 2392 208 2429 ut
230 2384 329 2444 ejus
353 2383 560 2442 signum;
587 2384 678 2428 alio
705 2385 861 2440 modo,
888 2386 1138 2431 secundum
1165 2386 1288 2445 quod
1315 2386 1512 2431 duorum
1539 2386 1783 2431 attenditur
1809 2386 1924 2430 ordo
1955 2385 2030 2429 vel
2054 2400 2124 2429 re·

157 2459 354 2510 spectus,
378 2465 474 2495 non
496 2451 552 2496 ad
569 2451 738 2511 aliquid
765 2452 972 2506 alterum,
989 2453 1068 2497 sed
1091 2453 1147 2496 ad
1169 2467 1311 2496 unum
1328 2453 1549 2512 ipsorum,
1566 2453 1684 2498 sicut
1701 2466 1780 2497 ens
1799 2453 1854 2497 de
1875 2452 2123 2497 substantia

154 2525 205 2562 et
236 2517 471 2563 accidente
496 2518 672 2572 dicitur,
705 2519 958 2564 secundum
991 2520 1114 2578 quod
1141 2519 1351 2564 accidens
1378 2521 1433 2563 ad
1451 2521 1748 2565 substantiam
1770 2529 2028 2577 respectum
2048 2519 2125 2564 ha-

0 2633 2 2659 ἱ
26 2641 39 2658 ι
69 2633 75 2640 ,
144 2584 247 2638 bet,
267 2598 363 2629 non
381 2585 504 2644 quod
520 2585 771 2630 substantia
787 2596 831 2630 et
845 2586 1056 2631 accidens
1074 2586 1130 2631 ad
1153 2586 1339 2646 aliquod
1362 2587 1546 2632 tertium
1563 2586 1828 2631 referantur.
1848 2586 2124 2644 Huiusmodi

157 2650 297 2711 igitur
320 2652 511 2696 nomina
538 2652 593 2697 de
619 2653 723 2697 Deo
755 2663 801 2697 et
825 2654 957 2698 rebus
985 2653 1082 2698 aliis
1114 2669 1210 2698 non
1243 2654 1454 2698 dicuntur
1486 2653 1726 2713 analogice
1762 2653 2015 2698 secundum
2041 2653 2125 2712 pri-

159 2730 288 2764 mum
311 2719 527 2773 modum;
554 2729 784 2779 oporteret
811 2721 935 2765 enim
962 2721 1129 2780 aliquid
1155 2721 1259 2765 Deo
1281 2735 1453 2780 ponere
1480 2722 1616 2780 prius,
1644 2721 1722 2765 sed
1746 2720 1888 2764 modo
1905 2721 2121 2764 secundo.

248 2786 302 2830 In
326 2786 591 2844 hujusmodi
618 2797 770 2832 autem
793 2787 1035 2847 analogica
1061 2788 1400 2846 praedicatione
1428 2788 1542 2832 ordo
1561 2787 1805 2832 attenditur
1820 2787 1945 2831 idern
1967 2801 2126 2831 secun-

0 2846 2 2900 ἶ
48 2907 55 2916 „
78 2844 85 2858 ³
158 2852 269 2898 dum
293 2866 481 2907 nomen,
508 2863 553 2898 et
578 2854 832 2898 secundum
858 2869 954 2899 rem
977 2855 1274 2914 quandoque3
1301 2855 1574 2914 quandoque
1600 2869 1711 2899 vero
1737 2868 1831 2898 non
1849 2854 1972 2898 idern
1988 2870 1997 2899 :
2014 2868 2122 2898 nam

158 2919 276 2965 ordo
300 2920 502 2965 nominis
529 2921 732 2979 sequitur
754 2920 963 2965 ordinem
985 2922 1274 2979 cognitionis,
1296 2922 1401 2980 quia
1419 2932 1486 2967 est
1508 2923 1689 2981 signum
1703 2921 2000 2980 intelligibilis
2020 2935 2126 2964 con-

162 2986 400 3046 ceptionis.
429 2986 631 3039 Quando
658 2988 794 3047 igitur
819 2988 864 3032 id
891 2989 1014 3047 quod
1049 2999 1116 3033 est
1147 2989 1269 3048 prius
1302 2989 1555 3033 secundum
1586 3003 1700 3042 rem,
1734 2988 1960 3032 invenitur
1986 2987 2123 3031 etiam

161 3053 425 3112 cognitione
461 3054 606 3113 prius:
647 3055 770 3099 idem
803 3055 1030 3100 invenitur
1060 3056 1182 3114 prius
1215 3066 1260 3100 et
1291 3056 1544 3100 secundum
1574 3055 1775 3099 nominis
1808 3055 2049 3107 rationem,
2082 3063 2127 3098 et

160 3119 413 3165 secundum
437 3121 503 3165 rei
526 3130 750 3167 naturam.
778 3121 853 3166 Sic
879 3122 1128 3167 substantia
1151 3132 1217 3167 est
1242 3123 1366 3181 prior
1392 3123 1626 3168 accidente
1648 3132 1808 3166 natura
1834 3123 1878 3165 in
1902 3131 2124 3180 quantum

162 3187 411 3232 substantia
437 3199 505 3233 est
526 3202 663 3234 causa
686 3189 958 3234 accidentis:
983 3200 1027 3235 et
1050 3190 1328 3249 cognitione,
1350 3191 1397 3234 in
1419 3200 1640 3249 quantum
1667 3189 1915 3233 substantia
1941 3189 1988 3232 in
2011 3186 2126 3232 diffi-

162 3254 336 3299 nitione
360 3255 604 3300 accidentis
627 3257 822 3315 ponitur,
846 3266 890 3301 et
910 3257 1013 3301 ideo
1037 3271 1117 3301 ens
1140 3257 1303 3301 dicitur
1324 3257 1445 3316 prius
1471 3258 1525 3300 de
1549 3256 1796 3301 substantia
1820 3270 1958 3315 quam
1978 3255 2034 3299 de
2056 3269 2126 3300 ac-

164 3321 356 3375 cidente,
383 3331 427 3366 et
453 3323 705 3367 secundum
732 3324 798 3368 rei
824 3334 1035 3368 naturam
1062 3335 1106 3368 et
1137 3325 1387 3368 secundum
1415 3324 1614 3367 nominis
1647 3323 1886 3366 rationem.
1923 3322 2124 3375 Quando

163 3401 274 3432 vero
299 3387 410 3432 illud
437 3390 559 3448 quod
592 3400 658 3434 est
684 3392 806 3449 prius
828 3391 1079 3435 secundum
1107 3402 1332 3444 naturam,
1359 3400 1426 3434 est
1447 3390 1671 3448 posterius
1694 3390 1946 3434 secundum
1973 3389 2126 3448 cogni-

165 3453 355 3508 tionem,
376 3454 483 3499 hinc
511 3455 557 3499 in
584 3456 834 3515 analogicis
860 3471 955 3501 non
982 3467 1050 3501 est
1074 3457 1195 3501 idem
1220 3458 1332 3500 ordo
1366 3456 1618 3500 secundum
1651 3470 1763 3510 rem,
1797 3466 1842 3500 et
1873 3456 2122 3500 secundum

166 3521 366 3565 nominis
391 3523 641 3566 rationem:
668 3523 785 3567 sicut
809 3523 950 3568 virtus
972 3524 1176 3578 sanandi,
1204 3538 1319 3583 quae
1347 3533 1414 3567 est
1434 3523 1480 3567 in
1507 3524 1736 3577 sanitavis,
1758 3524 1881 3583 prior
1908 3533 1974 3568 est
1999 3533 2126 3567 natu·

166 3586 317 3632 taliter
334 3588 523 3633 sanitate
540 3603 656 3648 quae
674 3599 740 3634 est
761 3590 805 3633 in
829 3590 1028 3644 animali,
1046 3591 1163 3634 sicut
1185 3604 1320 3635 causa
1343 3588 1520 3634 effectu.
1541 3590 1629 3634 Sed
1649 3591 1755 3650 quia
1772 3591 1890 3634 hanc
1908 3591 2121 3635 virtutem
