2294 3854
806 198 960 238 Lmen
999 198 1071 237 ιν.
1113 198 1233 237 CAP.
1274 195 1480 236 Lxxxn.
2011 180 2112 249 693

169 301 300 351 bitur.
326 301 480 347 Prima
505 309 657 345 autem
682 300 775 345 vita
801 314 939 359 quarn
965 301 1110 345 homo
1137 314 1215 359 per
1241 298 1584 359 generationem
1617 294 1890 355 adipiscitur,
1916 296 2118 353 sequitur

144 369 480 426 'conditionem
506 366 807 426 corruptibilis
835 368 1054 426 corporis,
1085 367 1131 411 in
1162 367 1254 412 hoc
1286 366 1410 425 quod
1441 377 1521 423 per
1553 372 1749 408 mortem
1782 362 1980 421 privatur
2011 361 2117 405 vita.

169 434 277 480 Vita
300 436 436 495 igitur
459 448 598 494 quam
623 434 768 478 homo
794 435 1073 493 resurgendo
1101 433 1362 493 adipiscitur
1383 432 1468 477 erit
1492 438 1708 491 perpetua
1734 427 1986 474 secundum
2012 440 2117 471 con·

170 502 391 547 ditionem
416 500 769 559 incorruptibilis
796 501 990 545 animae.

194 587 215 597 „
256 569 396 614 Item:
424 568 462 612 si
485 569 532 612 in
552 567 779 612 infinitum
796 567 1042 611 succedant
1058 566 1141 612 sibi
1166 566 1212 611 in
1239 565 1404 611 eodem
1421 565 1510 610 vita
1530 573 1574 609 et
1590 577 1730 617 mors,
1755 562 1855 622 ipsa
1879 560 2118 605 alternatio

168 634 288 680 vitae
313 645 359 680 et
382 635 542 680 mortis
567 634 750 679 habebit
774 634 974 693 speciem
1002 633 1307 677 circulationis
1335 631 1584 690 cujusdam.
1610 628 1778 675 Omnis
1795 637 1948 673 autern
1975 627 2120 671 circu-

168 701 279 746 latio
304 702 351 746 in
367 703 499 746 rebus
518 701 848 760 generabilibus
866 710 910 744 et
928 699 1291 758 corruptibilibus
1318 713 1342 743 a
1368 698 1511 757 prima
1532 696 1829 741 circulatione
1854 692 2119 752 incorrupti·

167 767 328 814 bilium
353 782 599 827 corporum
632 777 866 812 causatur:
892 781 999 811 nam
1031 767 1176 825 prima
1209 764 1444 809 circulatio
1477 764 1524 808 in
1557 773 1687 807 motu
1712 761 1851 806 locali
1875 761 2117 813 invenitur,

170 844 216 880 et
234 835 486 880 secundum
511 835 607 893 eius
638 834 982 879 similitudinem
1015 833 1070 876 ad
1098 842 1249 876 motus
1275 831 1390 876 alios
1417 831 1655 876 derivatur.
1690 828 1960 875 Causabitur
1984 827 2120 886 igitur

169 901 408 947 alternatio
435 902 609 955 mortis,
637 911 681 946 et
704 901 824 945 vitae
851 915 876 944 a
903 914 1095 959 corpore
1123 899 1310 943 coelesti
1318 914 1333 956 3
1361 898 1482 957 quod
1506 911 1603 942 esse
1625 911 1719 941 non
1740 905 1903 954 potest,
1926 895 2029 954 quia
2055 908 2121 939 re·

90 999 95 1006 -
168 968 343 1027 paratio
369 968 574 1026 corporis
600 968 770 1012 mortui
796 967 851 1011 ad
878 969 1020 1011 vitam
1050 965 1313 1010 facultatem
1347 965 1538 1009 actionis
1570 974 1758 1008 naturae
1790 962 1979 1007 excedit.
2010 961 2119 1005 Non

168 1034 304 1093 igitur
327 1044 396 1079 est
420 1034 632 1094 ponenda
658 1034 922 1092 hujusmodi
945 1033 1183 1077 alternatio
1206 1032 1364 1076 mortis
1393 1041 1438 1076 et
1462 1031 1596 1085 vitae,
1622 1044 1707 1075 nec
1730 1043 1809 1089 per
1835 1041 2118 1087 consequens

168 1100 291 1159 quod
316 1101 596 1162 resurgentia
622 1114 817 1159 corpora
843 1100 1107 1144 moriantur.

209 1191 212 1195 Δ
258 1166 491 1226 Amplius:
524 1180 840 1226 quaecumque
873 1166 1123 1211 succedunt
1154 1164 1238 1210 sibi
1269 1164 1316 1209 in
1348 1163 1512 1209 eodem
1547 1162 1750 1221 subjecto
1781 1161 1952 1206 habent
1977 1160 2117 1205 deter-

169 1232 391 1278 minatam
406 1247 668 1279 mensuram
695 1247 803 1278 suae
830 1233 1078 1278 durationis
1100 1232 1351 1276 secundum
1367 1240 1561 1290 tempus.
1590 1229 1762 1275 Omnia
1790 1238 1944 1273 autern
1968 1226 2119 1285 hujus-

170 1299 298 1344 modi
327 1301 529 1359 subjecta
559 1311 663 1346 sunt
692 1301 839 1345 motui
872 1299 1003 1357 coeli,
1044 1313 1181 1358 quem
1211 1307 1393 1357 tempus
1425 1296 1737 1356 consequitur:
1777 1296 1930 1340 anima
1966 1303 2119 1338 autem

168 1377 375 1424 separata
413 1381 507 1411 non
539 1377 607 1412 est
631 1368 832 1426 subjecta
865 1368 1010 1412 motui
1043 1365 1177 1419 coeli,
1204 1365 1309 1423 quia
1334 1364 1511 1409 excedit
1539 1373 1685 1408 totam
1717 1372 1928 1407 naturam
1960 1374 2119 1419 corpo-

167 1433 326 1477 ralem.
347 1433 603 1489 Alternatio
629 1433 766 1492 igitur
786 1432 1083 1492 separationis
1110 1433 1220 1490 eius,
1238 1441 1283 1475 et
1307 1430 1489 1474 unionis
1515 1429 1571 1474 ad
1609 1443 1772 1488 corpus
1797 1442 1892 1473 non
1917 1427 2121 1486 subjacet

168 1499 315 1544 motui
339 1499 471 1546 coeli.
503 1500 611 1545 Non
642 1500 779 1559 igitur
813 1509 881 1544 est
914 1498 1017 1543 talis
1053 1497 1288 1542 circulatio
1314 1498 1361 1541 in
1388 1496 1687 1541 alternatione
1720 1495 1880 1539 mortis
1906 1503 1952 1539 et
1982 1493 2117 1548 vitae,

168 1565 314 1625 qualis
339 1567 553 1626 sequitur,
574 1566 613 1611 si
628 1575 913 1625 resurgentes
937 1566 1102 1610 iterum
1125 1564 1391 1608 moriantur.
1417 1563 1673 1622 Resurgent
1712 1563 1847 1621 igitur
1871 1561 1928 1605 de
1965 1570 2118 1606 cetero

167 1645 263 1677 non
286 1634 511 1681 morituri.

257 1698 376 1745 Hinc
408 1709 476 1744 est
499 1700 622 1759 quod
655 1700 817 1744 dicitur
847 1699 956 1757 (Isa.
993 1698 1138 1742 XXV.
1172 1697 1260 1754 8.):
1295 1697 1599 1755 Praecipitabit
1622 1697 1835 1740 Dominus
1870 1700 2046 1740 mortem
2078 1695 2122 1738 in

167 1768 461 1826 sempiternum
475 1781 493 1819 ;
527 1776 572 1811 et
596 1767 765 1825 (Apoc.
792 1766 915 1810 XXI.
943 1766 1057 1821 24.):
1086 1766 1204 1808 Mors
1227 1764 1342 1808 ultra
1366 1778 1450 1807 non
1476 1764 1568 1807 erit.

256 1833 344 1878 Per
363 1834 455 1879 hoc
481 1843 635 1878 autem
667 1831 919 1877 excluditur
946 1845 1069 1876 error
1097 1830 1401 1889 quorumdam
1429 1829 1719 1887 antiquorum
1750 1827 2017 1882 Gentilium,
2044 1827 2122 1886 qui

169 1899 414 1945 credebant
437 1900 600 1945 eadem
626 1909 903 1957 temporum,
928 1897 1340 1955 temporaliumque
1362 1909 1514 1940 rerum
1531 1895 1764 1939 volumina
1789 1895 1953 1954 repeti;
1979 1894 2123 1939 verbi-

169 1965 313 2024 gratia
334 1967 449 2011 sicut
471 1967 517 2011 in
532 1966 621 2010 isto
643 1965 828 2010 saeculo
846 1964 977 2009 Plato
994 1963 1295 2023 philosophus
1317 1962 1363 2006 in
1389 1962 1499 2006 urbe
1525 1961 1809 2015 Atheniensi,
1835 1961 1942 2005 etin
1959 1961 2120 2006 eadem

168 2032 343 2087 schola,
375 2046 491 2092 quae
523 2032 802 2077 Academica
829 2031 949 2075 dicta
976 2040 1058 2084 est,
1085 2028 1331 2088 discipulos
1363 2028 1542 2082 docuit;
1574 2028 1636 2072 ita
1668 2042 1747 2086 per
1773 2027 2121 2073 innumerabilia

169 2109 288 2144 retro
314 2098 495 2145 saecula
536 2098 690 2143 multis
726 2099 910 2157 quidem
935 2097 1120 2156 prolixis
1154 2094 1418 2148 intervallis,
1451 2095 1529 2138 sed
1570 2104 1725 2138 tamen
1758 2094 1890 2139 certis
1923 2104 1967 2138 et
1997 2093 2120 2137 idem

168 2165 316 2221 Plato,
340 2175 387 2210 et
411 2165 573 2210 eadem
600 2165 772 2218 civitas,
799 2174 843 2208 et
869 2164 1030 2208 eadem
1052 2162 1226 2215 schola,
1248 2162 1479 2220 iidemque
1511 2161 1720 2220 discipuli
1750 2162 1942 2221 repetiti,
1969 2171 2015 2206 et
2039 2174 2121 2220 per

166 2232 514 2277 innumerabilia
530 2232 717 2276 demum
743 2231 924 2276 saecula
949 2230 1181 2288 repetendi
1198 2239 1316 2282 sunt,
1339 2239 1388 2272 ut
1405 2229 1686 2287 Augustinus
1711 2228 1956 2273 introducit
1982 2228 2029 2272 in
2051 2228 2123 2272 de·

169 2298 292 2353 cimo
309 2298 513 2344 secundo
538 2298 609 2342 De
633 2299 719 2343 civ.
744 2298 845 2342 Dei.
864 2297 936 2341 Ad
955 2297 1092 2356 quod,
1118 2305 1166 2340 ut
1191 2297 1288 2355 ipse
1315 2295 1483 2340 ibidem
1502 2296 1623 2349 dicit,
1649 2296 1833 2354 quidam
1856 2294 2021 2339 referre
2042 2308 2120 2338 vo-

168 2364 268 2417 lunt
290 2365 402 2410 illud
425 2364 549 2424 quod
575 2364 737 2408 dicitur
761 2363 907 2422 (Eccl.
939 2364 973 2408 Ι.
999 2363 1095 2422 9.):
1132 2363 1247 2420 Quid
1272 2369 1327 2407 est
1352 2362 1460 2420 quod
1476 2363 1599 2420 fuit?
1625 2363 1767 2421 Ipsum
1794 2361 1902 2420 quod
1917 2362 2120 2420 futurum

167 2438 234 2477 est.
263 2432 380 2489 Quid
404 2438 461 2476 est
485 2431 595 2490 quod
610 2432 771 2488 factum
802 2433 890 2476 est?
915 2431 1059 2491 Ipsum
1085 2430 1192 2488 quod
1204 2429 1450 2488 faciendum
1476 2435 1543 2473 est.
1577 2429 1698 2473 Nihil
1720 2430 1794 2474 sub
1825 2430 1903 2473 sole
1934 2442 2119 2480 novum,·

167 2513 240 2543 nec
263 2499 375 2543 valet
389 2500 608 2557 quisquam
623 2498 782 2543 dicere:
810 2499 915 2542 Ecce
941 2498 1015 2542 hoc
1040 2512 1175 2542 recens
1191 2503 1260 2550 est,
1272 2499 1366 2555 jam
1388 2497 1498 2540 enim
1516 2497 1740 2554 praecessit
1759 2497 1806 2539 in
1825 2496 1996 2540 saeculis
2017 2508 2120 2553 quae

167 2565 340 2620 fuerunt
363 2570 457 2610 ante
487 2579 573 2609 nos.
608 2564 749 2616 Quod
782 2565 966 2623 quidem
996 2577 1092 2608 non
1124 2563 1188 2608 sic
1221 2562 1566 2620 intelligendum
1602 2572 1668 2606 est
1698 2562 1820 2621 quod
1853 2562 2014 2606 eadem
2040 2575 2119 2604 nu·

170 2644 299 2690 guero
325 2645 405 2689 per
429 2632 746 2690 generationes
771 2630 918 2674 varias
950 2639 1223 2688 repetantur,
1251 2629 1329 2674 sed
1356 2628 1523 2672 similia
1554 2629 1720 2686 specie,
1753 2639 1803 2672 ut
1833 2627 2116 2687 Augustinus

170 2698 338 2742 ibidem
358 2697 522 2742 solvit:
550 2706 595 2741 et
620 2695 890 2741 Aristoteles
915 2697 961 2741 in
986 2696 1076 2740 fine
1092 2697 1164 2740 De
1191 2695 1484 2754 generatione
1502 2695 1594 2738 hoc
1612 2694 1763 2754 ipsum
1789 2694 1946 2739 docuit
1962 2703 2119 2740 contra

170 2764 447 2824 praedictam
482 2773 652 2809 sectam
675 2762 880 2822 loquens.

837 2917 1091 2974 CAPUT
1133 2916 1445 2972 LXXXIII.

393 3048 552 3096 QUOD
593 3048 649 3087 IN
690 3045 1138 3086 RESURRECTIONE
1163 3045 1282 3084 NON
1320 3044 1445 3082 ERIT
1484 3043 1619 3081 USUS
1655 3040 1896 3082 CIBORUM

892 3121 962 3158 ET
1001 3119 1386 3159 VENEREORUM.

260 3233 325 3278 Ex
350 3232 610 3293 praemissis
634 3241 787 3276 autem
820 3230 1070 3276 ostenditur
1095 3229 1217 3288 quod
1245 3228 1361 3287 apud
1376 3228 1589 3273 homines
1606 3235 1892 3285 resurgentes
1913 3237 2007 3270 non
2034 3221 2120 3269 erit

173 3313 474 3344 venereorum
501 3309 547 3343 et
573 3299 776 3344 ciborum
803 3311 922 3343 usus.

264 3367 460 3412 Remota
482 3367 604 3411 enim
627 3366 717 3410 vita
744 3363 1036 3424 corruptibili,
1059 3376 1245 3408 necesse
1271 3372 1338 3407 est
1364 3361 1589 3407 removeri
1615 3374 1668 3404 ea
1694 3373 1810 3419 quae
1838 3356 2116 3417 corruptibili

171 3434 290 3479 vitae
317 3433 587 3479 deserviunt.
612 3430 903 3476 Manifestum
931 3440 997 3475 est
1020 3440 1171 3474 autern
1199 3428 1320 3488 quod
1344 3429 1551 3473 ciborum
1569 3438 1675 3471 usus
1695 3424 1973 3484 corruptibili
1998 3424 2118 3468 vitae

174 3499 390 3554 deservit3
418 3499 473 3543 ad
504 3499 595 3544 hoc
627 3500 750 3543 enim
777 3497 902 3542 cibos
928 3497 1200 3541 assumimus
1228 3506 1276 3540 ut
1307 3494 1554 3557 corruptio,
1580 3507 1695 3553 quae
1728 3502 1882 3551 posset
1913 3490 2119 3535 accidere

173 3580 226 3610 ex
252 3567 600 3625 consumptione
625 3563 842 3610 naturalis
867 3563 1059 3617 humidi,
1086 3563 1290 3607 evitetur.
1319 3561 1398 3606 Est
1424 3561 1561 3611 etiam
1587 3559 1632 3604 in
1661 3557 1886 3617 praesenti
1913 3556 2118 3602 ciborum
