2332 3854
266 188 374 243 224
917 187 1074 225 LIBER
1111 185 1168 223 ΙΙ.
1209 186 1330 225 CAP.
1372 186 1559 225 LXXIII.

265 290 473 335 tellectus
500 289 728 350 possibilis
761 289 816 334 ad
845 289 1117 348 phantasma
1149 302 1240 347 quo
1276 288 1462 347 indiget,
1496 298 1599 334 ante
1636 288 1839 348 speciem
1863 289 2224 351 {intelligibilem

267 367 312 401 et
339 356 428 401 alio
457 356 597 401 modo
626 366 870 415 postquam
892 355 1063 412 recepit
1085 354 1285 414 speciem
1306 353 1666 414 intelligibilem3
1700 365 1803 401 ante
1831 357 1953 401 enim
1978 358 2155 418 indiget
2167 373 2225 404 eo

266 433 315 468 ut
341 423 394 468 ab
428 438 483 468 eo
518 424 710 482 accipiat
735 422 936 481 speciem
963 420 1326 479 intelligibilem3
1359 421 1479 466 unde
1503 436 1550 466 se
1575 422 1715 467 habet
1741 422 1797 467 ad
1822 423 2106 470 intellectum
2127 439 2227 484 pos-

266 490 445 536 sibilem
472 499 519 534 ut
546 490 777 548 objectum
805 502 1022 542 movens;
1054 487 1149 542 sed,
1182 497 1287 546 post
1317 488 1520 548 speciem
1542 489 1589 533 in
1624 503 1679 534 eo
1706 499 1954 548 receptam,
1975 490 2152 550 indiget
2169 506 2227 536 eo

268 558 398 617 quasi
428 559 729 602 instrumento
761 555 856 599 sive
898 554 1197 599 fundamento
1229 569 1338 600 suae
1374 556 1565 615 speciei;
1597 556 1718 601 unde
1751 570 1800 602 se
1832 556 1972 602 habet
2002 557 2060 602 ad
2090 558 2230 617 phan-

269 635 463 670 tasmata
492 625 609 669 sicut
630 637 767 667 causa
790 621 1016 677 efficiens;
1042 622 1293 667 secundum
1313 623 1437 667 enim
1456 624 1714 682 imperium,
1730 623 1986 669 intellectus
2006 623 2230 669 formatur

267 693 314 736 in
340 692 671 749 imaginatione
710 690 983 748 phantasma
1018 689 1296 734 conveniens
1331 690 1412 734 tali
1444 690 1613 749 speciei
1647 689 1936 750 intelligibili,
1967 690 2016 735 in
2041 695 2135 751 qudi
2164 705 2229 736 re-

270 758 475 818 splendet
502 758 674 816 species
701 755 995 815 intelligibilis
1027 756 1143 800 sicut
1170 756 1404 814 exemplar
1433 757 1480 801 in
1514 755 1773 815 exemplato
1805 757 1901 802 sive
1932 757 1982 802 in
2012 757 2229 817 imagine.

271 826 321 870 Si
353 839 463 884 ergo
497 823 755 868 intellectus
788 822 1015 882 possibilis
1041 837 1219 883 semper
1243 823 1478 868 habuisset
1510 825 1704 882 species,
1735 838 1972 883 nunquam
1999 837 2231 883 compara-

270 902 392 936 retur
419 891 473 934 ad
500 891 820 949 phantasmata
853 890 969 934 sicut
1001 891 1223 948 recipiens
1251 890 1307 933 ad
1335 891 1566 949 objectum
1594 892 1833 935 motivum.

360 959 498 1001 Item:
531 956 789 1001 intellectus
815 956 1042 1015 possibilis
1076 966 1142 1000 est
1175 971 1266 1015 quo
1301 957 1454 1000 anima
1487 967 1531 1001 et
1556 957 1700 1001 homo
1726 957 1952 1017 intelligit,
1978 957 2231 1005 secundum

270 1025 581 1069 Aristotelem.
617 1024 667 1068 Si
694 1034 848 1067 autem
874 1023 1132 1068 intellectus
1165 1023 1390 1082 possibilis
1424 1034 1491 1068 est
1522 1039 1638 1069 unus
1676 1025 1888 1075 omnium
1923 1039 1975 1069 ac
2008 1034 2232 1078 aeternuS,

271 1101 452 1151 oportet
483 1091 605 1150 quod
632 1091 679 1134 in
706 1092 806 1149 ipso
838 1092 932 1149 jam
960 1092 1049 1134 sint
1074 1101 1283 1149 receptae
1321 1105 1484 1136 omnes
1521 1092 1697 1150 species
1732 1091 2039 1151 intelligibiles
2071 1104 2232 1137 eorum

270 1173 387 1219 quae
415 1173 440 1202 a
472 1157 745 1217 quibuslibet
766 1157 1031 1202 hominibus
1056 1167 1161 1202 sunt
1188 1157 1300 1202 scita
1325 1158 1399 1202 vel
1423 1157 1616 1204 fuerunt.
1642 1152 1849 1211 Quilibet
1868 1159 2006 1217 igitur
2025 1167 2233 1203 nostrum

271 1227 347 1286 qui
369 1241 448 1285 per
472 1224 758 1269 intellectum
775 1223 1038 1284 possibilem
1060 1224 1285 1283 intelligit,
1308 1225 1454 1269 immo
1474 1227 1600 1283 cujus
1627 1225 1882 1285 intelligere
1908 1234 1977 1271 est
1994 1223 2235 1285 ipsania-

270 1293 474 1352 telligere
501 1291 759 1336 intellectus
792 1291 1038 1351 possibilis,
1070 1291 1296 1351 intelliget
1322 1292 1478 1353 omnia
1506 1306 1623 1352 quae
1655 1302 1759 1338 sunt
1789 1291 1864 1338 vel
1887 1291 2070 1339 fuerunt
2094 1299 2121 1337 a'
2142 1291 2235 1352 qui-

271 1361 554 1418 buscumque
579 1358 835 1413 intellecta;
868 1358 990 1417 quod
1018 1368 1142 1416 patet
1168 1373 1267 1403 esse
1298 1358 1479 1403 falsum.

361 1427 434 1472 Ad
475 1427 566 1471 hoc
613 1436 766 1470 autem
801 1426 1155 1470 Commentator
1197 1426 1449 1485 praedictus
1487 1426 1744 1485 respondet,
1787 1426 1942 1472 dicens
1977 1425 2133 1486 (tertio
2162 1425 2235 1471 De

272 1495 439 1548 anima,
461 1503 492 1538 t.
518 1508 555 1538 c.
585 1492 642 1551 5.)
657 1493 779 1552 quod
805 1507 890 1537 nos
912 1506 1006 1536 non
1028 1492 1324 1551 intelligimus
1347 1507 1427 1551 per
1447 1493 1733 1538 intellectum
1755 1492 2036 1553 possibilem,
2060 1493 2146 1539 nisi
2171 1506 2236 1538 se-

273 1562 472 1606 cundum
482 1560 604 1620 quod
622 1560 912 1604 continuatur
923 1559 1055 1604 nobis
1068 1574 1147 1618 per
1158 1569 1313 1604 nostra
1328 1560 1646 1619 phantasmata
1659 1577 1670 1616 ;
1685 1571 1728 1605 et
1737 1561 1842 1620 quia
1854 1574 1948 1606 non
1960 1569 2064 1605 sunt
2074 1559 2236 1604 eadem

271 1630 591 1688 phantasmata
624 1627 741 1687 apud
769 1641 944 1681 omnes,
978 1641 1063 1671 nec
1099 1627 1264 1671 eodem
1298 1627 1438 1671 modo
1473 1627 1703 1686 disposita,
1735 1641 1820 1672 nec
1852 1627 2071 1687 quidquid
2106 1626 2235 1674 intel-

273 1696 374 1755 ligit
399 1710 515 1739 unus
547 1694 760 1753 intelligit
787 1694 915 1740 alius.
949 1694 1005 1738 Et
1036 1693 1213 1737 videtur
1244 1694 1359 1738 haec
1393 1694 1630 1753 responsio
1665 1708 1918 1739 consonare
1950 1693 2236 1754 praemissis3

276 1770 400 1818 nam,
423 1762 603 1814 etiamsi
628 1762 884 1805 intellectus
910 1760 1136 1820 possibilis
1159 1775 1252 1804 non
1277 1771 1343 1805 est
1369 1776 1499 1814 unus,
1525 1776 1619 1806 non
1645 1761 1945 1820 intelligimus
1966 1753 2024 1806 ea
2037 1774 2237 1820 quorum

275 1830 448 1890 species
467 1838 571 1873 sunt
595 1829 639 1872 in
667 1828 902 1873 intellectu
930 1827 1148 1887 possibili,
1174 1828 1261 1872 nisi
1288 1828 1435 1872 adsint
1460 1828 1780 1887 phantasmata
1806 1829 1861 1873 ad
1887 1828 1979 1873 hoc
2002 1827 2235 1886 disposita.

360 1896 451 1941 Sed
478 1895 601 1955 quod
638 1896 758 1940 dicta
794 1895 1031 1953 responsio
1064 1909 1158 1939 non
1184 1895 1327 1954 possit
1361 1894 1561 1940 totaliter
1591 1896 1919 1941 inconveniens
1952 1895 2136 1949 evitare,
2168 1893 2234 1940 sic

275 1973 413 2023 patet.

367 2030 527 2082 Quum
548 2028 804 2074 intellectus
830 2028 1057 2088 possibilis
1083 2028 1228 2073 factus
1262 2038 1330 2073 est
1351 2038 1454 2072 actu
1481 2043 1559 2087 per
1586 2029 1784 2088 speciem
1817 2028 2152 2088 intelligibilem
2172 2043 2242 2075 re-

278 2108 472 2158 ceptam,
491 2106 642 2156 potest
674 2111 808 2155 agere
836 2110 915 2155 per
948 2096 1164 2155 seipsum,
1197 2106 1245 2140 ut
1279 2096 1387 2140 dicit
1417 2096 1690 2141 Aristoteles
1726 2097 1773 2140 in
1810 2096 1944 2142 tertio
1979 2096 2058 2142 De>
2083 2095 2241 2144 anima

276 2168 328 2224 (t.
349 2180 386 2209 c.
407 2165 498 2222 8.);
526 2164 645 2208 unde
677 2163 885 2208 videmus
915 2163 1037 2222 quod
1063 2163 1175 2207 illud
1210 2165 1336 2222 cujus
1370 2163 1609 2208 scientiam
1631 2163 1776 2208 semel
1803 2163 2067 2223 accepimus
2092 2162 2163 2211 ἀί
2191 2162 2241 2208 in

275 2242 500 2292 potestate
532 2242 688 2276 nostra
714 2232 880 2275 iterum
905 2231 1192 2275 considerare
1220 2245 1361 2290 quum
1387 2230 1616 2285 volumus,
1642 2245 1729 2275 nec
1754 2230 2032 2290 impedimur
2055 2239 2242 2290 propter

276 2301 621 2360 phantasmata3
655 2299 760 2358 quia
792 2298 839 2342 in
865 2308 1090 2357 potestate
1122 2308 1279 2342 nostra
1313 2307 1378 2342 est
1399 2297 1598 2342 formare
1625 2298 1946 2357 phantasmata
1979 2311 2242 2343 accommo-

278 2367 383 2411 data
414 2366 771 2411 considerationi
804 2379 942 2424 quam
973 2365 1201 2419 volumus,
1233 2365 1319 2409 nisi
1351 2364 1467 2409 forte
1494 2374 1613 2409 esset
1637 2365 2018 2422 impedimentum
2041 2378 2095 2409 ex
2115 2373 2242 2424 parte

279 2435 442 2494 organi
475 2436 602 2493 cujus
629 2444 720 2488 est3
753 2434 869 2478 sicut
896 2433 1059 2477 accidit
1085 2432 1131 2475 in
1158 2432 1433 2491 phreneticis
1457 2442 1502 2476 et
1526 2431 1803 2490 lethargicis,
1831 2432 1909 2491 qui
1930 2446 2024 2476 non
2050 2441 2244 2491 possunt

277 2503 444 2547 habere
478 2502 671 2546 liberum
699 2510 852 2545 actum
879 2500 1145 2558 phantasiae
1169 2510 1212 2543 et
1235 2500 1580 2544 memorativae.
1607 2500 1664 2543 Et
1684 2509 1867 2558 propter
1887 2499 1979 2544 hoc
2004 2498 2055 2543 in
2074 2506 2242 2543 octavo

278 2570 461 2630 Physic.
489 2568 762 2613 Aristoteles
790 2568 898 2612 dicit
924 2567 1046 2626 quod
1074 2566 1149 2611 ille
1177 2567 1253 2625 qui
1278 2568 1372 2626 Jam
1399 2567 1536 2610 habet
1562 2567 1767 2611 habitum
1795 2566 2026 2621 scientiae,
2047 2564 2157 2610 licet
2187 2565 2245 2611 sit

278 2637 482 2698 potentia
516 2636 824 2688 considerans,
851 2649 944 2678 non
978 2634 1150 2692 indiget
1182 2644 1361 2678 motore
1399 2635 1473 2692 qui
1507 2634 1694 2677 reducat
1726 2648 1831 2678 eum
1869 2634 1924 2678 de
1963 2632 2166 2693 potentia
2195 2633 2243 2676 in

281 2714 450 2758 actum,
482 2704 569 2747 nisi
598 2711 871 2747 *removente
905 2701 1166 2761 prohibens,
1199 2701 1276 2745 sed
1315 2711 1464 2759 potest
1495 2701 1592 2759 ipse
1625 2701 1744 2745 exire
1776 2701 1822 2744 in
1856 2710 2009 2745 actum
2042 2699 2245 2745 conside·

280 2772 481 2827 rationis,
515 2781 564 2815 ut
595 2770 704 2815 vult.
742 2770 792 2814 Si
819 2780 972 2814 autem
1009 2770 1055 2812 in
1087 2767 1322 2813 intellectu
1354 2769 1559 2827 possibili
1591 2778 1695 2812 sunt
1726 2767 1901 2827 species
1937 2765 2245 2826 intelligibiles

282 2840 491 2883 omnium
525 2839 817 2883 scientiarum
846 2836 989 2897 (quod
1018 2846 1197 2895 oportet
1228 2836 1393 2889 dicere,
1427 2836 1464 2880 si
1498 2846 1566 2880 est
1597 2850 1712 2880 unus
1740 2846 1785 2880 et
1816 2835 2062 2892 aeternus),
2093 2848 2247 2880 neces·

281 2909 387 2951 sitas
420 2907 790 2966 phantasmatum
826 2906 886 2949 ad'
910 2903 1196 2948 intellectum
1229 2902 1494 2961 possibilem
1530 2903 1613 2947 erit
1646 2903 1761 2948 sicut
1795 2912 1862 2947 est
1891 2901 2014 2947 illius
2041 2902 2118 2961 qui
2149 2903 2245 2960 jam

280 2975 419 3018 habet
444 2973 684 3017 scientiam
713 2973 767 3016 ad
801 2971 1184 3016 considerandum
1217 2970 1470 3014 secundum
1502 2971 1742 3015 scientiam
1774 2969 1919 3025 illam,
1952 2969 2075 3029 quod
2108 2969 2247 3014 etiam

283 3042 382 3089 sine
411 3040 805 3100 phantasmatibus
841 3054 935 3083 non
968 3048 1135 3097 posset.
1171 3038 1328 3089 Quum
1356 3037 1491 3095 igitur
1517 3037 1704 3096 quilibet
1733 3038 1879 3082 homo
1915 3035 2140 3095 intelligat
2169 3049 2249 3096 per

282 3108 564 3152 intellectum
596 3106 879 3167 possibilem,
912 3106 1163 3149 secundum
1197 3104 1318 3163 quod
1357 3114 1422 3148 est
1456 3105 1666 3149 reductus
1708 3105 1754 3148 in
1782 3114 1936 3149 actum
1961 3118 2043 3163 per
2070 3104 2244 3163 species

281 3174 603 3233 intelligibiles,
627 3173 815 3234 quilibet
835 3174 979 3217 homo
1003 3172 1168 3231 poterit
1186 3170 1489 3225 considerare,
1507 3186 1647 3230 quum
1664 3170 1875 3226 voluerit,
1897 3170 2011 3216 scita
2032 3169 2244 3215 omnium

282 3243 599 3297 scientiarum3
627 3242 748 3301 quod
773 3251 841 3285 est
856 3239 1094 3284 manifeste
1119 3237 1310 3292 falsum3
1339 3237 1402 3281 sic
1422 3238 1542 3282 enim
1567 3238 1718 3283 nullus
1741 3238 1965 3297 indigeret
1984 3237 2174 3282 doctore
2189 3234 2247 3280 ad

284 3310 611 3369 acquirendum
635 3308 888 3354 scientiam.
915 3307 1022 3352 Non
1046 3306 1182 3365 igitur
1201 3314 1267 3350 est
1290 3319 1404 3350 unus
1432 3316 1475 3350 et
1502 3316 1711 3351 aeternus
1729 3304 1985 3351 intellectus
2005 3303 2246 3364 possibilis.
