<?xml version="1.0" encoding="UTF-8"?>
<!DOCTYPE html PUBLIC "-//W3C//DTD XHTML 1.0 Transitional//EN"
    "http://www.w3.org/TR/xhtml1/DTD/xhtml1-transitional.dtd">
<html xmlns="http://www.w3.org/1999/xhtml" xml:lang="en" lang="en">
 <head>
  <title>
</title>
<meta http-equiv="Content-Type" content="text/html;charset=utf-8" />
  <meta name='ocr-system' content='tesseract 3.04.00' />
  <meta name='ocr-capabilities' content='ocr_page ocr_carea ocr_par ocr_line ocrx_word'/>
</head>
<body>
  <div class='ocr_page' id='page_1' title='image "./divithomaeaquina00thom_0606.png"; bbox 0 0 2332 3854; ppageno 0'>
   <div class='ocr_carea' id='block_1_1' title="bbox 0 0 34 2292">
    <p class='ocr_par' dir='ltr' id='par_1_1' title="bbox 0 0 34 2292">
     <span class='ocr_line' id='line_1_1' title="bbox 0 0 34 2292; baseline 0 0"><span class='ocrx_word' id='word_1_1' title='bbox 0 0 34 2292; x_wconf 95' lang='lat' dir='ltr'> </span> 
     </span>
    </p>
   </div>
   <div class='ocr_carea' id='block_1_2' title="bbox 350 231 1636 290">
    <p class='ocr_par' dir='ltr' id='par_1_2' title="bbox 350 231 1636 290">
     <span class='ocr_line' id='line_1_2' title="bbox 350 231 1636 290; baseline -0.002 -18"><span class='ocrx_word' id='word_1_2' title='bbox 350 236 459 290; x_wconf 83' lang='lat'>594</span> <span class='ocrx_word' id='word_1_3' title='bbox 1017 233 1172 272; x_wconf 66' lang='lat' dir='ltr'>unm&lt;</span> <span class='ocrx_word' id='word_1_4' title='bbox 1211 232 1283 271; x_wconf 89' lang='lat' dir='ltr'>1v.</span> <span class='ocrx_word' id='word_1_5' title='bbox 1326 232 1445 272; x_wconf 83' lang='lat' dir='ltr'>CAP.</span> <span class='ocrx_word' id='word_1_6' title='bbox 1485 231 1636 270; x_wconf 84' lang='lat' dir='ltr'>xx1v.</span> 
     </span>
    </p>
   </div>
   <div class='ocr_carea' id='block_1_3' title="bbox 294 333 2332 3654">
    <p class='ocr_par' dir='ltr' id='par_1_3' title="bbox 344 333 2307 712">
     <span class='ocr_line' id='line_1_3' title="bbox 347 333 2307 396; baseline 0.002 -15"><span class='ocrx_word' id='word_1_7' title='bbox 347 339 455 381; x_wconf 85' lang='lat' dir='ltr'>mini</span> <span class='ocrx_word' id='word_1_8' title='bbox 483 344 603 396; x_wconf 83' lang='lat' dir='ltr'>super</span> <span class='ocrx_word' id='word_1_9' title='bbox 635 351 723 389; x_wconf 77' lang='lat' dir='ltr'>me‚·</span> <span class='ocrx_word' id='word_1_10' title='bbox 757 335 1039 393; x_wconf 67' lang='lat' dir='ltr'>evangelizare</span> <span class='ocrx_word' id='word_1_11' title='bbox 1058 334 1316 393; x_wconf 82' lang='lat' dir='ltr'><em>pauperibus</em></span> <span class='ocrx_word' id='word_1_12' title='bbox 1340 335 1454 379; x_wconf 81' lang='lat' dir='ltr'><strong><em>misit</em></strong></span> <span class='ocrx_word' id='word_1_13' title='bbox 1482 349 1564 388; x_wconf 85' lang='lat' dir='ltr'>me,</span> <span class='ocrx_word' id='word_1_14' title='bbox 1591 333 1972 379; x_wconf 86' lang='lat' dir='ltr'>considerandum</span> <span class='ocrx_word' id='word_1_15' title='bbox 1998 345 2070 382; x_wconf 85' lang='lat' dir='ltr'>est</span> <span class='ocrx_word' id='word_1_16' title='bbox 2090 335 2307 396; x_wconf 82' lang='lat' dir='ltr'>quod-Fi-</span> 
     </span>
     <span class='ocr_line' id='line_1_4' title="bbox 346 400 2306 461; baseline 0.001 -14"><span class='ocrx_word' id='word_1_17' title='bbox 346 402 433 448; x_wconf 90' lang='lat' dir='ltr'>lius</span> <span class='ocrx_word' id='word_1_18' title='bbox 450 418 476 447; x_wconf 89' lang='lat' dir='ltr'>a</span> <span class='ocrx_word' id='word_1_19' title='bbox 494 403 663 461; x_wconf 89' lang='lat' dir='ltr'>Spiritu</span> <span class='ocrx_word' id='word_1_20' title='bbox 691 402 861 446; x_wconf 90' lang='lat' dir='ltr'>Sancto</span> <span class='ocrx_word' id='word_1_21' title='bbox 889 401 1080 444; x_wconf 87' lang='lat' dir='ltr'>mittitur</span> <span class='ocrx_word' id='word_1_22' title='bbox 1105 400 1358 444; x_wconf 89' lang='lat' dir='ltr'>secundum</span> <span class='ocrx_word' id='word_1_23' title='bbox 1383 409 1596 444; x_wconf 90' lang='lat' dir='ltr'>naturam</span> <span class='ocrx_word' id='word_1_24' title='bbox 1618 410 1913 459; x_wconf 85' lang='lat' dir='ltr'>assumptam.</span> <span class='ocrx_word' id='word_1_25' title='bbox 1937 400 2128 460; x_wconf 81' lang='lat' dir='ltr'>Spiritus</span> <span class='ocrx_word' id='word_1_26' title='bbox 2149 412 2306 450; x_wconf 76' lang='lat' dir='ltr'>autem</span> 
     </span>
     <span class='ocr_line' id='line_1_5' title="bbox 347 466 2307 526; baseline 0.001 -12"><span class='ocrx_word' id='word_1_27' title='bbox 347 469 540 514; x_wconf 86' lang='lat' dir='ltr'>Sanctus</span> <span class='ocrx_word' id='word_1_28' title='bbox 557 483 651 513; x_wconf 88' lang='lat' dir='ltr'>non</span> <span class='ocrx_word' id='word_1_29' title='bbox 670 468 914 526; x_wconf 86' lang='lat' dir='ltr'>assumpsit</span> <span class='ocrx_word' id='word_1_30' title='bbox 935 476 1146 513; x_wconf 85' lang='lat' dir='ltr'>naturam</span> <span class='ocrx_word' id='word_1_31' title='bbox 1164 476 1380 521; x_wconf 90' lang='lat' dir='ltr'>creatam,</span> <span class='ocrx_word' id='word_1_32' title='bbox 1401 475 1451 511; x_wconf 92' lang='lat' dir='ltr'>ut</span> <span class='ocrx_word' id='word_1_33' title='bbox 1465 466 1720 511; x_wconf 89' lang='lat' dir='ltr'>secundum</span> <span class='ocrx_word' id='word_1_34' title='bbox 1742 480 1845 511; x_wconf 90' lang='lat' dir='ltr'>eam</span> <span class='ocrx_word' id='word_1_35' title='bbox 1866 467 2011 526; x_wconf 86' lang='lat' dir='ltr'>possit</span> <span class='ocrx_word' id='word_1_36' title='bbox 2030 467 2122 512; x_wconf 84' lang='lat' dir='ltr'>dici</span> <span class='ocrx_word' id='word_1_37' title='bbox 2140 469 2307 516; x_wconf 77' lang='lat' dir='ltr'>missus</span> 
     </span>
     <span class='ocr_line' id='line_1_6' title="bbox 346 526 2306 594; baseline 0.001 -14"><span class='ocrx_word' id='word_1_38' title='bbox 346 550 372 580; x_wconf 93' lang='lat' dir='ltr'>a</span> <span class='ocrx_word' id='word_1_39' title='bbox 388 535 519 590; x_wconf 88' lang='lat' dir='ltr'>Filio,</span> <span class='ocrx_word' id='word_1_40' title='bbox 535 535 609 579; x_wconf 89' lang='lat' dir='ltr'>vel</span> <span class='ocrx_word' id='word_1_41' title='bbox 629 534 767 579; x_wconf 89' lang='lat' dir='ltr'>Filius</span> <span class='ocrx_word' id='word_1_42' title='bbox 789 534 957 577; x_wconf 89' lang='lat' dir='ltr'>habere</span> <span class='ocrx_word' id='word_1_43' title='bbox 975 533 1295 577; x_wconf 88' lang='lat' dir='ltr'>auctoritatem</span> <span class='ocrx_word' id='word_1_44' title='bbox 1311 542 1519 592; x_wconf 89' lang='lat' dir='ltr'>respectu</span> <span class='ocrx_word' id='word_1_45' title='bbox 1539 533 1695 592; x_wconf 90' lang='lat' dir='ltr'>ipsius.</span> <span class='ocrx_word' id='word_1_46' title='bbox 1713 532 2001 592; x_wconf 88' lang='lat' dir='ltr'>Relinquitur</span> <span class='ocrx_word' id='word_1_47' title='bbox 2015 534 2153 594; x_wconf 86' lang='lat' dir='ltr'>igitur</span> <span class='ocrx_word' id='word_1_48' title='bbox 2167 526 2306 594; x_wconf 83' lang='lat' dir='ltr'>quod,</span> 
     </span>
     <span class='ocr_line' id='line_1_7' title="bbox 345 598 2307 660; baseline 0.001 -14"><span class='ocrx_word' id='word_1_49' title='bbox 345 612 554 660; x_wconf 88' lang='lat' dir='ltr'>respectu</span> <span class='ocrx_word' id='word_1_50' title='bbox 590 613 811 659; x_wconf 86' lang='lat' dir='ltr'>personae</span> <span class='ocrx_word' id='word_1_51' title='bbox 855 609 1081 653; x_wconf 83' lang='lat' dir='ltr'>aeternae,</span> <span class='ocrx_word' id='word_1_52' title='bbox 1118 598 1258 643; x_wconf 91' lang='lat' dir='ltr'>Filius</span> <span class='ocrx_word' id='word_1_53' title='bbox 1294 613 1430 659; x_wconf 89' lang='lat' dir='ltr'>super</span> <span class='ocrx_word' id='word_1_54' title='bbox 1464 600 1683 659; x_wconf 80' lang='lat' dir='ltr'>Spiritu-m</span> <span class='ocrx_word' id='word_1_55' title='bbox 1725 600 1944 644; x_wconf 88' lang='lat' dir='ltr'>Sanctum</span> <span class='ocrx_word' id='word_1_56' title='bbox 1988 601 2307 651; x_wconf 77' lang='lat' dir='ltr'>auctoritatem</span> 
     </span>
     <span class='ocr_line' id='line_1_8' title="bbox 344 668 526 712; baseline -0.011 0"><span class='ocrx_word' id='word_1_57' title='bbox 344 668 526 712; x_wconf 90' lang='lat' dir='ltr'>habeat.</span> 
     </span>
    </p>

    <p class='ocr_par' dir='ltr' id='par_1_4' title="bbox 341 731 2310 1310">
     <span class='ocr_line' id='line_1_9' title="bbox 433 731 2310 795; baseline 0.002 -19"><span class='ocrx_word' id='word_1_58' title='bbox 433 733 643 791; x_wconf 87' lang='lat' dir='ltr'>Amplius</span> <span class='ocrx_word' id='word_1_59' title='bbox 672 732 855 790; x_wconf 86' lang='lat' dir='ltr'>(Joann.</span> <span class='ocrx_word' id='word_1_60' title='bbox 883 731 1006 775; x_wconf 90' lang='lat' dir='ltr'>XVI.</span> <span class='ocrx_word' id='word_1_61' title='bbox 1039 731 1128 788; x_wconf 85' lang='lat'>14.)</span> <span class='ocrx_word' id='word_1_62' title='bbox 1155 731 1263 775; x_wconf 92' lang='lat' dir='ltr'>dicit</span> <span class='ocrx_word' id='word_1_63' title='bbox 1287 731 1427 776; x_wconf 91' lang='lat' dir='ltr'>Filius</span> <span class='ocrx_word' id='word_1_64' title='bbox 1454 732 1509 776; x_wconf 94' lang='lat' dir='ltr'>de</span> <span class='ocrx_word' id='word_1_65' title='bbox 1538 732 1707 791; x_wconf 84' lang='lat' dir='ltr'>Spiritu</span> <span class='ocrx_word' id='word_1_66' title='bbox 1735 732 1932 778; x_wconf 84' lang='lat' dir='ltr'>Sancto:</span> <span class='ocrx_word' id='word_1_67' title='bbox 1956 733 2035 781; x_wconf 73' lang='lat' dir='ltr'>Ille</span> <span class='ocrx_word' id='word_1_68' title='bbox 2065 749 2128 779; x_wconf 74' lang='lat' dir='ltr'>me</span> <span class='ocrx_word' id='word_1_69' title='bbox 2152 734 2310 795; x_wconf 67' lang='lat' dir='ltr'>clarifi=</span> 
     </span>
     <span class='ocr_line' id='line_1_10' title="bbox 343 798 2305 860; baseline 0.002 -17"><span class='ocrx_word' id='word_1_70' title='bbox 343 801 467 852; x_wconf 82' lang='lat' dir='ltr'>cabit,</span> <span class='ocrx_word' id='word_1_71' title='bbox 495 801 593 857; x_wconf 82' lang='lat' dir='ltr'>qaia</span> <span class='ocrx_word' id='word_1_72' title='bbox 625 798 670 842; x_wconf 78' lang='lat' dir='ltr'>de</span> <span class='ocrx_word' id='word_1_73' title='bbox 702 812 790 842; x_wconf 77' lang='lat' dir='ltr'>meo</span> <span class='ocrx_word' id='word_1_74' title='bbox 823 800 1012 857; x_wconf 80' lang='lat' dir='ltr'>accipiet,</span> <span class='ocrx_word' id='word_1_75' title='bbox 1039 804 1076 842; x_wconf 79' lang='lat' dir='ltr'>et</span> <span class='ocrx_word' id='word_1_76' title='bbox 1101 800 1368 843; x_wconf 83' lang='lat' dir='ltr'>annuntiabit</span> <span class='ocrx_word' id='word_1_77' title='bbox 1397 800 1528 844; x_wconf 86' lang='lat' dir='ltr'>vobis.</span> <span class='ocrx_word' id='word_1_78' title='bbox 1561 799 1670 843; x_wconf 92' lang='lat' dir='ltr'>Non</span> <span class='ocrx_word' id='word_1_79' title='bbox 1697 808 1850 843; x_wconf 88' lang='lat' dir='ltr'>autem</span> <span class='ocrx_word' id='word_1_80' title='bbox 1875 808 2028 857; x_wconf 86' lang='lat' dir='ltr'>potest</span> <span class='ocrx_word' id='word_1_81' title='bbox 2057 800 2305 860; x_wconf 82' lang='lat' dir='ltr'>dici-quod</span> 
     </span>
     <span class='ocr_line' id='line_1_11' title="bbox 343 863 2303 926; baseline 0.002 -17"><span class='ocrx_word' id='word_1_82' title='bbox 343 865 537 923; x_wconf 89' lang='lat' dir='ltr'>accipiat</span> <span class='ocrx_word' id='word_1_83' title='bbox 561 865 606 908; x_wconf 89' lang='lat' dir='ltr'>id</span> <span class='ocrx_word' id='word_1_84' title='bbox 633 864 755 923; x_wconf 94' lang='lat' dir='ltr'>quod</span> <span class='ocrx_word' id='word_1_85' title='bbox 782 875 849 908; x_wconf 89' lang='lat' dir='ltr'>est</span> <span class='ocrx_word' id='word_1_86' title='bbox 875 863 990 918; x_wconf 83' lang='lat' dir='ltr'>Filii,</span> <span class='ocrx_word' id='word_1_87' title='bbox 1017 877 1111 908; x_wconf 89' lang='lat' dir='ltr'>non</span> <span class='ocrx_word' id='word_1_88' title='bbox 1137 873 1293 908; x_wconf 91' lang='lat' dir='ltr'>tamen</span> <span class='ocrx_word' id='word_1_89' title='bbox 1321 865 1513 924; x_wconf 88' lang='lat' dir='ltr'>accipiat</span> <span class='ocrx_word' id='word_1_90' title='bbox 1540 879 1566 908; x_wconf 92' lang='lat' dir='ltr'>a</span> <span class='ocrx_word' id='word_1_91' title='bbox 1586 864 1718 918; x_wconf 91' lang='lat' dir='ltr'>Filio,</span> <span class='ocrx_word' id='word_1_92' title='bbox 1735 873 1784 910; x_wconf 92' lang='lat' dir='ltr'>ut</span> <span class='ocrx_word' id='word_1_93' title='bbox 1805 875 1913 924; x_wconf 89' lang='lat' dir='ltr'>puta</span> <span class='ocrx_word' id='word_1_94' title='bbox 1930 865 1968 910; x_wconf 91' lang='lat' dir='ltr'>si</span> <span class='ocrx_word' id='word_1_95' title='bbox 1984 865 2159 912; x_wconf 83' lang='lat' dir='ltr'>dicatur</span> <span class='ocrx_word' id='word_1_96' title='bbox 2179 868 2303 926; x_wconf 90' lang='lat' dir='ltr'>quod</span> 
     </span>
     <span class='ocr_line' id='line_1_12' title="bbox 343 929 2307 991; baseline 0.002 -16"><span class='ocrx_word' id='word_1_97' title='bbox 343 932 534 991; x_wconf 89' lang='lat' dir='ltr'>accipiat</span> <span class='ocrx_word' id='word_1_98' title='bbox 561 931 802 975; x_wconf 87' lang='lat' dir='ltr'>essentiam</span> <span class='ocrx_word' id='word_1_99' title='bbox 832 931 1048 984; x_wconf 89' lang='lat' dir='ltr'>divinam,</span> <span class='ocrx_word' id='word_1_100' title='bbox 1075 945 1192 989; x_wconf 90' lang='lat' dir='ltr'>quae</span> <span class='ocrx_word' id='word_1_101' title='bbox 1219 940 1286 975; x_wconf 92' lang='lat' dir='ltr'>est</span> <span class='ocrx_word' id='word_1_102' title='bbox 1311 930 1427 985; x_wconf 88' lang='lat' dir='ltr'>Filii,</span> <span class='ocrx_word' id='word_1_103' title='bbox 1451 945 1476 975; x_wconf 92' lang='lat' dir='ltr'>a</span> <span class='ocrx_word' id='word_1_104' title='bbox 1499 929 1658 985; x_wconf 90' lang='lat' dir='ltr'>Patre;</span> <span class='ocrx_word' id='word_1_105' title='bbox 1685 932 1805 975; x_wconf 90' lang='lat' dir='ltr'>unde</span> <span class='ocrx_word' id='word_1_106' title='bbox 1829 941 1873 976; x_wconf 92' lang='lat' dir='ltr'>et</span> <span class='ocrx_word' id='word_1_107' title='bbox 1893 931 2121 982; x_wconf 78' lang='lat' dir='ltr'>subditur:</span> <span class='ocrx_word' id='word_1_108' title='bbox 2146 933 2307 979; x_wconf 82' lang='lat' dir='ltr'>Omnia</span> 
     </span>
     <span class='ocr_line' id='line_1_13' title="bbox 346 997 2306 1059; baseline 0.002 -17"><span class='ocrx_word' id='word_1_109' title='bbox 346 1012 623 1057; x_wconf 77' lang='lat' dir='ltr'>qaaecumque</span> <span class='ocrx_word' id='word_1_110' title='bbox 655 998 777 1042; x_wconf 82' lang='lat' dir='ltr'>habet</span> <span class='ocrx_word' id='word_1_111' title='bbox 808 999 947 1051; x_wconf 80' lang='lat' dir='ltr'>Pater,</span> <span class='ocrx_word' id='word_1_112' title='bbox 979 1011 1071 1042; x_wconf 84' lang='lat' dir='ltr'>mea</span> <span class='ocrx_word' id='word_1_113' title='bbox 1101 1004 1224 1050; x_wconf 86' lang='lat' dir='ltr'>sunt;</span> <span class='ocrx_word' id='word_1_114' title='bbox 1250 1004 1474 1057; x_wconf 80' lang='lat' dir='ltr'>propterea</span> <span class='ocrx_word' id='word_1_115' title='bbox 1510 998 1600 1042; x_wconf 87' lang='lat' dir='ltr'>dixi</span> <span class='ocrx_word' id='word_1_116' title='bbox 1633 999 1752 1043; x_wconf 82' lang='lat' dir='ltr'>vobis</span> <span class='ocrx_word' id='word_1_117' title='bbox 1782 999 1883 1057; x_wconf 88' lang='lat' dir='ltr'>quia</span> <span class='ocrx_word' id='word_1_118' title='bbox 1907 997 1956 1043; x_wconf 78' lang='lat' dir='ltr'>de</span> <span class='ocrx_word' id='word_1_119' title='bbox 1984 1009 2072 1043; x_wconf 76' lang='lat' dir='ltr'>meo</span> <span class='ocrx_word' id='word_1_120' title='bbox 2103 1001 2306 1059; x_wconf 52' lang='lat' dir='ltr'>accipie&amp;</span> 
     </span>
     <span class='ocr_line' id='line_1_14' title="bbox 341 1064 2306 1124; baseline 0.002 -15"><span class='ocrx_word' id='word_1_121' title='bbox 341 1066 380 1109; x_wconf 92' lang='lat' dir='ltr'>si</span> <span class='ocrx_word' id='word_1_122' title='bbox 406 1065 529 1109; x_wconf 89' lang='lat' dir='ltr'>enim</span> <span class='ocrx_word' id='word_1_123' title='bbox 556 1064 712 1108; x_wconf 89' lang='lat' dir='ltr'>omnia</span> <span class='ocrx_word' id='word_1_124' title='bbox 740 1078 855 1123; x_wconf 91' lang='lat' dir='ltr'>quae</span> <span class='ocrx_word' id='word_1_125' title='bbox 882 1064 1028 1108; x_wconf 91' lang='lat' dir='ltr'>Patris</span> <span class='ocrx_word' id='word_1_126' title='bbox 1054 1074 1158 1108; x_wconf 89' lang='lat' dir='ltr'>sunt</span> <span class='ocrx_word' id='word_1_127' title='bbox 1183 1074 1229 1108; x_wconf 86' lang='lat' dir='ltr'>et</span> <span class='ocrx_word' id='word_1_128' title='bbox 1253 1064 1355 1108; x_wconf 92' lang='lat' dir='ltr'>Filii</span> <span class='ocrx_word' id='word_1_129' title='bbox 1380 1075 1497 1118; x_wconf 91' lang='lat' dir='ltr'>sunt,</span> <span class='ocrx_word' id='word_1_130' title='bbox 1525 1074 1706 1124; x_wconf 88' lang='lat' dir='ltr'>oportet</span> <span class='ocrx_word' id='word_1_131' title='bbox 1727 1064 1850 1124; x_wconf 89' lang='lat' dir='ltr'>quod</span> <span class='ocrx_word' id='word_1_132' title='bbox 1877 1065 2124 1111; x_wconf 79' lang='lat' dir='ltr'>auctoritas</span> <span class='ocrx_word' id='word_1_133' title='bbox 2142 1066 2306 1122; x_wconf 83' lang='lat' dir='ltr'>Patris,</span> 
     </span>
     <span class='ocr_line' id='line_1_15' title="bbox 342 1130 2307 1192; baseline 0.002 -17"><span class='ocrx_word' id='word_1_134' title='bbox 342 1132 595 1175; x_wconf 86' lang='lat' dir='ltr'>secundum</span> <span class='ocrx_word' id='word_1_135' title='bbox 628 1145 767 1190; x_wconf 90' lang='lat' dir='ltr'>quam</span> <span class='ocrx_word' id='word_1_136' title='bbox 805 1141 873 1175; x_wconf 91' lang='lat' dir='ltr'>est</span> <span class='ocrx_word' id='word_1_137' title='bbox 907 1131 1180 1190; x_wconf 89' lang='lat' dir='ltr'>principium</span> <span class='ocrx_word' id='word_1_138' title='bbox 1215 1130 1409 1190; x_wconf 90' lang='lat' dir='ltr'>Spiritus</span> <span class='ocrx_word' id='word_1_139' title='bbox 1442 1131 1614 1184; x_wconf 88' lang='lat' dir='ltr'>Sancti,</span> <span class='ocrx_word' id='word_1_140' title='bbox 1646 1131 1704 1176; x_wconf 91' lang='lat' dir='ltr'>sit</span> <span class='ocrx_word' id='word_1_141' title='bbox 1734 1141 1778 1176; x_wconf 88' lang='lat' dir='ltr'>et</span> <span class='ocrx_word' id='word_1_142' title='bbox 1810 1131 1925 1176; x_wconf 87' lang='lat' dir='ltr'>Filii.</span> <span class='ocrx_word' id='word_1_143' title='bbox 1958 1131 2088 1177; x_wconf 85' lang='lat' dir='ltr'>Sic-ut</span> <span class='ocrx_word' id='word_1_144' title='bbox 2117 1145 2229 1192; x_wconf 84' lang='lat' dir='ltr'>ergo</span> <span class='ocrx_word' id='word_1_145' title='bbox 2261 1143 2307 1179; x_wconf 88' lang='lat' dir='ltr'>et</span> 
     </span>
     <span class='ocr_line' id='line_1_16' title="bbox 342 1197 2306 1260; baseline 0.002 -18"><span class='ocrx_word' id='word_1_146' title='bbox 342 1198 534 1257; x_wconf 83' lang='lat' dir='ltr'>Spiritus</span> <span class='ocrx_word' id='word_1_147' title='bbox 563 1198 757 1241; x_wconf 89' lang='lat' dir='ltr'>Sanctus</span> <span class='ocrx_word' id='word_1_148' title='bbox 785 1197 950 1257; x_wconf 89' lang='lat' dir='ltr'>accipit</span> <span class='ocrx_word' id='word_1_149' title='bbox 972 1198 1026 1242; x_wconf 90' lang='lat' dir='ltr'>de</span> <span class='ocrx_word' id='word_1_150' title='bbox 1050 1211 1106 1241; x_wconf 89' lang='lat' dir='ltr'>eo</span> <span class='ocrx_word' id='word_1_151' title='bbox 1125 1198 1247 1257; x_wconf 88' lang='lat' dir='ltr'>quod</span> <span class='ocrx_word' id='word_1_152' title='bbox 1270 1206 1337 1242; x_wconf 88' lang='lat' dir='ltr'>est</span> <span class='ocrx_word' id='word_1_153' title='bbox 1358 1197 1504 1242; x_wconf 86' lang='lat' dir='ltr'>Patris</span> <span class='ocrx_word' id='word_1_154' title='bbox 1532 1211 1558 1241; x_wconf 90' lang='lat' dir='ltr'>a</span> <span class='ocrx_word' id='word_1_155' title='bbox 1583 1197 1733 1252; x_wconf 89' lang='lat' dir='ltr'>Patre,</span> <span class='ocrx_word' id='word_1_156' title='bbox 1753 1197 1818 1244; x_wconf 88' lang='lat' dir='ltr'>ita</span> <span class='ocrx_word' id='word_1_157' title='bbox 1839 1197 2005 1258; x_wconf 79' lang='lat' dir='ltr'>accipit</span> <span class='ocrx_word' id='word_1_158' title='bbox 2025 1197 2082 1244; x_wconf 92' lang='lat' dir='ltr'>de</span> <span class='ocrx_word' id='word_1_159' title='bbox 2103 1212 2160 1245; x_wconf 86' lang='lat' dir='ltr'>eo</span> <span class='ocrx_word' id='word_1_160' title='bbox 2182 1200 2306 1260; x_wconf 91' lang='lat' dir='ltr'>quod</span> 
     </span>
     <span class='ocr_line' id='line_1_17' title="bbox 342 1263 744 1310; baseline -0.005 -1"><span class='ocrx_word' id='word_1_161' title='bbox 342 1274 409 1310; x_wconf 90' lang='lat' dir='ltr'>est</span> <span class='ocrx_word' id='word_1_162' title='bbox 434 1263 535 1308; x_wconf 88' lang='lat' dir='ltr'>Filii</span> <span class='ocrx_word' id='word_1_163' title='bbox 562 1278 586 1307; x_wconf 92' lang='lat' dir='ltr'>a</span> <span class='ocrx_word' id='word_1_164' title='bbox 612 1263 744 1308; x_wconf 90' lang='lat' dir='ltr'>Filio.</span> 
     </span>
    </p>

    <p class='ocr_par' dir='ltr' id='par_1_5' title="bbox 294 1330 2332 2853">
     <span class='ocr_line' id='line_1_18' title="bbox 429 1330 2305 1390; baseline 0.001 -16"><span class='ocrx_word' id='word_1_165' title='bbox 429 1330 619 1374; x_wconf 87' lang='lat' dir='ltr'>Adhuc:</span> <span class='ocrx_word' id='word_1_166' title='bbox 659 1331 796 1374; x_wconf 86' lang='lat' dir='ltr'>etiam</span> <span class='ocrx_word' id='word_1_167' title='bbox 840 1330 995 1374; x_wconf 89' lang='lat' dir='ltr'>induci</span> <span class='ocrx_word' id='word_1_168' title='bbox 1036 1340 1227 1390; x_wconf 89' lang='lat' dir='ltr'>possunt</span> <span class='ocrx_word' id='word_1_169' title='bbox 1269 1331 1560 1375; x_wconf 87' lang='lat' dir='ltr'>auctoritates</span> <span class='ocrx_word' id='word_1_170' title='bbox 1602 1330 1843 1375; x_wconf 91' lang='lat' dir='ltr'>doctorum</span> <span class='ocrx_word' id='word_1_171' title='bbox 1881 1330 2130 1386; x_wconf 86' lang='lat' dir='ltr'>Ecclesiae,</span> <span class='ocrx_word' id='word_1_172' title='bbox 2165 1331 2305 1376; x_wconf 89' lang='lat' dir='ltr'>etiam</span> 
     </span>
     <span class='ocr_line' id='line_1_19' title="bbox 343 1397 2306 1456; baseline 0.001 -14"><span class='ocrx_word' id='word_1_173' title='bbox 343 1398 644 1442; x_wconf 89' lang='lat' dir='ltr'>Graecorum.</span> <span class='ocrx_word' id='word_1_174' title='bbox 670 1397 794 1441; x_wconf 91' lang='lat' dir='ltr'>Dicit</span> <span class='ocrx_word' id='word_1_175' title='bbox 820 1398 943 1440; x_wconf 88' lang='lat' dir='ltr'>enim</span> <span class='ocrx_word' id='word_1_176' title='bbox 969 1397 1273 1442; x_wconf 87' lang='lat' dir='ltr'>Athanasius:</span> <span class='ocrx_word' id='word_1_177' title='bbox 1302 1413 1326 1439; x_wconf 88' lang='lat'><strong><em>«</em></strong></span> <span class='ocrx_word' id='word_1_178' title='bbox 1352 1397 1543 1456; x_wconf 90' lang='lat' dir='ltr'>Spiritus</span> <span class='ocrx_word' id='word_1_179' title='bbox 1571 1397 1766 1441; x_wconf 88' lang='lat' dir='ltr'>Sanctus</span> <span class='ocrx_word' id='word_1_180' title='bbox 1789 1411 1814 1441; x_wconf 92' lang='lat' dir='ltr'>a</span> <span class='ocrx_word' id='word_1_181' title='bbox 1835 1397 1969 1442; x_wconf 91' lang='lat' dir='ltr'>Patre</span> <span class='ocrx_word' id='word_1_182' title='bbox 1992 1406 2038 1443; x_wconf 89' lang='lat' dir='ltr'>et</span> <span class='ocrx_word' id='word_1_183' title='bbox 2056 1397 2189 1452; x_wconf 81' lang='lat' dir='ltr'>Filio,</span> <span class='ocrx_word' id='word_1_184' title='bbox 2208 1412 2306 1444; x_wconf 90' lang='lat' dir='ltr'>non</span> 
     </span>
     <span class='ocr_line' id='line_1_20' title="bbox 294 1463 2314 1524; baseline 0.001 -17"><span class='ocrx_word' id='word_1_185' title='bbox 294 1517 298 1521; x_wconf 22' lang='grc' dir='ltr'>ι</span> <span class='ocrx_word' id='word_1_186' title='bbox 338 1463 499 1518; x_wconf 85' lang='lat' dir='ltr'>factus,</span> <span class='ocrx_word' id='word_1_187' title='bbox 526 1478 611 1508; x_wconf 91' lang='lat' dir='ltr'>nec</span> <span class='ocrx_word' id='word_1_188' title='bbox 640 1474 831 1517; x_wconf 91' lang='lat' dir='ltr'>creatus,</span> <span class='ocrx_word' id='word_1_189' title='bbox 857 1478 943 1508; x_wconf 91' lang='lat' dir='ltr'>nec</span> <span class='ocrx_word' id='word_1_190' title='bbox 971 1463 1164 1523; x_wconf 86' lang='lat' dir='ltr'>genitus,</span> <span class='ocrx_word' id='word_1_191' title='bbox 1191 1464 1270 1509; x_wconf 90' lang='lat' dir='ltr'>sed</span> <span class='ocrx_word' id='word_1_192' title='bbox 1297 1464 1550 1523; x_wconf 89' lang='lat' dir='ltr'>procedens</span> <span class='ocrx_word' id='word_1_193' title='bbox 1573 1481 1612 1508; x_wconf 85' lang='lat'>&gt;›.</span> <span class='ocrx_word' id='word_1_194' title='bbox 1640 1463 1842 1523; x_wconf 91' lang='lat' dir='ltr'>Cyrillus</span> <span class='ocrx_word' id='word_1_195' title='bbox 1873 1464 2012 1509; x_wconf 88' lang='lat' dir='ltr'>etiam</span> <span class='ocrx_word' id='word_1_196' title='bbox 2036 1464 2084 1508; x_wconf 91' lang='lat' dir='ltr'>in</span> <span class='ocrx_word' id='word_1_197' title='bbox 2109 1464 2314 1524; x_wconf 73' lang='lat' dir='ltr'>epistola</span> 
     </span>
     <span class='ocr_line' id='line_1_21' title="bbox 340 1529 2302 1589; baseline 0.001 -15"><span class='ocrx_word' id='word_1_198' title='bbox 340 1545 436 1584; x_wconf 88' lang='lat' dir='ltr'>sua,</span> <span class='ocrx_word' id='word_1_199' title='bbox 464 1544 601 1589; x_wconf 92' lang='lat' dir='ltr'>quam</span> <span class='ocrx_word' id='word_1_200' title='bbox 628 1530 829 1589; x_wconf 90' lang='lat' dir='ltr'>synodus</span> <span class='ocrx_word' id='word_1_201' title='bbox 857 1529 1250 1575; x_wconf 86' lang='lat' dir='ltr'>Chalcedonensis</span> <span class='ocrx_word' id='word_1_202' title='bbox 1282 1530 1468 1589; x_wconf 89' lang='lat' dir='ltr'>recepit,</span> <span class='ocrx_word' id='word_1_203' title='bbox 1494 1530 1678 1574; x_wconf 77' lang='lat' dir='ltr'>dicitt·«</span> <span class='ocrx_word' id='word_1_204' title='bbox 1702 1530 1894 1589; x_wconf 89' lang='lat' dir='ltr'>Spiritus</span> <span class='ocrx_word' id='word_1_205' title='bbox 1925 1530 2125 1576; x_wconf 88' lang='lat' dir='ltr'>veritatis</span> <span class='ocrx_word' id='word_1_206' title='bbox 2156 1532 2302 1575; x_wconf 89' lang='lat' dir='ltr'>nomi·</span> 
     </span>
     <span class='ocr_line' id='line_1_22' title="bbox 340 1597 2303 1658; baseline 0.002 -18"><span class='ocrx_word' id='word_1_207' title='bbox 340 1597 552 1651; x_wconf 90' lang='lat' dir='ltr'>minatur,</span> <span class='ocrx_word' id='word_1_208' title='bbox 585 1606 629 1641; x_wconf 91' lang='lat' dir='ltr'>et</span> <span class='ocrx_word' id='word_1_209' title='bbox 656 1606 722 1641; x_wconf 90' lang='lat' dir='ltr'>est</span> <span class='ocrx_word' id='word_1_210' title='bbox 749 1597 940 1656; x_wconf 86' lang='lat' dir='ltr'>Spiritus</span> <span class='ocrx_word' id='word_1_211' title='bbox 962 1597 1176 1652; x_wconf 90' lang='lat' dir='ltr'>veritatis,</span> <span class='ocrx_word' id='word_1_212' title='bbox 1205 1607 1248 1642; x_wconf 90' lang='lat' dir='ltr'>et</span> <span class='ocrx_word' id='word_1_213' title='bbox 1273 1597 1456 1656; x_wconf 91' lang='lat' dir='ltr'>profluit</span> <span class='ocrx_word' id='word_1_214' title='bbox 1482 1597 1535 1640; x_wconf 92' lang='lat' dir='ltr'>ab</span> <span class='ocrx_word' id='word_1_215' title='bbox 1563 1611 1635 1651; x_wconf 92' lang='lat' dir='ltr'>eo,</span> <span class='ocrx_word' id='word_1_216' title='bbox 1667 1598 1786 1642; x_wconf 90' lang='lat' dir='ltr'>sicut</span> <span class='ocrx_word' id='word_1_217' title='bbox 1815 1597 2011 1658; x_wconf 85' lang='lat' dir='ltr'>denique</span> <span class='ocrx_word' id='word_1_218' title='bbox 2042 1607 2088 1643; x_wconf 88' lang='lat' dir='ltr'>et</span> <span class='ocrx_word' id='word_1_219' title='bbox 2119 1611 2174 1643; x_wconf 87' lang='lat' dir='ltr'>ex</span> <span class='ocrx_word' id='word_1_220' title='bbox 2198 1598 2303 1644; x_wconf 90' lang='lat' dir='ltr'>Deo</span> 
     </span>
     <span class='ocr_line' id='line_1_23' title="bbox 340 1661 2304 1724; baseline 0.002 -17"><span class='ocrx_word' id='word_1_221' title='bbox 340 1665 473 1707; x_wconf 90' lang='lat' dir='ltr'>Patre</span> <span class='ocrx_word' id='word_1_222' title='bbox 495 1681 536 1708; x_wconf 85' lang='lat'>&gt;›.</span> <span class='ocrx_word' id='word_1_223' title='bbox 562 1663 790 1723; x_wconf 87' lang='lat' dir='ltr'>Didymus</span> <span class='ocrx_word' id='word_1_224' title='bbox 817 1663 956 1707; x_wconf 89' lang='lat' dir='ltr'>etiam</span> <span class='ocrx_word' id='word_1_225' title='bbox 982 1664 1104 1722; x_wconf 89' lang='lat' dir='ltr'>dicit,</span> <span class='ocrx_word' id='word_1_226' title='bbox 1130 1664 1177 1708; x_wconf 92' lang='lat' dir='ltr'>in</span> <span class='ocrx_word' id='word_1_227' title='bbox 1202 1663 1319 1708; x_wconf 92' lang='lat' dir='ltr'>libro</span> <span class='ocrx_word' id='word_1_228' title='bbox 1346 1664 1402 1708; x_wconf 91' lang='lat' dir='ltr'>de</span> <span class='ocrx_word' id='word_1_229' title='bbox 1430 1664 1599 1723; x_wconf 91' lang='lat' dir='ltr'>Spiritu</span> <span class='ocrx_word' id='word_1_230' title='bbox 1629 1665 1824 1708; x_wconf 89' lang='lat' dir='ltr'>Sancto:</span> <span class='ocrx_word' id='word_1_231' title='bbox 1860 1679 1885 1706; x_wconf 73' lang='lat' dir='ltr'>c&lt;</span> <span class='ocrx_word' id='word_1_232' title='bbox 1908 1661 2070 1724; x_wconf 89' lang='lat' dir='ltr'>Neque</span> <span class='ocrx_word' id='word_1_233' title='bbox 2095 1664 2203 1724; x_wconf 86' lang='lat' dir='ltr'>quid</span> <span class='ocrx_word' id='word_1_234' title='bbox 2229 1675 2304 1716; x_wconf 24' lang='lat' dir='ltr'>,est</span> 
     </span>
     <span class='ocr_line' id='line_1_24' title="bbox 342 1729 2332 1790; baseline 0.001 -16"><span class='ocrx_word' id='word_1_235' title='bbox 342 1730 463 1774; x_wconf 91' lang='lat' dir='ltr'>aliud</span> <span class='ocrx_word' id='word_1_236' title='bbox 489 1729 629 1774; x_wconf 88' lang='lat' dir='ltr'>Filius</span> <span class='ocrx_word' id='word_1_237' title='bbox 656 1731 853 1789; x_wconf 89' lang='lat' dir='ltr'>exceptis</span> <span class='ocrx_word' id='word_1_238' title='bbox 872 1730 943 1774; x_wconf 90' lang='lat' dir='ltr'>his</span> <span class='ocrx_word' id='word_1_239' title='bbox 965 1745 1081 1789; x_wconf 89' lang='lat' dir='ltr'>quae</span> <span class='ocrx_word' id='word_1_240' title='bbox 1104 1731 1146 1775; x_wconf 89' lang='lat' dir='ltr'>ei</span> <span class='ocrx_word' id='word_1_241' title='bbox 1168 1731 1331 1775; x_wconf 91' lang='lat' dir='ltr'>dantur</span> <span class='ocrx_word' id='word_1_242' title='bbox 1347 1745 1373 1774; x_wconf 89' lang='lat' dir='ltr'>a</span> <span class='ocrx_word' id='word_1_243' title='bbox 1389 1730 1547 1785; x_wconf 88' lang='lat' dir='ltr'>Patre;</span> <span class='ocrx_word' id='word_1_244' title='bbox 1570 1745 1720 1789; x_wconf 88' lang='lat' dir='ltr'>neque</span> <span class='ocrx_word' id='word_1_245' title='bbox 1742 1730 1829 1774; x_wconf 91' lang='lat' dir='ltr'>alia</span> <span class='ocrx_word' id='word_1_246' title='bbox 1848 1740 1916 1775; x_wconf 89' lang='lat' dir='ltr'>est</span> <span class='ocrx_word' id='word_1_247' title='bbox 1931 1730 2123 1790; x_wconf 86' lang='lat' dir='ltr'>Spiritus</span> <span class='ocrx_word' id='word_1_248' title='bbox 2145 1731 2304 1777; x_wconf 87' lang='lat' dir='ltr'>Sancti</span> <span class='ocrx_word' id='word_1_249' title='bbox 2328 1781 2332 1785; x_wconf 18' lang='grc' dir='ltr'><strong><em>Δ</em></strong></span> 
     </span>
     <span class='ocr_line' id='line_1_25' title="bbox 341 1797 2332 1857; baseline 0.002 -17"><span class='ocrx_word' id='word_1_250' title='bbox 341 1797 591 1841; x_wconf 87' lang='lat' dir='ltr'>substantia</span> <span class='ocrx_word' id='word_1_251' title='bbox 616 1806 793 1856; x_wconf 89' lang='lat' dir='ltr'>praeter</span> <span class='ocrx_word' id='word_1_252' title='bbox 816 1797 861 1840; x_wconf 90' lang='lat' dir='ltr'>id</span> <span class='ocrx_word' id='word_1_253' title='bbox 887 1797 1010 1855; x_wconf 93' lang='lat' dir='ltr'>quod</span> <span class='ocrx_word' id='word_1_254' title='bbox 1037 1798 1223 1856; x_wconf 90' lang='lat' dir='ltr'>quidam</span> <span class='ocrx_word' id='word_1_255' title='bbox 1249 1797 1509 1841; x_wconf 91' lang='lat' dir='ltr'>concedunt</span> <span class='ocrx_word' id='word_1_256' title='bbox 1535 1814 1576 1852; x_wconf 90' lang='grc'>»,</span> <span class='ocrx_word' id='word_1_257' title='bbox 1601 1797 1814 1842; x_wconf 86' lang='lat' dir='ltr'>videlicet</span> <span class='ocrx_word' id='word_1_258' title='bbox 1835 1797 2056 1857; x_wconf 85' lang='lat' dir='ltr'>Spiritum</span> <span class='ocrx_word' id='word_1_259' title='bbox 2078 1798 2301 1844; x_wconf 80' lang='lat' dir='ltr'>Sanctum</span> <span class='ocrx_word' id='word_1_260' title='bbox 2331 1833 2332 1836; x_wconf 18' lang='grc' dir='ltr'>η</span> 
     </span>
     <span class='ocr_line' id='line_1_26' title="bbox 345 1863 2303 1924; baseline 0.001 -17"><span class='ocrx_word' id='word_1_261' title='bbox 345 1877 444 1907; x_wconf 91' lang='lat' dir='ltr'>esse</span> <span class='ocrx_word' id='word_1_262' title='bbox 469 1878 493 1906; x_wconf 84' lang='lat' dir='ltr'>a</span> <span class='ocrx_word' id='word_1_263' title='bbox 513 1863 630 1907; x_wconf 92' lang='lat' dir='ltr'>Filio</span> <span class='ocrx_word' id='word_1_264' title='bbox 653 1874 697 1908; x_wconf 92' lang='lat' dir='ltr'>et</span> <span class='ocrx_word' id='word_1_265' title='bbox 714 1863 940 1922; x_wconf 89' lang='lat' dir='ltr'>profluere</span> <span class='ocrx_word' id='word_1_266' title='bbox 964 1864 1016 1907; x_wconf 88' lang='lat' dir='ltr'>ab</span> <span class='ocrx_word' id='word_1_267' title='bbox 1039 1864 1155 1922; x_wconf 81' lang='lat' dir='ltr'>ipSO.</span> <span class='ocrx_word' id='word_1_268' title='bbox 1171 1863 1376 1907; x_wconf 89' lang='lat' dir='ltr'>Verbum</span> <span class='ocrx_word' id='word_1_269' title='bbox 1398 1865 1521 1907; x_wconf 88' lang='lat' dir='ltr'>enim</span> <span class='ocrx_word' id='word_1_270' title='bbox 1541 1864 1861 1922; x_wconf 89' lang='lat' dir='ltr'>processionis,</span> <span class='ocrx_word' id='word_1_271' title='bbox 1876 1863 1993 1908; x_wconf 88' lang='lat' dir='ltr'>inter</span> <span class='ocrx_word' id='word_1_272' title='bbox 2008 1863 2167 1909; x_wconf 77' lang='lat' dir='ltr'>omnia</span> <span class='ocrx_word' id='word_1_273' title='bbox 2185 1875 2303 1924; x_wconf 87' lang='lat' dir='ltr'>quae</span> 
     </span>
     <span class='ocr_line' id='line_1_27' title="bbox 343 1929 2305 1990; baseline 0.002 -17"><span class='ocrx_word' id='word_1_274' title='bbox 343 1930 398 1973; x_wconf 90' lang='lat' dir='ltr'>ad</span> <span class='ocrx_word' id='word_1_275' title='bbox 425 1930 651 1988; x_wconf 88' lang='lat' dir='ltr'>originem</span> <span class='ocrx_word' id='word_1_276' title='bbox 677 1931 916 1989; x_wconf 90' lang='lat' dir='ltr'>pertinent,</span> <span class='ocrx_word' id='word_1_277' title='bbox 943 1930 1089 1989; x_wconf 89' lang='lat' dir='ltr'>magis</span> <span class='ocrx_word' id='word_1_278' title='bbox 1115 1930 1341 1974; x_wconf 88' lang='lat' dir='ltr'>invenitur</span> <span class='ocrx_word' id='word_1_279' title='bbox 1367 1944 1464 1973; x_wconf 90' lang='lat' dir='ltr'>esse</span> <span class='ocrx_word' id='word_1_280' title='bbox 1492 1944 1763 1984; x_wconf 89' lang='lat' dir='ltr'>commune;</span> <span class='ocrx_word' id='word_1_281' title='bbox 1796 1929 2014 1990; x_wconf 85' lang='lat' dir='ltr'>quidquid</span> <span class='ocrx_word' id='word_1_282' title='bbox 2046 1931 2169 1976; x_wconf 79' lang='lat' dir='ltr'>enim</span> <span class='ocrx_word' id='word_1_283' title='bbox 2194 1945 2305 1990; x_wconf 89' lang='lat' dir='ltr'>quo·</span> 
     </span>
     <span class='ocr_line' id='line_1_28' title="bbox 342 1996 2302 2056; baseline 0.003 -16"><span class='ocrx_word' id='word_1_284' title='bbox 342 2011 538 2055; x_wconf 90' lang='lat' dir='ltr'>cumque</span> <span class='ocrx_word' id='word_1_285' title='bbox 557 1996 698 2040; x_wconf 90' lang='lat' dir='ltr'>modo</span> <span class='ocrx_word' id='word_1_286' title='bbox 718 2006 785 2041; x_wconf 91' lang='lat' dir='ltr'>est</span> <span class='ocrx_word' id='word_1_287' title='bbox 802 1997 855 2040; x_wconf 92' lang='lat' dir='ltr'>ab</span> <span class='ocrx_word' id='word_1_288' title='bbox 874 1996 1042 2055; x_wconf 90' lang='lat' dir='ltr'>aliquo,</span> <span class='ocrx_word' id='word_1_289' title='bbox 1061 1997 1114 2040; x_wconf 89' lang='lat' dir='ltr'>ab</span> <span class='ocrx_word' id='word_1_290' title='bbox 1137 1997 1236 2055; x_wconf 92' lang='lat' dir='ltr'>ipso</span> <span class='ocrx_word' id='word_1_291' title='bbox 1254 1996 1502 2055; x_wconf 90' lang='lat' dir='ltr'>procedere</span> <span class='ocrx_word' id='word_1_292' title='bbox 1526 1997 1742 2051; x_wconf 90' lang='lat' dir='ltr'>dicimus;</span> <span class='ocrx_word' id='word_1_293' title='bbox 1770 2005 1828 2050; x_wconf 91' lang='lat' dir='ltr'>et,</span> <span class='ocrx_word' id='word_1_294' title='bbox 1846 1996 1952 2056; x_wconf 88' lang='lat' dir='ltr'>quia</span> <span class='ocrx_word' id='word_1_295' title='bbox 1967 1996 2302 2045; x_wconf 68' lang='lat' dir='ltr'>divinamelius</span> 
     </span>
     <span class='ocr_line' id='line_1_29' title="bbox 339 2057 2332 2122; baseline 0.001 -16"><span class='ocrx_word' id='word_1_296' title='bbox 339 2077 420 2122; x_wconf 92' lang='lat' dir='ltr'>per</span> <span class='ocrx_word' id='word_1_297' title='bbox 446 2063 713 2107; x_wconf 90' lang='lat' dir='ltr'>communia</span> <span class='ocrx_word' id='word_1_298' title='bbox 738 2077 877 2122; x_wconf 88' lang='lat' dir='ltr'>quam</span> <span class='ocrx_word' id='word_1_299' title='bbox 905 2077 984 2121; x_wconf 89' lang='lat' dir='ltr'>per</span> <span class='ocrx_word' id='word_1_300' title='bbox 1010 2063 1227 2122; x_wconf 87' lang='lat' dir='ltr'>specialia</span> <span class='ocrx_word' id='word_1_301' title='bbox 1253 2063 1562 2122; x_wconf 84' lang='lat' dir='ltr'>designantur,</span> <span class='ocrx_word' id='word_1_302' title='bbox 1587 2062 1777 2107; x_wconf 86' lang='lat' dir='ltr'>verbum</span> <span class='ocrx_word' id='word_1_303' title='bbox 1809 2063 2116 2121; x_wconf 80' lang='lat' dir='ltr'>processionis</span> <span class='ocrx_word' id='word_1_304' title='bbox 2140 2063 2188 2108; x_wconf 90' lang='lat' dir='ltr'>in</span> <span class='ocrx_word' id='word_1_305' title='bbox 2213 2063 2300 2108; x_wconf 85' lang='lat' dir='ltr'>ori·</span> <span class='ocrx_word' id='word_1_306' title='bbox 2323 2057 2332 2120; x_wconf 66' lang='grc' dir='ltr'>’ξ</span> 
     </span>
     <span class='ocr_line' id='line_1_30' title="bbox 337 2126 2332 2189; baseline 0.001 -17"><span class='ocrx_word' id='word_1_307' title='bbox 337 2130 442 2188; x_wconf 89' lang='lat' dir='ltr'>gine</span> <span class='ocrx_word' id='word_1_308' title='bbox 469 2130 726 2173; x_wconf 89' lang='lat' dir='ltr'>divinarum</span> <span class='ocrx_word' id='word_1_309' title='bbox 752 2143 1051 2188; x_wconf 86' lang='lat' dir='ltr'>personarum</span> <span class='ocrx_word' id='word_1_310' title='bbox 1078 2129 1277 2173; x_wconf 87' lang='lat' dir='ltr'>maxime</span> <span class='ocrx_word' id='word_1_311' title='bbox 1304 2139 1372 2173; x_wconf 88' lang='lat' dir='ltr'>est</span> <span class='ocrx_word' id='word_1_312' title='bbox 1397 2129 1736 2173; x_wconf 88' lang='lat' dir='ltr'>attendendum.</span> <span class='ocrx_word' id='word_1_313' title='bbox 1770 2129 1920 2185; x_wconf 91' lang='lat' dir='ltr'>Unde,</span> <span class='ocrx_word' id='word_1_314' title='bbox 1950 2129 1990 2174; x_wconf 86' lang='lat' dir='ltr'>si</span> <span class='ocrx_word' id='word_1_315' title='bbox 2015 2126 2332 2189; x_wconf 68' lang='lat' dir='ltr'>‘concedatur,&#39;&#39;</span> 
     </span>
     <span class='ocr_line' id='line_1_31' title="bbox 335 2141 2332 2268; baseline 0.003 -29"><span class='ocrx_word' id='word_1_316' title='bbox 335 2196 458 2255; x_wconf 94' lang='lat' dir='ltr'>quod</span> <span class='ocrx_word' id='word_1_317' title='bbox 491 2196 684 2255; x_wconf 89' lang='lat' dir='ltr'>Spiritus</span> <span class='ocrx_word' id='word_1_318' title='bbox 717 2197 913 2241; x_wconf 90' lang='lat' dir='ltr'>Sanctus</span> <span class='ocrx_word' id='word_1_319' title='bbox 944 2197 1002 2240; x_wconf 90' lang='lat' dir='ltr'>sit</span> <span class='ocrx_word' id='word_1_320' title='bbox 1034 2210 1060 2239; x_wconf 90' lang='lat' dir='ltr'>a</span> <span class='ocrx_word' id='word_1_321' title='bbox 1090 2195 1206 2240; x_wconf 92' lang='lat' dir='ltr'>Filio</span> <span class='ocrx_word' id='word_1_322' title='bbox 1238 2195 1313 2239; x_wconf 89' lang='lat' dir='ltr'>vel</span> <span class='ocrx_word' id='word_1_323' title='bbox 1344 2195 1540 2255; x_wconf 89' lang='lat' dir='ltr'>profluat</span> <span class='ocrx_word' id='word_1_324' title='bbox 1571 2196 1625 2239; x_wconf 93' lang='lat' dir='ltr'>ab</span> <span class='ocrx_word' id='word_1_325' title='bbox 1659 2210 1732 2250; x_wconf 91' lang='lat' dir='ltr'>eo,</span> <span class='ocrx_word' id='word_1_326' title='bbox 1761 2195 1966 2255; x_wconf 86' lang='lat' dir='ltr'>sequitur</span> <span class='ocrx_word' id='word_1_327' title='bbox 1995 2196 2206 2256; x_wconf 53' lang='lat' dir='ltr'>quod-*ab</span> <span class='ocrx_word' id='word_1_328' title='bbox 2239 2141 2332 2268; x_wconf 58' lang='grc'>601</span> 
     </span>
     <span class='ocr_line' id='line_1_32' title="bbox 335 2263 2332 2323; baseline 0.002 -17"><span class='ocrx_word' id='word_1_329' title='bbox 335 2263 569 2322; x_wconf 88' lang='lat' dir='ltr'>procedat.</span> <span class='ocrx_word' id='word_1_330' title='bbox 2281 2302 2284 2307; x_wconf 89' lang='lat'><em>.</em></span> <span class='ocrx_word' id='word_1_331' title='bbox 2313 2278 2332 2323; x_wconf 66' lang='lat' dir='ltr'><strong><em>J</em></strong></span> 
     </span>
     <span class='ocr_line' id='line_1_33' title="bbox 338 2324 2319 2390; baseline 0.003 -18"><span class='ocrx_word' id='word_1_332' title='bbox 338 2357 348 2360; x_wconf 18' lang='grc' dir='ltr'>ἡ</span> <span class='ocrx_word' id='word_1_333' title='bbox 424 2329 564 2373; x_wconf 87' lang='lat' dir='ltr'>Item:</span> <span class='ocrx_word' id='word_1_334' title='bbox 591 2330 783 2374; x_wconf 88' lang='lat' dir='ltr'>habetur</span> <span class='ocrx_word' id='word_1_335' title='bbox 807 2330 855 2373; x_wconf 89' lang='lat' dir='ltr'>in</span> <span class='ocrx_word' id='word_1_336' title='bbox 882 2330 1260 2374; x_wconf 88' lang='lat' dir='ltr'>determinatione</span> <span class='ocrx_word' id='word_1_337' title='bbox 1287 2329 1433 2388; x_wconf 89' lang='lat' dir='ltr'>quinti</span> <span class='ocrx_word' id='word_1_338' title='bbox 1465 2329 1688 2374; x_wconf 90' lang='lat' dir='ltr'>Concilii:</span> <span class='ocrx_word' id='word_1_339' title='bbox 1721 2345 1745 2371; x_wconf 77' lang='lat' dir='ltr'>t&lt;</span> <span class='ocrx_word' id='word_1_340' title='bbox 1768 2330 2012 2389; x_wconf 85' lang='lat' dir='ltr'>Sequimur</span> <span class='ocrx_word' id='word_1_341' title='bbox 2037 2340 2118 2390; x_wconf 81' lang='lat' dir='ltr'>per</span> <span class='ocrx_word' id='word_1_342' title='bbox 2142 2330 2323 2380; x_wconf 64' lang='lat' dir='ltr'>omnia⁴</span> 
     </span>
     <span class='ocr_line' id='line_1_34' title="bbox 335 2395 2330 2452; baseline 0.002 -13"><span class='ocrx_word' id='word_1_343' title='bbox 335 2405 518 2440; x_wconf 89' lang='lat' dir='ltr'>sanctos</span> <span class='ocrx_word' id='word_1_344' title='bbox 540 2396 696 2440; x_wconf 88' lang='lat' dir='ltr'>Patres</span> <span class='ocrx_word' id='word_1_345' title='bbox 723 2405 768 2440; x_wconf 91' lang='lat' dir='ltr'>et</span> <span class='ocrx_word' id='word_1_346' title='bbox 789 2396 999 2440; x_wconf 90' lang='lat' dir='ltr'>doctores</span> <span class='ocrx_word' id='word_1_347' title='bbox 1026 2396 1274 2449; x_wconf 88' lang='lat' dir='ltr'>Ecclesiae,</span> <span class='ocrx_word' id='word_1_348' title='bbox 1302 2396 1623 2451; x_wconf 89' lang='lat' dir='ltr'>Athanasium,</span> <span class='ocrx_word' id='word_1_349' title='bbox 1651 2395 1893 2450; x_wconf 90' lang='lat' dir='ltr'>Hilarium,</span> <span class='ocrx_word' id='word_1_350' title='bbox 1919 2396 2158 2452; x_wconf 71' lang='lat' dir='ltr'>Basiliam,</span> <span class='ocrx_word' id='word_1_351' title='bbox 2191 2397 2330 2445; x_wconf 63' lang='lat' dir='ltr'>Gre-</span> 
     </span>
     <span class='ocr_line' id='line_1_35' title="bbox 336 2455 2330 2522; baseline 0 -17"><span class='ocrx_word' id='word_1_352' title='bbox 336 2462 517 2520; x_wconf 87' lang='lat' dir='ltr'>gorium</span> <span class='ocrx_word' id='word_1_353' title='bbox 542 2461 833 2520; x_wconf 88' lang='lat' dir='ltr'>theologum,</span> <span class='ocrx_word' id='word_1_354' title='bbox 862 2462 1140 2521; x_wconf 88' lang='lat' dir='ltr'>Gregorium</span> <span class='ocrx_word' id='word_1_355' title='bbox 1162 2462 1441 2521; x_wconf 89' lang='lat' dir='ltr'>Nyssenum,</span> <span class='ocrx_word' id='word_1_356' title='bbox 1466 2463 1780 2516; x_wconf 88' lang='lat' dir='ltr'>Ambrosium,</span> <span class='ocrx_word' id='word_1_357' title='bbox 1803 2463 2126 2522; x_wconf 85' lang='lat' dir='ltr'>Augustinum,</span> <span class='ocrx_word' id='word_1_358' title='bbox 2149 2455 2330 2519; x_wconf 65' lang='lat' dir='ltr'>Theq-&#39;Q</span> 
     </span>
     <span class='ocr_line' id='line_1_36' title="bbox 334 2527 2320 2588; baseline 0.002 -17"><span class='ocrx_word' id='word_1_359' title='bbox 334 2527 527 2587; x_wconf 91' lang='lat' dir='ltr'>philum‚</span> <span class='ocrx_word' id='word_1_360' title='bbox 562 2529 791 2588; x_wconf 88' lang='lat' dir='ltr'>Joannem</span> <span class='ocrx_word' id='word_1_361' title='bbox 834 2528 1416 2587; x_wconf 89' lang='lat' dir='ltr'>Constantinopolitanum,</span> <span class='ocrx_word' id='word_1_362' title='bbox 1455 2528 1696 2588; x_wconf 90' lang='lat' dir='ltr'>Cyrillum,</span> <span class='ocrx_word' id='word_1_363' title='bbox 1735 2529 1957 2584; x_wconf 85' lang='lat' dir='ltr'>Leonem,</span> <span class='ocrx_word' id='word_1_364' title='bbox 1993 2530 2220 2587; x_wconf 89' lang='lat' dir='ltr'>Probum;</span> <span class='ocrx_word' id='word_1_365' title='bbox 2252 2539 2320 2578; x_wconf 71' lang='lat' dir='ltr'>et</span> 
     </span>
     <span class='ocr_line' id='line_1_37' title="bbox 334 2595 2326 2656; baseline 0.003 -18"><span class='ocrx_word' id='word_1_366' title='bbox 334 2595 608 2653; x_wconf 88' lang='lat' dir='ltr'>suscipimus</span> <span class='ocrx_word' id='word_1_367' title='bbox 636 2595 792 2639; x_wconf 89' lang='lat' dir='ltr'>omnia</span> <span class='ocrx_word' id='word_1_368' title='bbox 818 2609 934 2654; x_wconf 90' lang='lat' dir='ltr'>quae</span> <span class='ocrx_word' id='word_1_369' title='bbox 963 2595 1018 2639; x_wconf 91' lang='lat' dir='ltr'>de</span> <span class='ocrx_word' id='word_1_370' title='bbox 1044 2605 1169 2639; x_wconf 90' lang='lat' dir='ltr'>recta</span> <span class='ocrx_word' id='word_1_371' title='bbox 1195 2595 1283 2638; x_wconf 88' lang='lat' dir='ltr'>fide</span> <span class='ocrx_word' id='word_1_372' title='bbox 1317 2605 1361 2639; x_wconf 90' lang='lat' dir='ltr'>et</span> <span class='ocrx_word' id='word_1_373' title='bbox 1393 2595 1689 2640; x_wconf 90' lang='lat' dir='ltr'>damnatione</span> <span class='ocrx_word' id='word_1_374' title='bbox 1721 2596 2060 2641; x_wconf 87' lang='lat' dir='ltr'>haereticorum</span> <span class='ocrx_word' id='word_1_375' title='bbox 2085 2604 2326 2656; x_wconf 68' lang='lat' dir='ltr'>exposqu</span> 
     </span>
     <span class='ocr_line' id='line_1_38' title="bbox 333 2660 2326 2723; baseline 0.003 -19"><span class='ocrx_word' id='word_1_376' title='bbox 333 2672 437 2705; x_wconf 90' lang='lat' dir='ltr'>runt</span> <span class='ocrx_word' id='word_1_377' title='bbox 454 2679 494 2705; x_wconf 86' lang='lat'>».</span> <span class='ocrx_word' id='word_1_378' title='bbox 517 2661 812 2705; x_wconf 88' lang='lat' dir='ltr'>Manifestum</span> <span class='ocrx_word' id='word_1_379' title='bbox 831 2671 984 2705; x_wconf 90' lang='lat' dir='ltr'>autem</span> <span class='ocrx_word' id='word_1_380' title='bbox 1011 2675 1066 2705; x_wconf 83' lang='lat' dir='ltr'>ex</span> <span class='ocrx_word' id='word_1_381' title='bbox 1092 2661 1247 2705; x_wconf 90' lang='lat' dir='ltr'>multis</span> <span class='ocrx_word' id='word_1_382' title='bbox 1274 2662 1618 2706; x_wconf 87' lang='lat' dir='ltr'>auctoritatibus</span> <span class='ocrx_word' id='word_1_383' title='bbox 1638 2662 1897 2721; x_wconf 87' lang='lat' dir='ltr'>Augustini,</span> <span class='ocrx_word' id='word_1_384' title='bbox 1919 2673 1966 2708; x_wconf 89' lang='lat' dir='ltr'>et</span> <span class='ocrx_word' id='word_1_385' title='bbox 1985 2663 2228 2723; x_wconf 78' lang='lat' dir='ltr'>praecipue</span> <span class='ocrx_word' id='word_1_386' title='bbox 2264 2660 2326 2720; x_wconf 59' lang='lat' dir='ltr'>siri}</span> 
     </span>
     <span class='ocr_line' id='line_1_39' title="bbox 331 2727 2215 2790; baseline 0.003 -19"><span class='ocrx_word' id='word_1_387' title='bbox 331 2727 448 2771; x_wconf 90' lang='lat' dir='ltr'>libro</span> <span class='ocrx_word' id='word_1_388' title='bbox 475 2729 547 2772; x_wconf 92' lang='lat' dir='ltr'>De</span> <span class='ocrx_word' id='word_1_389' title='bbox 575 2727 738 2773; x_wconf 90' lang='lat' dir='ltr'>Trinit.</span> <span class='ocrx_word' id='word_1_390' title='bbox 767 2738 811 2772; x_wconf 88' lang='lat' dir='ltr'>et</span> <span class='ocrx_word' id='word_1_391' title='bbox 836 2742 971 2786; x_wconf 89' lang='lat' dir='ltr'>super</span> <span class='ocrx_word' id='word_1_392' title='bbox 990 2728 1232 2785; x_wconf 88' lang='lat' dir='ltr'>Joannem,</span> <span class='ocrx_word' id='word_1_393' title='bbox 1250 2729 1372 2787; x_wconf 89' lang='lat' dir='ltr'>quod</span> <span class='ocrx_word' id='word_1_394' title='bbox 1398 2729 1590 2787; x_wconf 89' lang='lat' dir='ltr'>Spiritus</span> <span class='ocrx_word' id='word_1_395' title='bbox 1614 2728 1810 2773; x_wconf 89' lang='lat' dir='ltr'>Sanctus</span> <span class='ocrx_word' id='word_1_396' title='bbox 1826 2730 1883 2774; x_wconf 90' lang='lat' dir='ltr'>sit</span> <span class='ocrx_word' id='word_1_397' title='bbox 1906 2742 1933 2774; x_wconf 89' lang='lat' dir='ltr'>a</span> <span class='ocrx_word' id='word_1_398' title='bbox 1953 2729 2085 2775; x_wconf 84' lang='lat' dir='ltr'>Filio.</span> <span class='ocrx_word' id='word_1_399' title='bbox 2102 2729 2215 2790; x_wconf 85' lang='lat' dir='ltr'>Opo</span> 
     </span>
     <span class='ocr_line' id='line_1_40' title="bbox 332 2794 1577 2853; baseline 0.002 -16"><span class='ocrx_word' id='word_1_400' title='bbox 332 2795 469 2853; x_wconf 90' lang='lat' dir='ltr'>igitur</span> <span class='ocrx_word' id='word_1_401' title='bbox 496 2795 688 2839; x_wconf 88' lang='lat' dir='ltr'>concedi</span> <span class='ocrx_word' id='word_1_402' title='bbox 714 2795 836 2853; x_wconf 90' lang='lat' dir='ltr'>quod</span> <span class='ocrx_word' id='word_1_403' title='bbox 864 2795 1056 2853; x_wconf 90' lang='lat' dir='ltr'>Spiritus</span> <span class='ocrx_word' id='word_1_404' title='bbox 1084 2795 1278 2839; x_wconf 88' lang='lat' dir='ltr'>Sanctus</span> <span class='ocrx_word' id='word_1_405' title='bbox 1307 2795 1363 2839; x_wconf 89' lang='lat' dir='ltr'>sit</span> <span class='ocrx_word' id='word_1_406' title='bbox 1393 2809 1419 2838; x_wconf 94' lang='lat' dir='ltr'>a</span> <span class='ocrx_word' id='word_1_407' title='bbox 1445 2794 1577 2840; x_wconf 88' lang='lat' dir='ltr'>Filio.</span> 
     </span>
    </p>

    <p class='ocr_par' dir='ltr' id='par_1_6' title="bbox 421 2861 2306 2920">
     <span class='ocr_line' id='line_1_41' title="bbox 421 2861 2304 2920; baseline 0 -16"><span class='ocrx_word' id='word_1_408' title='bbox 421 2861 523 2905; x_wconf 89' lang='lat' dir='ltr'>Hoc</span> <span class='ocrx_word' id='word_1_409' title='bbox 551 2862 688 2905; x_wconf 88' lang='lat' dir='ltr'>etiam</span> <span class='ocrx_word' id='word_1_410' title='bbox 716 2861 998 2905; x_wconf 89' lang='lat' dir='ltr'>evidentibus</span> <span class='ocrx_word' id='word_1_411' title='bbox 1024 2861 1274 2905; x_wconf 89' lang='lat' dir='ltr'>rationibus</span> <span class='ocrx_word' id='word_1_412' title='bbox 1302 2871 1502 2920; x_wconf 87' lang='lat' dir='ltr'>apparet.</span> <span class='ocrx_word' id='word_1_413' title='bbox 2291 2899 2304 2907; x_wconf 19' lang='grc' dir='ltr'><strong>Υ</strong></span> 
     </span>
    </p>

    <p class='ocr_par' dir='ltr' id='par_1_7' title="bbox 331 2927 2332 3654">
     <span class='ocr_line' id='line_1_42' title="bbox 421 2927 2299 2988; baseline 0.002 -17"><span class='ocrx_word' id='word_1_414' title='bbox 421 2928 473 2971; x_wconf 90' lang='lat' dir='ltr'>In</span> <span class='ocrx_word' id='word_1_415' title='bbox 515 2929 646 2972; x_wconf 89' lang='lat' dir='ltr'>rebus</span> <span class='ocrx_word' id='word_1_416' title='bbox 688 2929 826 2981; x_wconf 89' lang='lat' dir='ltr'>enim,</span> <span class='ocrx_word' id='word_1_417' title='bbox 858 2941 1036 2972; x_wconf 87' lang='lat' dir='ltr'>remota</span> <span class='ocrx_word' id='word_1_418' title='bbox 1069 2927 1295 2971; x_wconf 87' lang='lat' dir='ltr'>materiali</span> <span class='ocrx_word' id='word_1_419' title='bbox 1327 2928 1632 2981; x_wconf 84' lang='lat' dir='ltr'>distinctione,</span> <span class='ocrx_word' id='word_1_420' title='bbox 1666 2941 1782 2987; x_wconf 86' lang='lat' dir='ltr'>quae</span> <span class='ocrx_word' id='word_1_421' title='bbox 1815 2928 1862 2973; x_wconf 89' lang='lat' dir='ltr'>in</span> <span class='ocrx_word' id='word_1_422' title='bbox 1893 2928 2060 2973; x_wconf 83' lang='lat' dir='ltr'>divinis</span> <span class='ocrx_word' id='word_1_423' title='bbox 2090 2941 2246 2988; x_wconf 85' lang='lat' dir='ltr'>perso</span> <span class='ocrx_word' id='word_1_424' title='bbox 2269 2938 2299 2962; x_wconf 46' lang='grc' dir='ltr'>ἱ*</span> 
     </span>
     <span class='ocr_line' id='line_1_43' title="bbox 331 2994 2324 3055; baseline 0.002 -18"><span class='ocrx_word' id='word_1_425' title='bbox 331 2994 489 3038; x_wconf 88' lang='lat' dir='ltr'>locum</span> <span class='ocrx_word' id='word_1_426' title='bbox 515 2995 684 3039; x_wconf 89' lang='lat' dir='ltr'>habere</span> <span class='ocrx_word' id='word_1_427' title='bbox 710 3009 804 3038; x_wconf 91' lang='lat' dir='ltr'>non</span> <span class='ocrx_word' id='word_1_428' title='bbox 831 3004 994 3052; x_wconf 89' lang='lat' dir='ltr'>potest,</span> <span class='ocrx_word' id='word_1_429' title='bbox 1020 3008 1116 3038; x_wconf 91' lang='lat' dir='ltr'>non</span> <span class='ocrx_word' id='word_1_430' title='bbox 1142 2994 1432 3038; x_wconf 86' lang='lat' dir='ltr'>inveniuntur</span> <span class='ocrx_word' id='word_1_431' title='bbox 1459 2994 1609 3053; x_wconf 88' lang='lat' dir='ltr'>aliqua</span> <span class='ocrx_word' id='word_1_432' title='bbox 1635 2994 1851 3053; x_wconf 88' lang='lat' dir='ltr'>distingui</span> <span class='ocrx_word' id='word_1_433' title='bbox 1874 2995 1963 3040; x_wconf 86' lang='lat' dir='ltr'>nisi</span> <span class='ocrx_word' id='word_1_434' title='bbox 1984 3010 2068 3055; x_wconf 86' lang='lat' dir='ltr'>per</span> <span class='ocrx_word' id='word_1_435' title='bbox 2094 2995 2184 3055; x_wconf 88' lang='lat' dir='ltr'>aliq</span> <span class='ocrx_word' id='word_1_436' title='bbox 2227 3000 2299 3050; x_wconf 44' lang='grc' dir='ltr'>ὦ),</span> <span class='ocrx_word' id='word_1_437' title='bbox 2323 3051 2324 3054; x_wconf 9' lang='lat'>¹</span> 
     </span>
     <span class='ocr_line' id='line_1_44' title="bbox 333 3055 2322 3120; baseline 0.001 -16"><span class='ocrx_word' id='word_1_438' title='bbox 333 3061 671 3119; x_wconf 89' lang='lat' dir='ltr'>oppositionem</span> <span class='ocrx_word' id='word_1_439' title='bbox 689 3077 699 3115; x_wconf 84' lang='lat'><em>3</em></span> <span class='ocrx_word' id='word_1_440' title='bbox 727 3075 842 3120; x_wconf 91' lang='lat' dir='ltr'>quae</span> <span class='ocrx_word' id='word_1_441' title='bbox 862 3061 984 3104; x_wconf 90' lang='lat' dir='ltr'>enim</span> <span class='ocrx_word' id='word_1_442' title='bbox 1003 3059 1178 3104; x_wconf 90' lang='lat' dir='ltr'>nullam</span> <span class='ocrx_word' id='word_1_443' title='bbox 1195 3061 1534 3119; x_wconf 89' lang='lat' dir='ltr'>oppositionem</span> <span class='ocrx_word' id='word_1_444' title='bbox 1553 3060 1723 3105; x_wconf 89' lang='lat' dir='ltr'>habent</span> <span class='ocrx_word' id='word_1_445' title='bbox 1748 3061 1804 3104; x_wconf 89' lang='lat' dir='ltr'>ad</span> <span class='ocrx_word' id='word_1_446' title='bbox 1826 3055 2024 3106; x_wconf 76' lang='lat' dir='ltr'>invicem</span> <span class='ocrx_word' id='word_1_447' title='bbox 2046 3061 2183 3108; x_wconf 85' lang='lat' dir='ltr'>simul</span> <span class='ocrx_word' id='word_1_448' title='bbox 2207 3082 2293 3115; x_wconf 37' lang='grc' dir='ltr'>’κς-ι,</span> <span class='ocrx_word' id='word_1_449' title='bbox 2317 3066 2322 3077; x_wconf 75' lang='grc'>”</span> 
     </span>
     <span class='ocr_line' id='line_1_45' title="bbox 332 3121 2332 3187; baseline 0.003 -16"><span class='ocrx_word' id='word_1_450' title='bbox 332 3139 521 3186; x_wconf 89' lang='lat' dir='ltr'>possunt</span> <span class='ocrx_word' id='word_1_451' title='bbox 554 3129 598 3171; x_wconf 91' lang='lat' dir='ltr'>in</span> <span class='ocrx_word' id='word_1_452' title='bbox 633 3129 812 3180; x_wconf 89' lang='lat' dir='ltr'>eodem,</span> <span class='ocrx_word' id='word_1_453' title='bbox 839 3127 958 3171; x_wconf 90' lang='lat' dir='ltr'>unde</span> <span class='ocrx_word' id='word_1_454' title='bbox 991 3142 1071 3185; x_wconf 90' lang='lat' dir='ltr'>per</span> <span class='ocrx_word' id='word_1_455' title='bbox 1103 3141 1156 3170; x_wconf 91' lang='lat' dir='ltr'>ea</span> <span class='ocrx_word' id='word_1_456' title='bbox 1189 3127 1418 3171; x_wconf 86' lang='lat' dir='ltr'>distinctio</span> <span class='ocrx_word' id='word_1_457' title='bbox 1453 3128 1630 3171; x_wconf 89' lang='lat' dir='ltr'>causari</span> <span class='ocrx_word' id='word_1_458' title='bbox 1660 3141 1755 3172; x_wconf 91' lang='lat' dir='ltr'>non</span> <span class='ocrx_word' id='word_1_459' title='bbox 1786 3137 1964 3187; x_wconf 77' lang='lat' dir='ltr'>potest3</span> <span class='ocrx_word' id='word_1_460' title='bbox 1995 3126 2151 3173; x_wconf 84' lang='lat' dir='ltr'>album</span> <span class='ocrx_word' id='word_1_461' title='bbox 2175 3121 2332 3186; x_wconf 62' lang='lat' dir='ltr'>en&#39;JJ&#39;„s</span> 
     </span>
     <span class='ocr_line' id='line_1_46' title="bbox 332 3194 2332 3253; baseline 0.001 -16"><span class='ocrx_word' id='word_1_462' title='bbox 332 3203 377 3237; x_wconf 89' lang='lat' dir='ltr'>et</span> <span class='ocrx_word' id='word_1_463' title='bbox 400 3194 691 3252; x_wconf 84' lang='lat' dir='ltr'>triangulare,</span> <span class='ocrx_word' id='word_1_464' title='bbox 717 3194 825 3253; x_wconf 70' lang='lat' dir='ltr'>licet</span> <span class='ocrx_word' id='word_1_465' title='bbox 850 3194 1026 3238; x_wconf 89' lang='lat' dir='ltr'>diversa</span> <span class='ocrx_word' id='word_1_466' title='bbox 1051 3194 1154 3247; x_wconf 89' lang='lat' dir='ltr'>sint,</span> <span class='ocrx_word' id='word_1_467' title='bbox 1181 3194 1286 3252; x_wconf 87' lang='lat' dir='ltr'>quia</span> <span class='ocrx_word' id='word_1_468' title='bbox 1313 3203 1468 3237; x_wconf 87' lang='lat' dir='ltr'>tamen</span> <span class='ocrx_word' id='word_1_469' title='bbox 1493 3208 1587 3238; x_wconf 91' lang='lat' dir='ltr'>non</span> <span class='ocrx_word' id='word_1_470' title='bbox 1615 3205 1922 3253; x_wconf 89' lang='lat' dir='ltr'>opponuntur,</span> <span class='ocrx_word' id='word_1_471' title='bbox 1942 3194 1990 3240; x_wconf 85' lang='lat' dir='ltr'>in</span> <span class='ocrx_word' id='word_1_472' title='bbox 2011 3195 2176 3242; x_wconf 84' lang='lat' dir='ltr'>eodem</span> <span class='ocrx_word' id='word_1_473' title='bbox 2231 3194 2332 3248; x_wconf 41' lang='grc' dir='ltr'><strong><em>κ</em></strong></span> 
     </span>
     <span class='ocr_line' id='line_1_47' title="bbox 333 3260 2236 3320; baseline 0.001 -15"><span class='ocrx_word' id='word_1_474' title='bbox 333 3261 568 3319; x_wconf 85' lang='lat' dir='ltr'>contingit.</span> <span class='ocrx_word' id='word_1_475' title='bbox 598 3262 796 3319; x_wconf 88' lang='lat' dir='ltr'>Oportet</span> <span class='ocrx_word' id='word_1_476' title='bbox 821 3271 975 3304; x_wconf 89' lang='lat' dir='ltr'>autem</span> <span class='ocrx_word' id='word_1_477' title='bbox 1002 3274 1272 3319; x_wconf 91' lang='lat' dir='ltr'>supponere,</span> <span class='ocrx_word' id='word_1_478' title='bbox 1301 3260 1555 3304; x_wconf 89' lang='lat' dir='ltr'>secundum</span> <span class='ocrx_word' id='word_1_479' title='bbox 1581 3260 1686 3305; x_wconf 88' lang='lat' dir='ltr'>fidei</span> <span class='ocrx_word' id='word_1_480' title='bbox 1721 3260 1976 3307; x_wconf 81' lang='lat' dir='ltr'>catholicae</span> <span class='ocrx_word' id='word_1_481' title='bbox 2002 3261 2160 3307; x_wconf 85' lang='lat' dir='ltr'>docu··</span> <span class='ocrx_word' id='word_1_482' title='bbox 2190 3285 2236 3320; x_wconf 59' lang='lat'>²⁹:</span> 
     </span>
     <span class='ocr_line' id='line_1_48' title="bbox 337 3326 2332 3386; baseline 0.001 -15"><span class='ocrx_word' id='word_1_483' title='bbox 337 3328 461 3385; x_wconf 89' lang='lat' dir='ltr'>quod</span> <span class='ocrx_word' id='word_1_484' title='bbox 508 3328 701 3386; x_wconf 86' lang='lat' dir='ltr'>Spiritus</span> <span class='ocrx_word' id='word_1_485' title='bbox 735 3327 927 3371; x_wconf 87' lang='lat' dir='ltr'>Sanctus</span> <span class='ocrx_word' id='word_1_486' title='bbox 961 3341 986 3370; x_wconf 90' lang='lat' dir='ltr'>a</span> <span class='ocrx_word' id='word_1_487' title='bbox 1018 3327 1133 3370; x_wconf 90' lang='lat' dir='ltr'>Filio</span> <span class='ocrx_word' id='word_1_488' title='bbox 1167 3327 1489 3385; x_wconf 83' lang='lat' dir='ltr'>distinguatur3</span> <span class='ocrx_word' id='word_1_489' title='bbox 1519 3327 1648 3371; x_wconf 88' lang='lat' dir='ltr'>aliter</span> <span class='ocrx_word' id='word_1_490' title='bbox 1677 3328 1801 3372; x_wconf 89' lang='lat' dir='ltr'>enim</span> <span class='ocrx_word' id='word_1_491' title='bbox 1830 3340 1926 3372; x_wconf 87' lang='lat' dir='ltr'>non</span> <span class='ocrx_word' id='word_1_492' title='bbox 1958 3337 2078 3373; x_wconf 82' lang='lat' dir='ltr'>esset</span> <span class='ocrx_word' id='word_1_493' title='bbox 2105 3326 2233 3379; x_wconf 64' lang='lat' dir='ltr'>trini</span> <span class='ocrx_word' id='word_1_494' title='bbox 2330 3371 2332 3373; x_wconf 84' lang='lat'>.</span> 
     </span>
     <span class='ocr_line' id='line_1_49' title="bbox 332 3391 2332 3452; baseline 0.003 -15"><span class='ocrx_word' id='word_1_495' title='bbox 332 3395 409 3437; x_wconf 83' lang='lat' dir='ltr'>sed</span> <span class='ocrx_word' id='word_1_496' title='bbox 437 3394 630 3438; x_wconf 85' lang='lat' dir='ltr'>dualitas</span> <span class='ocrx_word' id='word_1_497' title='bbox 653 3395 698 3437; x_wconf 89' lang='lat' dir='ltr'>in</span> <span class='ocrx_word' id='word_1_498' title='bbox 722 3394 943 3452; x_wconf 90' lang='lat' dir='ltr'>personis.</span> <span class='ocrx_word' id='word_1_499' title='bbox 968 3394 1167 3452; x_wconf 90' lang='lat' dir='ltr'>Oportet</span> <span class='ocrx_word' id='word_1_500' title='bbox 1187 3394 1323 3452; x_wconf 89' lang='lat' dir='ltr'>igitur</span> <span class='ocrx_word' id='word_1_501' title='bbox 1343 3393 1609 3451; x_wconf 89' lang='lat' dir='ltr'>hujusmodi</span> <span class='ocrx_word' id='word_1_502' title='bbox 1633 3393 1973 3439; x_wconf 84' lang='lat' dir='ltr'>distinctionem</span> <span class='ocrx_word' id='word_1_503' title='bbox 1995 3407 2075 3452; x_wconf 87' lang='lat' dir='ltr'>per</span> <span class='ocrx_word' id='word_1_504' title='bbox 2096 3391 2173 3440; x_wconf 72' lang='lat' dir='ltr'>ali</span> <span class='ocrx_word' id='word_1_505' title='bbox 2329 3401 2332 3443; x_wconf 81' lang='lat' dir='ltr'>i</span> 
     </span>
     <span class='ocr_line' id='line_1_50' title="bbox 332 3459 2332 3519; baseline 0.002 -16"><span class='ocrx_word' id='word_1_506' title='bbox 332 3462 670 3519; x_wconf 89' lang='lat' dir='ltr'>oppositionem</span> <span class='ocrx_word' id='word_1_507' title='bbox 698 3461 807 3504; x_wconf 87' lang='lat' dir='ltr'>fieri.</span> <span class='ocrx_word' id='word_1_508' title='bbox 835 3460 942 3504; x_wconf 90' lang='lat' dir='ltr'>Non</span> <span class='ocrx_word' id='word_1_509' title='bbox 971 3470 1123 3503; x_wconf 90' lang='lat' dir='ltr'>autem</span> <span class='ocrx_word' id='word_1_510' title='bbox 1151 3459 1441 3518; x_wconf 89' lang='lat' dir='ltr'>oppositione</span> <span class='ocrx_word' id='word_1_511' title='bbox 1465 3459 1779 3504; x_wconf 86' lang='lat' dir='ltr'>affirmationis</span> <span class='ocrx_word' id='word_1_512' title='bbox 1812 3469 1858 3505; x_wconf 87' lang='lat' dir='ltr'>et</span> <span class='ocrx_word' id='word_1_513' title='bbox 1887 3460 2174 3519; x_wconf 40' lang='lat' dir='ltr'>negationi&amp;</span> <span class='ocrx_word' id='word_1_514' title='bbox 2197 3482 2205 3498; x_wconf 65' lang='grc' dir='ltr'><strong>ι</strong></span> <span class='ocrx_word' id='word_1_515' title='bbox 2230 3479 2250 3506; x_wconf 69' lang='lat'>12</span> <span class='ocrx_word' id='word_1_516' title='bbox 2329 3505 2332 3506; x_wconf 16' lang='lat'><em>⁷</em></span> 
     </span>
     <span class='ocr_line' id='line_1_51' title="bbox 331 3515 2331 3586; baseline 0.002 -16"><span class='ocrx_word' id='word_1_517' title='bbox 331 3527 394 3570; x_wconf 90' lang='lat' dir='ltr'>sic</span> <span class='ocrx_word' id='word_1_518' title='bbox 422 3526 757 3585; x_wconf 86' lang='lat' dir='ltr'>distinguuntur</span> <span class='ocrx_word' id='word_1_519' title='bbox 784 3526 904 3571; x_wconf 90' lang='lat' dir='ltr'>entia</span> <span class='ocrx_word' id='word_1_520' title='bbox 939 3540 964 3569; x_wconf 90' lang='lat' dir='ltr'>a</span> <span class='ocrx_word' id='word_1_521' title='bbox 995 3540 1088 3570; x_wconf 90' lang='lat' dir='ltr'>non</span> <span class='ocrx_word' id='word_1_522' title='bbox 1117 3527 1316 3580; x_wconf 88' lang='lat' dir='ltr'>entibus;</span> <span class='ocrx_word' id='word_1_523' title='bbox 1349 3540 1435 3571; x_wconf 90' lang='lat' dir='ltr'>nec</span> <span class='ocrx_word' id='word_1_524' title='bbox 1469 3526 1608 3570; x_wconf 89' lang='lat' dir='ltr'>etiam</span> <span class='ocrx_word' id='word_1_525' title='bbox 1641 3525 1930 3585; x_wconf 83' lang='lat' dir='ltr'>oppositione</span> <span class='ocrx_word' id='word_1_526' title='bbox 1952 3515 2297 3586; x_wconf 44' lang='lat' dir='ltr'>privationis&amp;</span> <span class='ocrx_word' id='word_1_527' title='bbox 2330 3533 2331 3536; x_wconf 76' lang='grc'>’</span> 
     </span>
     <span class='ocr_line' id='line_1_52' title="bbox 332 3584 2329 3654; baseline 0.001 -18"><span class='ocrx_word' id='word_1_528' title='bbox 332 3593 525 3647; x_wconf 87' lang='lat' dir='ltr'>habitus,</span> <span class='ocrx_word' id='word_1_529' title='bbox 553 3595 655 3652; x_wconf 77' lang='lat' dir='ltr'>quia</span> <span class='ocrx_word' id='word_1_530' title='bbox 684 3595 746 3637; x_wconf 83' lang='lat' dir='ltr'>sic</span> <span class='ocrx_word' id='word_1_531' title='bbox 775 3593 1111 3651; x_wconf 88' lang='lat' dir='ltr'>distinguuntur</span> <span class='ocrx_word' id='word_1_532' title='bbox 1137 3592 1336 3652; x_wconf 84' lang='lat' dir='ltr'>perfecta</span> <span class='ocrx_word' id='word_1_533' title='bbox 1365 3593 1418 3637; x_wconf 88' lang='lat' dir='ltr'>ab</span> <span class='ocrx_word' id='word_1_534' title='bbox 1445 3592 1753 3652; x_wconf 86' lang='lat' dir='ltr'>imperfectis;</span> <span class='ocrx_word' id='word_1_535' title='bbox 1785 3605 1935 3653; x_wconf 82' lang='lat' dir='ltr'>neque</span> <span class='ocrx_word' id='word_1_536' title='bbox 1957 3592 2095 3643; x_wconf 72' lang='lat' dir='ltr'>etiam</span> <span class='ocrx_word' id='word_1_537' title='bbox 2117 3584 2292 3654; x_wconf 56' lang='lat' dir='ltr'>offleii·</span> <span class='ocrx_word' id='word_1_538' title='bbox 2327 3597 2329 3600; x_wconf 85' lang='lat'>&#39;</span> 
     </span>
    </p>
   </div>
   <div class='ocr_carea' id='block_1_4' title="bbox 2126 2282 2332 3854">
    <p class='ocr_par' dir='ltr' id='par_1_8' title="bbox 2126 2282 2332 3854">
     <span class='ocr_line' id='line_1_53' title="bbox 2306 2282 2332 2420; baseline 0 -121"><span class='ocrx_word' id='word_1_539' title='bbox 2306 2282 2332 2420; x_wconf 95' lang='lat' dir='ltr'>  </span> 
     </span>
     <span class='ocr_line' id='line_1_54' title="bbox 2306 2420 2332 2691; baseline 0 -211"><span class='ocrx_word' id='word_1_540' title='bbox 2306 2420 2332 2691; x_wconf 95' lang='lat' dir='ltr'>     </span> 
     </span>
     <span class='ocr_line' id='line_1_55' title="bbox 2215 2691 2332 2897; baseline 0 -76"><span class='ocrx_word' id='word_1_541' title='bbox 2215 2691 2332 2897; x_wconf 95' lang='lat' dir='ltr'>   </span> 
     </span>
     <span class='ocr_line' id='line_1_56' title="bbox 2185 2897 2332 3096; baseline 0 -78"><span class='ocrx_word' id='word_1_542' title='bbox 2185 2897 2332 3096; x_wconf 95' lang='lat' dir='ltr'>   </span> 
     </span>
     <span class='ocr_line' id='line_1_57' title="bbox 2177 3096 2332 3282; baseline 0 -65"><span class='ocrx_word' id='word_1_543' title='bbox 2177 3096 2332 3282; x_wconf 95' lang='lat' dir='ltr'>   </span> 
     </span>
     <span class='ocr_line' id='line_1_58' title="bbox 2126 3282 2332 3415; baseline 0 -117"><span class='ocrx_word' id='word_1_544' title='bbox 2126 3282 2332 3415; x_wconf 95' lang='lat' dir='ltr'>   </span> 
     </span>
     <span class='ocr_line' id='line_1_59' title="bbox 2156 3415 2332 3482; baseline 0 0"><span class='ocrx_word' id='word_1_545' title='bbox 2156 3415 2332 3482; x_wconf 95' lang='lat' dir='ltr'>   </span> 
     </span>
     <span class='ocr_line' id='line_1_60' title="bbox 2278 3482 2332 3854; baseline 0 0"><span class='ocrx_word' id='word_1_546' title='bbox 2278 3482 2332 3854; x_wconf 95' lang='lat' dir='ltr'>   </span> 
     </span>
    </p>
   </div>
  </div>
 </body>
</html>
