2332 3854
215 194 327 263 276
903 209 1058 248 LIBER
1096 209 1152 246 11.
1195 209 1314 247 CAP.
1355 209 1482 248 xcv.

305 310 439 355 Unde
465 321 587 370 patet
612 311 734 370 quod
772 311 937 355 accidit
962 311 1118 369 generi
1149 321 1194 355 et
1218 311 1498 358 differentiae
1525 315 1647 374 quod
1673 315 1992 362 determinatio
2035 332 2168 377 quae-

214 379 335 433 dam,
363 392 501 437 quam
528 378 779 422 differentia
818 379 1048 436 importat,
1075 393 1129 422 ex
1157 377 1247 422 alio
1283 379 1507 439 principio
1543 393 1754 426 causetur
1785 398 1924 442 quam
1951 397 1977 428 a
2007 393 2169 430 natura

211 446 414 502 generis;
441 459 495 489 ex
520 445 611 489 hoc
637 445 760 504 quod
786 455 945 488 natura
972 458 1110 502 quam
1137 445 1286 503 signat
1311 445 1518 492 diffinitio
1538 458 1607 492 est
1623 450 1881 508 composita
1906 464 1961 494 ex
1977 451 2182 496 materia»

210 521 254 556 et
279 511 442 566 forma,
469 512 586 556 sicut
617 526 669 555 ex
695 512 966 555 terminante
998 520 1043 555 et
1073 512 1332 557 terminato.
1361 513 1410 557 Si
1434 513 1572 572 igitur
1598 515 1749 574 aliqua
1779 525 1942 561 natura
1966 527 2033 562 est
2064 518 2169 563 sim-

210 578 361 637 plex,
351 593 448 637 ipsa
486 578 670 636 quidem
696 592 775 636 per
815 577 1012 635 seipsam
1039 579 1121 622 erit
1160 579 1417 634 terminata,
1443 594 1528 624 nec
1565 582 1793 640 oportebit
1837 583 1961 642 quod
2001 584 2168 630 habeat

211 645 322 688 duas
339 655 501 703 partes,
521 658 711 702 quarum
729 658 818 687 una
836 645 892 688 sit
912 644 1160 689 terminans
1183 655 1228 689 et
1253 645 1342 689 alia
1366 647 1621 692 terminata.
1639 648 1737 692 Ex
1725 663 1823 707 1psa
1839 649 1976 708 igitur
1989 647 2167 703 ratione

210 722 398 756 naturae
435 721 640 755 sumetur
666 712 780 754 ratio
809 711 1012 769 generis;
1040 725 1095 755 ex
1120 712 1439 757 terminatione
1467 725 1620 759 autem
1647 717 1742 773 ejus
1767 717 2017 762 secundum
2042 713 2166 777 qnod

213 789 282 824 est
306 779 352 822 in
377 778 457 822 tali
483 778 626 836 gradu
660 778 848 831 entium,
871 787 1073 822 sumetur
1099 780 1194 837 ejus
1221 779 1473 825 differentia
1499 782 1726 841 specifica.

299 846 364 889 Ex
391 859 480 903 quo
510 845 645 887 etiam
673 854 798 902 patet
824 845 962 903 quod,
988 845 1027 889 si
1049 845 1200 904 aliqua
1225 856 1387 892 natura
1406 862 1501 892 non
1523 858 1591 893 est
1611 850 1867 905 terminata,
1889 850 1968 895 sed
1988 850 2165 897 infinita

209 913 254 956 in
279 926 340 966 se,
368 912 484 956 sicut
510 925 643 969 supra
671 911 790 970 (Lib.
817 912 850 955 I.
880 926 915 956 c.
943 911 1037 971 43.)
1065 922 1301 957 ostensum
1327 925 1394 959 est
1429 915 1484 960 de
1518 926 1680 960 natura
1712 917 1879 972 divina,
1904 931 1999 963 non
2025 927 2094 964 est
2115 918 2164 963 in

209 993 262 1022 ea
289 979 494 1037 accipere
520 992 668 1036 neque
695 991 852 1036 genus,
889 993 1037 1038 neque
1064 980 1290 1038 speciem;
1317 983 1439 1040 quod
1473 993 1540 1027 est
1572 997 1830 1029 consonum
1855 985 1928 1030 his
1954 998 2071 1044 quae
2095 998 2164 1031 su-

208 1059 288 1104 pra
315 1046 435 1104 (Lib.
462 1046 495 1088 1.
521 1059 558 1090 c.
586 1044 679 1102 25.)
707 1045 1001 1091 ostendimus.

295 1113 427 1156 Patet
461 1112 599 1156 etiam
642 1127 696 1156 ex
736 1113 1010 1171 praemissis,
1044 1113 1166 1172 quod
1203 1128 1345 1172 quum
1377 1114 1582 1160 diversae
1614 1118 1788 1176 species
1829 1118 1876 1162 in
1904 1118 2164 1165 substantiis

207 1179 425 1238 separatis
453 1179 732 1237 accipiantur
758 1180 1010 1224 secundum
1037 1181 1160 1239 quod
1187 1181 1390 1226 diversos
1418 1183 1581 1241 gradus
1609 1185 1872 1239 sortiuntur,
1897 1187 1944 1230 in
1974 1199 2066 1230 una
2091 1199 2164 1230 au-

205 1256 301 1291 tem
327 1247 478 1305 specie
503 1261 598 1290 non
624 1246 713 1291 sint
744 1246 874 1306 plura
899 1247 1144 1303 individua,
1173 1250 1295 1307 quod
1320 1264 1415 1294 non
1441 1260 1544 1294 sunt
1575 1253 1621 1294 in
1662 1253 1920 1298 substantiis
1945 1254 2162 1313 separatis

205 1314 320 1358 duae
348 1313 561 1373 aequales
587 1314 837 1358 secundum
865 1315 1176 1369 ordinem‚sed
1204 1331 1294 1359 una
1319 1316 1583 1362 naturaliter
1608 1328 1676 1363 est
1707 1319 1847 1364 altera
1872 1321 2092 1380 superior.

295 1381 429 1425 Unde
466 1391 510 1425 et
553 1381 655 1440 (Job
694 1381 951 1426 XXXVIII.
984 1383 1072 1440 33.)
1114 1383 1304 1429 dicitur:
1341 1385 1559 1443 Numquid
1593 1387 1699 1430 nosti
1729 1386 1916 1432 ordinem
1942 1387 2077 1435 coeli?
2104 1387 2163 1445 El

204 1448 455 1506 Dionysius
483 1447 588 1492 dicit
611 1447 687 1506 (X.
716 1462 814 1507 cap.
839 1448 1043 1493 Coelest.
1068 1448 1217 1507 hier.)‚
1245 1451 1381 1509 quod,
1419 1453 1534 1495 sicut
1559 1452 1606 1495 in
1637 1462 1734 1497 tota
1756 1452 2026 1512 angelorum
2050 1452 2163 1499 mul-

202 1515 394 1559 titudine
427 1526 495 1559 est
521 1516 776 1560 hierarchia
802 1530 1030 1574 suprema,
1058 1518 1206 1562 media
1234 1529 1279 1562 et
1309 1518 1481 1573 infima,
1513 1522 1574 1565 ita
1604 1520 1651 1564 in
1683 1520 1883 1579 qualibet
1905 1521 2163 1568 hierarchia

204 1592 271 1626 est
297 1582 409 1626 ordo
433 1597 686 1641 supremus,
710 1584 886 1628 medius
914 1594 957 1627 et
981 1583 1178 1642 infimus,
1207 1595 1251 1629 et
1281 1585 1328 1629 in
1354 1554 1557 1645 quolibet
1587 1588 1746 1647 ordine
1776 1590 1991 1647 supremi,
2023 1589 2163 1634 medii

203 1660 247 1694 et
272 1649 430 1693 infimi.

293 1717 381 1761 Per
406 1718 496 1762 hoc
523 1727 676 1761 autem
703 1717 955 1762 excluditur
983 1718 1199 1776 Origenis
1226 1720 1408 1777 positio,
1435 1721 1511 1779 qui
1550 1721 1659 1766 dixit
1697 1724 1819 1782 (Περὶ
1842 1721 1960 1781 Ἀρχ.
1987 1737 2024 1768 c.
2052 1736 2089 1780 5.
2115 1722 2158 1769 6.

202 1797 240 1841 7.
255 1794 300 1828 et
321 1784 383 1842 8.)
400 1799 423 1828 a
441 1784 663 1843 principio
691 1798 852 1829 omnes
872 1785 1143 1829 substantias
1170 1786 1425 1845 spirituales
1453 1784 1857 1846 aequales'creatas
1873 1789 2026 1844 fuisse,
2041 1791 2160 1836 inter
2221 1796 2227 1798 ’

199 1865 309 1910 quas
332 1851 471 1895 etiam
495 1853 668 1895 animas
693 1862 1017 1907 connumerat3
1045 1853 1279 1897 diversitas
1298 1864 1451 1898 autem
1474 1869 1590 1913 quae
1610 1855 1656 1898 in
1672 1855 1937 1914 hujusmodi
1953 1857 2159 1902 substan·

197 1919 269 1963 tiis
294 1919 535 1972 invenitur,
563 1920 685 1976 quod
709 1919 935 1977 quaedam
963 1930 1030 1963 est
1055 1920 1180 1963 unita
1207 1921 1403 1979 corpori,
1423 1922 1648 1979 quaedam
1674 1937 1767 1967 non
1795 1923 1934 1977 unita,
1957 1933 2002 1967 et
2026 1927 2160 1983 q'uae-

198 1986 305 2028 dam
332 1985 478 2040 altior‚
506 1986 731 2043 quaedam
748 2000 857 2029 vero
884 1985 1085 2040 inferior,
1113 1988 1322 2045 provenit
1340 2002 1395 2031 ex
1413 1987 1662 2032 differentia
1680 1990 1962 2034 meritorum.
1992 1989 2158 2036 Osten-

200 2066 303 2096 sum
345 2063 411 2096 est
449 2062 602 2096 autem
644 2053 704 2109 (c.
737 2051 908 2112 46.'93.
937 2063 980 2097 et
1006 2054 1115 2112 94),
1148 2053 1266 2097 hanc
1302 2053 1604 2098 differentiam
1638 2056 1862 2114 graduum
1889 2056 2165 2103 'naturalem-

200 2133 314 2172 esse,
347 2128 391 2163 et
422 2119 542 2177 quod
567 2119 718 2163 anima
745 2134 839 2163 non
868 2129 935 2163 est
962 2121 1165 2178 ejusdem
1193 2122 1361 2178 speciei
1389 2136 1494 2164 curn
1522 2122 1781 2167 substantiis
1807 2123 2041 2181 separatis,
2072 2132 2159 2170 nec

194 2187 321 2245 ipsae
348 2186 624 2231 substantiae
648 2197 879 2245 separatae
907 2187 963 2231 ad
993 2187 1207 2242 invicem,
1234 2202 1318 2232 nec
1353 2188 1491 2232 etiam
1523 2189 1774 2234 secundum
1801 2189 2010 2236 ordinem
2033 2196 2159 2236 natu-

196 2269 272 2300 rae
301 2254 527 2314 aequales.

876 2409 1174 2467 CAPUT
1229 2411 1470 2467 XCVI.

245 2548 404 2594 QUOD
440 2548 815 2587 SUBSTANTIAE
849 2547 1161 2586 SEPARATAE
1201 2547 1318 2587 NON
1349 2547 1650 2587 ACCIPIUNT
1693 2543 2122 2588 COGNITIONEM

934 2622 1006 2659 EX
1032 2622 1410 2660 SENSIBILIBUS.

812 2725 866 2783 (I.
897 2732 1013 2785 part.
1047 2732 1171 2784 quest.
1206 2726 1302 2770 LV.
1330 2732 1412 2770 art.
1445 2725 1523 2783 2.)-

276 2837 343 2881 Ex
374 2837 634 2895 praemissis
669 2837 848 2881 ostendi
880 2846 1030 2896 potest
1057 2836 1180 2896 quod
1215 2837 1492 2882 substantiae
1532 2847 1769 2896 separatae
1800 2851 1896 2883 non
1927 2837 2156 2898 accipiunt

186 2903 513 2949 intellectivam
547 2905 875 2981 cognitionem
895 2919 949 2949 ex
980 2904 1113 2948 rebus
1141 2903 1440 2948 sensibilibus.

277 2970 520 3015 Sensibilia
548 2972 685 3025 enim,
714 2971 967 3015 secundum
993 2985 1126 3015 suam
1151 2981 1377 3026 naturam,
1396 2981 1501 3015 nata
1519 2981 1624 3016 sunt
1641 2971 1920 3031 apprehendi
1945 2985 2027 3030 per
2048 2984 2177 3021 sen·-

185 3037 446 3095 sum„sicut
462 3037 765 3096 intelligibilia
791 3052 871 3096 per
896 3037 1205 3092 intellectum;
1224 3039 1374 3082 omnis
1400 3038 1536 3097 igitur
1553 3039 1802 3084 substantia
1820 3038 2152 3099 cognoscitiva,

190 3119 244 3148 ex
269 3104 554 3148 sensibilibus
581 3105 896 3163 cognitionem
925 3105 1167 3162 accipiens,
1193 3105 1332 3149 habet
1358 3106 1671 3162 cognitionem
1704 3105 1983 3160 sensitivam,
2005 3114 2051 3152 et
2073 3119 2155 3166 per

183 3185 470 3230 consequens
497 3171 634 3216 habet
657 3185 821 3231 corpus
848 3171 1116 3216 naturaliter
1141 3171 1334 3227 unitum,
1368 3186 1472 3216 cum
1496 3173 1700 3231 cognitio
1726 3172 1943 3219 sensitiva
1967 3174 2067 3220 sine
2083 3186 2153 3219 or-

184 3252 304 3296 gano
339 3253 563 3297 corporeo
592 3253 690 3284 esse
725 3253 820 3283 non
861 3239 1019 3298 possit.
1059 3239 1345 3283 Substantiae
1389 3250 1542 3284 autem
1583 3249 1817 3299 separatae
1851 3253 1947 3285 non
1977 3239 2151 3290 habent

183 3319 376 3364 corpora
407 3306 672 3351 naturaliter
699 3307 783 3350 sibi
809 3307 948 3360 unita,
987 3316 1036 3350 ut
1062 3307 1266 3365 superius
1298 3308 1359 3365 (c,
1378 3307 1471 3366 91.)
1499 3317 1565 3351 est
1599 3317 1848 3352 ostensum.
1874 3306 1984 3352 Non
2014 3307 2151 3367 igitur

180 3372 507 3416 intellectivam
535 3374 849 3430 cognitionem
873 3388 926 3418 ex
953 3374 1083 3417 rebus
1110 3373 1394 3417 sensibilibus
1426 3384 1625 3418 sumunt

268 3439 502 3498 Amplius:
531 3439 704 3484 altioris
730 3441 906 3485 virtutis
935 3450 1115 3500 oportet
1141 3454 1239 3485 esse
1273 3440 1404 3485 altius
1438 3442 1682 3499 obiectum.
1710 3441 1866 3487 Virtus
1890 3448 2053 3487 autem
2083 3441 2151 3487 in-

180 3506 410 3550 tellectiva
437 3507 712 3552 substantiae
746 3518 980 3566 separatae
1015 3518 1081 3552 est
1108 3506 1242 3552 altior
1268 3522 1406 3567 quam
1438 3509 1505 3553 vis
1542 3508 1821 3554 intellectiva
1855 3507 2036 3555 animae
2067 3508 2150 3554 hu·

181 3586 360 3627 manae,
386 3587 526 3631 quum
549 3573 805 3618 intellectus
829 3574 1009 3619 animae
1027 3575 1257 3619 humanae
1279 3574 1338 3619 sit
1353 3574 1536 3620 infimus
1562 3575 1608 3619 in
1632 3575 1790 3620 ordine
1810 3573 2146 3629 intellectuum,
