2332 3854
252 209 362 265 274
593 227 601 234 ι
935 211 1089 250 LIBER
1129 212 1185 249 ΙΙ.
1228 211 1348 249 CAP.
1389 211 1541 251 XCIII.

250 314 472 358 sistentes.
498 312 657 359 Plures
680 327 790 374 ergo
818 314 1095 359 substantiae
1122 324 1358 373 separatae
1384 328 1483 360 esse
1504 328 1599 360 non
1620 327 1824 375 possunt,
1841 317 1929 361 nisi
1950 318 2039 363 sint
2059 317 2212 378 plures

249 380 441 438 species.
2203 416 2206 418 -

337 447 526 492 Adhuc:
555 461 870 506 quaecumque
893 457 997 491 sunt
1022 446 1144 491 idem
1171 447 1338 507 specie,
1365 432 1615 494 differentia
1637 460 1790 495 autem
1812 464 2021 507 numero,
2042 452 2213 499 habent

249 514 503 558 materiam.
537 513 804 558 Differentia
832 524 985 557 autem
1027 528 1142 572 quae
1176 528 1229 558 ex
1264 514 1412 560 forma
1445 517 1649 574 procedit
1690 517 1863 562 inducit
1903 518 2211 565 diversitatem

249 581 439 639 speciei;
463 595 578 640 quae
602 591 754 624 autem
778 590 844 624 est
867 594 921 624 ex
945 581 1135 624 materia
1156 581 1330 626 inducit
1349 582 1655 627 diversitatem
1673 584 1926 629 secundum
1941 599 2211 642 numerum;

249 647 525 692 substantiae
554 645 706 691 autem
733 659 968 705 separatae
993 659 1088 690 non
1114 648 1284 692 habent
1309 649 1499 693 omnino
1533 651 1786 705 materiam,
1822 665 1972 710 neque
2007 666 2123 711 quae
2155 653 2213 698 sit

248 728 351 773 pars
379 729 550 767 earum,
577 727 724 772 neque
752 715 825 758 cui
851 714 1064 757 uniantur
1090 724 1139 758 ut
1169 713 1361 761 formae.
1399 716 1688 774 Impossibile
1715 726 1782 761 est
1806 717 1944 776 igitur
1969 718 2093 778 quod
2115 719 2208 770 sint

248 780 399 839 plures
424 780 555 824 unius
588 780 769 838 speciei.

336 848 571 906 Amplius:
601 847 656 891 ad
689 848 781 892 hoc
807 857 912 892 sunt
936 846 1065 906 plura
1106 848 1337 894 individua
1369 850 1416 894 in
1448 865 1538 894 una
1565 851 1730 910 specie,
1761 851 1809 895 in
1835 851 1968 898 rebus
1995 853 2210 913 corrupti-

247 914 423 968 bilibus,
452 925 499 958 ut
524 925 684 957 natura
712 915 879 974 speciei
905 929 1022 974 quae
1047 929 1141 959 non
1167 926 1318 975 potest
1341 927 1561 976 perpetuo
1600 919 1863 963 conservari
1886 918 1934 964 in
1961 934 2054 964 uno
2085 919 2207 965 indi-

246 982 384 1025 viduo
419 991 711 1026 conservetur
736 983 782 1025 in
808 981 1033 1041 pluribus;
1070 983 1205 1036 unde,
1234 983 1370 1026 etiam
1397 984 1444 1028 in
1472 985 1738 1044 corporibus
1780 986 2210 1046 incorruptibilibuS,

247 1063 341 1092 non
374 1059 441 1093 est
466 1049 552 1092 nisi
585 1063 726 1092 unum
753 1049 1037 1092 individuum
1063 1049 1110 1092 in
1136 1064 1225 1093 una
1253 1051 1418 1108 specie.
1462 1051 1751 1096 Substantiae
1792 1062 1946 1097 autem
1977 1062 2212 1112 separatae

246 1126 406 1159 natura
432 1125 581 1174 potest
607 1116 869 1160 conservari
893 1116 940 1159 in
972 1130 1064 1159 uno
1091 1116 1338 1172 individuo,
1367 1131 1422 1161 eo
1450 1118 1572 1177 quod
1604 1129 1707 1163 sunt
1747 1119 2123 1178 incorruptibiles,
2163 1130 2213 1164 ut

248 1196 381 1241 supra
407 1184 467 1241 (c.
508 1182 595 1240 55.)
625 1191 858 1227 ostensum
886 1192 966 1227 est.
992 1182 1099 1226 Non
1125 1182 1261 1241 igitur
1288 1193 1466 1243 oportet
1493 1198 1591 1228 esse
1621 1184 1750 1243 plura
1775 1185 2007 1230 individua
2038 1187 2086 1231 in
2111 1185 2211 1232 >illis

249 1250 507 1293 substantiis
535 1250 740 1309 ejusdem
772 1250 953 1309 speciei.

337 1317 479 1361 Item:
507 1317 552 1361 id
580 1316 702 1396 quod
725 1319 793 1361 est
814 1317 982 1377 speciei
1016 1317 1062 1360 in
1083 1323 1366 1395 unoquoque
1394 1317 1572 1376 dignius
1599 1328 1667 1363 est
1703 1332 1758 1363 eo
1800 1319 1922 1379 quod
1954 1330 2022 1365 est
2046 1319 2203 1364 indivi-

246 1383 472 1428 duationis
510 1384 782 1442 principium
819 1392 995 1442 praeter
1021 1385 1246 1428 rationem
1274 1384 1441 1442 speciei
1464 1385 1704 1440 exsistens3
1733 1385 2081 1445 multiplicatio'
2069 1388 2206 1446 igitur

246 1451 499 1509 specierum
527 1451 628 1510 plus
656 1451 787 1495 addit
803 1451 1051 1495 nobilitatis
1080 1460 1125 1495 et
1154 1450 1446 1509 perfectionis
1473 1454 1686 1496 universo
1720 1467 1858 1512 quam
1885 1453 2204 1513 multiplicatio

245 1518 586 1562 individuorum
622 1518 668 1562 in
702 1533 792 1562 una
824 1518 987 1576 specie.
1021 1517 1247 1561 Perfectio
1282 1527 1435 1562 autem
1467 1520 1660 1563 universi
1696 1520 1895 1565 maxime
1927 1520 2135 1566 consistit
2165 1521 2212 1564 in

246 1585 504 1629 substantiis
540 1585 769 1644 separatis.
806 1585 954 1643 Magis
995 1585 1131 1643 igitur
1158 1585 1377 1643 competit
1404 1585 1458 1629 ad
1485 1585 1815 1647 perfectionem
1848 1586 2047 1632 universi
2089 1588 2213 1647 quod

247 1652 336 1696 sint
361 1651 512 1710 plures
545 1652 796 1696 secundum
830 1652 1033 1711 speciem
1070 1651 1290 1707 diversae,
1323 1667 1461 1711 quam
1488 1653 1611 1711 quod
1637 1653 1727 1697 sint
1758 1651 1930 1699 multae
1956 1653 2211 1699 secundum

246 1734 490 1764 numerum
517 1720 563 1763 in
591 1720 752 1764 eadem
779 1719 946 1778 specie.

335 1787 597 1831 Praeterea:
617 1787 893 1830 substantiae
914 1795 1147 1845 separatae
1166 1795 1271 1829 sunt
1287 1785 1582 1845 perfectiores
1601 1801 1739 1846 quam
1761 1801 1954 1847 corpora
1978 1786 2231 1833 coelestia(

249 1854 340 1898 Sed
372 1854 419 1897 in
452 1854 717 1912 corporibus
746 1852 1032 1906 coelestibus,
1073 1863 1255 1911 propter
1288 1867 1448 1896 eorum
1486 1853 1828 1912 perfectionem,
1865 1869 1959 1898 non
1985 1854 2211 1898 invenitur

247 1921 335 1964 nisi
361 1936 502 1964 unum
528 1921 813 1964 individuum
839 1920 970 1963 unius
997 1920 1179 1978 speciei,
1202 1929 1300 1963 tum
1338 1920 1442 1978 quia
1469 1921 1826 1979 unumquodque
1850 1935 2010 1965 eorum
2028 1930 2208 1965 constat

249 2001 302 2030 ex
328 1997 424 2031 tota
457 1988 646 2031 materia
673 2001 781 2030 suae
813 1987 995 2046 speciei,
1027 1996 1125 2029 tum
1159 1986 1263 2044 quia
1294 1986 1340 2028 in
1362 2001 1455 2030 uno
1486 1986 1721 2030 individuo
1750 1996 1817 2030 est
1842 1985 2042 2046 perfecte
2071 1987 2213 2031 virtus

249 2055 417 2112 speciei
434 2054 489 2098 ad
514 2053 841 2113 complendum
863 2053 974 2096 illud
1001 2053 1046 2096 in
1075 2053 1287 2096 universo
1307 2053 1362 2095 ad
1381 2053 1501 2111 quod
1526 2067 1606 2096 sua
1628 2054 1802 2111 species
1830 2054 2078 2108 ordinatur,
2095 2053 2213 2098 sicut
2236 2075 2239 2078 >

247 2123 488 2181 praecipue
515 2131 637 2181 patet
672 2121 718 2164 in
748 2121 846 2164 sole
880 2132 924 2164 et
952 2119 1072 2164 luna.
1106 2119 1253 2163 Multo
1287 2119 1424 2178 igitur
1450 2120 1597 2178 magis
1624 2120 1670 2164 in
1702 2121 1962 2166 substantiis
1994 2120 2212 2182 separatis

248 2203 342 2233 non
369 2189 594 2233 invenitur
618 2188 707 2232 nisi
731 2202 874 2231 unum
901 2186 1186 2230 individuum
1212 2186 1259 2230 in
1286 2201 1376 2230 una
1403 2186 1567 2246 specie.

978 2408 1232 2466 CAPUT
1274 2410 1478 2466 XCIV.

251 2557 411 2604 QUOD
453 2555 795 2596 SUBSTANTIA
827 2554 1106 2593 SEPARATA
1136 2555 1206 2592 ET
1239 2554 1413 2594 ANIMA
1452 2555 1569 2595 NON
1604 2555 1745 2595 SUNT
1778 2555 1944 2595 UNIUS
1978 2555 2204 2596 SPECIEI.

928 2665 1006 2722 (ΙΙ,
1042 2664 1151 2709 Sent.
1179 2663 1270 2709 dist.
1298 2679 1329 2722 3.
1353 2670 1434 2709 art.
1459 2664 1539 2722 6.).

338 2794 404 2837 Ex
435 2793 507 2836 his
545 2802 697 2836 autern
725 2791 913 2836 ulterius
956 2791 1207 2835 ostenditur
1239 2792 1362 2851 quod
1399 2791 1552 2835 anima
1584 2805 1679 2836 non
1711 2801 1779 2836 est
1809 2791 2013 2850 ejusdem
2045 2793 2212 2853 speciei

251 2876 355 2906 cum
384 2859 644 2904 substantiis
667 2859 900 2918 separatis.

338 2928 487 2986 Major
510 2927 634 2971 enim
668 2936 734 2970 est
760 2925 1012 2970 differentia
1046 2926 1227 2969 animae
1253 2925 1482 2970 humanae
1507 2940 1532 2969 a
1559 2926 1807 2970 substantia
1840 2935 2046 2985 separata
2073 2941 2211 2986 quam

251 2995 382 3038 unius
409 2994 686 3038 substantiae
712 3002 946 3051 separatae
974 2992 1027 3035 ab
1057 2991 1157 3036 alia.
1193 2992 1282 3036 Sed
1310 2992 1585 3037 substantiae
1613 3002 1845 3051 separatae
1879 3007 2041 3039 omnes
2068 2993 2162 3038 ad‘
2150 3008 2214 3039 m-

250 3061 400 3105 vicem
426 3060 577 3119 specie
604 3058 828 3113 differunt,
847 3069 895 3103 ut
912 3068 1145 3103 ostensum
1175 3069 1242 3104 est
1259 3061 1319 3118 (c.
1335 3074 1387 3120 93
1397 3060 1443 3117 .).
1466 3060 1613 3104 Multo
1639 3060 1776 3119 igitur
1791 3059 1939 3121 magis
1966 3061 2214 3144 substantia

250 3137 458 3186 separata
486 3127 538 3170 ab
568 3127 735 3171 anima.

340 3194 575 3253 Amplius:
603 3207 902 3252 unaquaeque
928 3208 1000 3238 res
1026 3193 1164 3238 habet
1194 3194 1428 3252 proprium
1456 3207 1552 3238 esse
1576 3193 1827 3238 secundum
1852 3194 2079 3239 rationem
2105 3207 2214 3239 suae

253 3262 441 3320 speciei;
469 3275 665 3320 quorum
694 3261 815 3305 enim
854 3270 921 3304 est
958 3260 1134 3304 diversa
1161 3260 1275 3304 ratio
1305 3260 1496 3315 essendi,
1513 3261 1681 3305 horum
1715 3271 1783 3306 est
1814 3260 1991 3306 diversa
2023 3261 2212 3321 species.

251 3329 360 3373 Esse
389 3339 540 3372 autem
568 3329 747 3372 animae
776 3328 1006 3371 humanae
1025 3338 1068 3372 et
1094 3327 1370 3371 substantiae
1397 3338 1630 3386 separatae
1647 3342 1741 3372 non
1761 3338 1829 3373 est
1853 3330 1985 3373 unius
2003 3328 2212 3382 rationis;

250 3410 358 3438 nam
386 3396 429 3438 in
465 3409 562 3439 esse
596 3395 887 3439 substiantiae
925 3405 1159 3454 separatae
1200 3409 1294 3438 non
1336 3405 1484 3453 potest
1518 3394 1863 3440 communicare
1897 3408 2063 3458 corpus
2097 3394 2215 3440 sicut

250 3473 400 3521 potest
427 3462 769 3507 communicare
804 3463 847 3505 in
882 3476 981 3506 esse
1010 3462 1189 3506 animae
1215 3461 1460 3516 humanae,
1498 3476 1613 3521 quae
1656 3461 1906 3507 secundum
1939 3463 2036 3514 esse
2063 3461 2215 3507 unitur

253 3529 434 3588 corpori
461 3540 509 3573 ut
534 3529 682 3574 forma
709 3529 939 3574 materiae.
969 3529 1139 3573 Anima
1165 3529 1301 3588 igitur
1326 3528 1529 3573 humana
1557 3527 1705 3574 differt
1729 3529 1880 3588 specie
1907 3542 1933 3574 a
1954 3528 2214 3576 substantiis

253 3606 484 3654 separans.
