2332 3854
749 192 902 232 LIBER
941 192 999 231 11.
1040 190 1161 231 CAP.
1202 189 1392 229 xxxm.
1948 190 1968 227 1
1979 190 2006 244 5
2016 185 2047 238 7

95 296 311 360 possibile
336 306 406 342 est
430 305 583 341 autem
598 304 787 340 naturae
813 294 1063 354 appetitum
1078 306 1250 339 vanum
1262 305 1375 339 esse.
1394 291 1592 352 Oportet
1606 290 1743 350 igitur
1759 290 1882 350 quod
1897 304 2051 336 rerum

47 393 57 411 ,-
97 363 427 440 generabilium
453 362 628 422 species
653 362 740 407 sint
766 371 1025 421 perpetuae.

58 428 66 445 ·”’
155 430 344 477 Adhuc:
369 430 408 475 si
431 438 611 489 tempus
637 438 706 473 est
730 438 1011 488 perpetuum,
1038 438 1219 487 oportet
1243 436 1423 472 motum
1445 439 1543 471 esse
1560 435 1845 485 perpetuum,
1864 438 1971 469 cum
1993 425 2050 469 sit

61 510 312 554 χαυωετυε
337 506 564 550 motuum,
601 506 647 540 et
675 509 757 554 per
787 508 1070 554 consequens
1098 494 1286 540 mobilia
1311 507 1409 539 esse
1434 502 1665 553 perpetua,
1699 506 1805 536 cum
1831 491 1888 536 sit
1924 501 2052 536 actus

65 558 80 584 ⁷*
94 564 292 611 mobilis
321 563 412 608 Sed
436 573 617 639 tempus
634 571 815 621 oportet
846 575 945 606 esse
971 572 1262 620 perpetuum.
1288 575 1383 605 non
1409 561 1532 605 enim
1557 569 1709 635 potest
1733 558 1926 617 intelligi
1952 552 2052 603 esse

57 632 74 666 ’ῖ-
93 624 289 691 tempus,
306 632 413 690 quin
440 630 497 675 sit
511 643 649 683 nunc,
670 629 787 673 sicut
816 641 901 672 nec
928 627 1048 672 linea
1074 642 1168 672 non
1195 638 1343 687 potest
1368 626 1560 686 intelligi
1584 627 1680 671 sine
1708 634 1898 685 puncto:
1925 639 2048 670 nunc

2 683 3 687 Ἰ
53 682 68 735 ἕ
97 706 250 744 autem
271 711 452 756 semper
468 704 535 742 est
555 696 656 740 finis
673 694 916 755 praeteriti,
943 703 987 738 et
1007 695 1276 753 principium
1297 693 1448 738 futuri.
1470 694 1597 738 Haec
1616 702 1683 737 est
1698 692 1822 737 enim
1839 691 2047 736 diffinitio

93 765 233 825 ipsius
263 779 399 818 nunc,
432 774 478 808 et
501 764 566 808 sic
588 762 822 822 quodlibet
851 775 971 806 nunc
999 762 1156 806 datum
1182 762 1320 806 habet
1348 771 1451 805 ante
1473 775 1522 805 se
1543 771 1723 819 tempus
1747 759 1869 819 prius
1895 769 1940 804 et
1964 773 2051 818 po-

47 830 52 843 ⁷
91 831 277 886 sterium
302 841 348 876 et
367 831 430 875 ita
445 829 623 874 nullum
650 838 799 888 potest
815 841 913 872 esse
931 828 1144 887 primum,
1170 841 1318 886 neque
1344 827 1571 872 ultimum.
1598 826 1886 886 Relinquitur
1910 826 2050 885 igitur

95 898 219 960 quod
234 897 437 951 mobilia,
454 910 570 956 quae
587 906 691 941 sunt
710 895 986 940 substantiae
1014 905 1208 948 creatae,
1233 896 1322 938 sint
1348 894 1401 937 ab
1431 904 1631 939 aeterno.

152 963 323 1010 -Itemt
357 977 495 1009 omne
528 972 709 1022 oportet
738 960 812 1006 vel
844 960 1069 1005 affirmare
1101 961 1174 1005 vel
1205 974 1388 1019 negare.
1423 961 1473 1005 Si
1503 961 1640 1020 igitur
1671 960 1728 1005 ad
1758 960 2054 1020 negationem

38 1039 51 1051 '⁴
93 1030 283 1090 alicujus
309 1030 510 1090 sequitur
535 1031 631 1088 ejus
657 1029 841 1088 positio,
868 1037 1048 1087 oportet
1071 1027 1183 1072 illud
1210 1042 1308 1072 esse
1339 1042 1536 1087 semper.
1565 1027 1771 1087 Tempus
1798 1037 1954 1074 autem
1985 1036 2054 1072 est

17 1096 19 1098 ⁷
41 1098 57 1141 ⁷.
88 1098 380 1156 ·hu5usmodi;
405 1110 514 1142 nam
540 1097 578 1141 si
599 1107 779 1155 tempus
804 1109 897 1140 non
921 1109 1101 1154 semper
1126 1094 1223 1149 fuit,
1241 1105 1310 1140 est
1327 1097 1532 1154 accipere
1548 1096 1671 1154 prius
1688 1108 1784 1139 non
1801 1109 1900 1140 esse
1911 1094 2054 1154 ipsius

37 1168 54 1219 ’χ
93 1178 232 1226 quam
257 1178 381 1219 esse3
407 1173 452 1208 et
482 1162 689 1208 similiter
714 1163 753 1207 si
785 1175 878 1206 non
915 1162 972 1207 sit
1002 1175 1184 1220 semper
1213 1161 1431 1216 futurum,
1461 1172 1642 1220 oportet
1668 1162 1792 1220 quod
1827 1176 1923 1206 non
1954 1174 2054 1206 esse

32 1228 51 1287 ζ
93 1233 191 1292 eius
216 1232 273 1276 sit
295 1231 519 1291 posterius
546 1229 603 1274 ad
625 1243 724 1275 esse
750 1231 861 1288 ejus.
889 1229 1018 1273 Prius
1048 1239 1215 1282 autem,
1242 1239 1287 1273 et
1314 1229 1537 1288 posterius
1562 1243 1657 1273 non
1683 1238 1833 1288 potest
1858 1243 1957 1274 esse
1989 1242 2055 1273 se-

34 1304 40 1331 l
94 1298 294 1344 cundum
319 1298 622 1351 durationem,
646 1297 734 1340 nisi
754 1306 934 1355 tempus
960 1296 1040 1340 sit:
1066 1310 1175 1339 nam
1192 1310 1410 1340 numerus
1426 1298 1586 1355 prioris
1604 1306 1648 1340 et
1664 1296 1928 1355 posterioris
1943 1305 2056 1340 tem-

47 1358 54 1428 ‚⁷
94 1378 179 1426 pus
199 1375 291 1410 est:
316 1373 363 1409 et
391 1366 455 1408 sic
482 1364 710 1422 oportebit
733 1373 912 1421 tempus
939 1362 1078 1407 fuisse
1105 1372 1348 1421 antequam
1381 1363 1613 1422 inciperet,
1640 1373 1685 1407 et
1719 1363 1920 1407 futurum
1956 1376 2055 1408 esse

37 1431 56 1477 ,ὖ
92 1442 335 1493 postquam
362 1431 550 1476 desinat.
580 1431 778 1490 Oportet
803 1431 938 1489 igitur
962 1441 1142 1488 tempus
1170 1444 1268 1474 esse
1296 1440 1546 1474 aeternum.
1576 1428 1781 1488 Tempus
1808 1440 1960 1475 autem
1987 1439 2056 1475 est

16 1539 20 1542 .
42 1489 59 1549 Ᾱ
93 1499 321 1553 accidens,
347 1498 469 1558 quod
495 1498 593 1543 sine
619 1498 824 1556 subjecto
852 1511 949 1541 esse
975 1511 1068 1542 non
1097 1506 1269 1554 potest3
1296 1497 1551 1554 subjectum
1578 1507 1730 1540 autem
1759 1498 1853 1555 ejus
1875 1510 1970 1542 non
1988 1506 2055 1542 est

92 1566 235 1620 DeuS,
252 1567 374 1626 quod
391 1575 461 1609 est
474 1579 610 1624 supra
631 1575 826 1624 tempus,
849 1578 954 1608 cum
972 1565 1028 1608 sit
1044 1565 1235 1608 omnino
1263 1564 1527 1617 immobilis,
1561 1574 1609 1608 ut
1636 1564 1684 1607 in
1711 1565 1860 1623 primo
1884 1566 1947 1623 (c.
1985 1578 2050 1623 13.

16 1628 54 1682 ,ζ
93 1643 139 1679 et
161 1632 249 1692 15.)
279 1633 524 1693 probatum
550 1642 630 1677 est.
657 1631 943 1691 Relinquitur
963 1631 1101 1690 igitur
1129 1630 1330 1690 aliquam
1358 1631 1656 1675 substantiam
1687 1641 1888 1676 creatam
1914 1641 2053 1676 aeter·

92 1715 203 1747 nam
220 1715 334 1747 esse.

51 1804 53 1806 -
183 1768 421 1828 Amplius:
447 1766 618 1812 multae
643 1766 979 1826 propositiones
1005 1766 1068 1810 sic
1095 1779 1143 1809 se
1164 1765 1348 1819 habent,
1368 1765 1490 1824 quod
1509 1765 1587 1824 qui
1611 1779 1688 1810 eas
1706 1774 1857 1824 negat,
1875 1776 2056 1824 oportet

35 1841 55 1895 ³]
73 1836 216 1896 'quod
241 1849 318 1880 eas
343 1845 498 1894 ponat,
525 1835 641 1878 sicut
665 1834 742 1892 qui
766 1844 904 1892 negat
929 1833 1167 1876 veritatem
1194 1846 1309 1886 esse,
1333 1833 1462 1891 ponit
1493 1836 1731 1876 veritatem
1764 1846 1892 1887 esse;
1925 1833 2055 1892 ponit

39 1931 45 1965 ¹3
91 1904 215 1948 enim
239 1916 369 1947 suam
394 1902 655 1961 negativam
683 1914 780 1945 esse
797 1915 954 1944 veram
981 1914 1117 1958 quam
1137 1898 1328 1958 profert:
1353 1909 1397 1943 et
1414 1899 1562 1943 simile
1581 1910 1648 1943 est
1669 1900 1724 1943 de
1741 1914 1797 1944 eo
1820 1900 1897 1959 qui
1912 1910 2053 1959 negat

38 1969 49 2004 J
90 1969 355 2028 hujusmodi
380 1968 666 2028 principium,
693 1968 1103 2012 contradictionem
1129 1981 1230 2010 non·
1246 1980 1345 2010 esse
1368 1966 1505 2011 simul
1530 1981 1712 2021 veram;
1735 1981 1908 2025 negans
1930 1968 2052 2012 enim

8 2052 12 2072 ³
40 2065 48 2084 «1
90 2037 199 2091 hoc,
225 2036 333 2080 dicit
357 2036 653 2095 negationem
676 2049 813 2094 quam
840 2035 968 2093 ponit
995 2048 1094 2078 esse
1121 2048 1293 2087 veram,
1321 2034 1580 2093 oppositam
1608 2044 1760 2078 autem
1788 2033 2051 2080 affirmatio-

8 2100 11 2126 ἶ
38 2115 59 2145 s
89 2117 197 2149 nem
222 2102 410 2157 falsam3
437 2112 480 2146 et
505 2102 570 2147 sic
596 2115 690 2146 non
716 2102 772 2146 de
798 2102 963 2145 eodem
989 2111 1231 2158 utrumque
1257 2100 1493 2144 verificari.
1521 2100 1571 2144 Si
1596 2101 1732 2159 igitur
1757 2101 1803 2144 id
1835 2101 1891 2145 ad
1925 2103 2052 2159 cujus

90 2170 397 2221 remotionem
416 2171 615 2228 sequitur
627 2183 709 2213 sua
722 2169 905 2226 positio,
918 2177 1099 2227 oportet
1117 2181 1214 2212 esse
1233 2181 1426 2225 semper,
1445 2177 1492 2211 ut
1506 2168 1748 2226 probatum
1761 2178 1842 2221 est,
1853 2169 2053 2227 sequitur

39 2234 67 2292 ,ᾖ
90 2238 213 2298 quod
239 2236 496 2296 praedictae
522 2236 873 2295 propositiones,
901 2245 946 2278 et
971 2249 1133 2279 omnes
1155 2248 1271 2294 quae
1305 2249 1361 2279 ex
1386 2234 1450 2278 eis
1477 2244 1739 2294 sequuntur,
1772 2235 1862 2280 sint
1892 2238 2055 2294 sempi-

45 2330 61 2359 ·;
89 2314 268 2359 ternae3
290 2304 379 2348 hae
405 2313 558 2347 autem
584 2302 919 2361 propositiones
945 2315 1040 2345 non
1062 2310 1166 2346 sunt
1187 2302 1335 2355 Deus3
1353 2315 1463 2360 ergo
1487 2311 1668 2361 oportet
1689 2301 1858 2361 aliquid
1876 2312 2054 2361 praeter

39 2367 243 2420 {Deum
269 2383 368 2415 esse
395 2379 647 2414 aeternum.

61 2443 139 2491 ζ’«ῗ
151 2436 279 2482 Hae
294 2437 444 2496 igitur,
467 2446 513 2481 et
528 2436 793 2495 hujusmodi
808 2436 1007 2480 rationes
1024 2435 1145 2480 sumi
1161 2446 1350 2529 possunt
1372 2450 1426 2481 ex
1442 2446 1568 2494 parte
1589 2446 1912 2490 creaturarum,
1931 2435 2053 2495 quod

91 2515 324 2556 creaturae
348 2504 514 2551 fuerint
539 2518 734 2563 semper.

789 2651 1044 2709 CAPUT
1085 2653 1350 2708 XXXIV.

348 2788 620 2827 RATIONES
659 2788 734 2826 AD
774 2787 1115 2827 PROBANDUM
1153 2787 1583 2826 A‘ETERNITATEM
1612 2787 1790 2827 MUNDI

654 2862 738 2899 EX
799 2862 1020 2900 PARTE
1085 2862 1259 2900 FACT
1281 2862 1503 2901 IONIS.

178 2972 375 3016 Possunt
399 2970 537 3015 etiam
563 2969 683 3014 sumi
706 2969 821 3013 aliae
842 2970 1041 3015 rationes
1058 2985 1113 3014 ex
1135 2979 1260 3029 parte
1281 2970 1423 3029 ipsius
1439 2970 1649 3015 factionis
1677 2970 1732 3014 ad
1759 2970 1883 3014 idem
1906 2979 2053 3015 osten-

51 3033 302 3095 fidendum.
327 3038 466 3091 Quod
487 3037 610 3082 enim
629 3037 682 3081 ab
701 3038 912 3081 omnibus
930 3038 1235 3081 communiter
1261 3037 1435 3090 dicitur,
1460 3037 1741 3096 impossibile
1760 3047 1828 3082 est
1851 3037 2053 3083 totaliter

20 3118 21 3121 ’
53 3118 188 3162 gesse
222 3105 410 3160 falsum3
445 3104 559 3149 falsa
591 3105 714 3149 enirn
747 3105 903 3163 opinio
936 3104 1172 3148 infirmitas
1206 3105 1430 3163 quaedam
1463 3104 1719 3148 intellectus
1753 3114 1833 3158 est,
1865 3104 1981 3149 sicut
2007 3115 2052 3150 et

55 3177 76 3237 §a
87 3170 270 3219 falsum
277 3172 497 3231 judicium
524 3171 580 3215 de
606 3171 804 3216 sensibili
831 3172 1030 3230 proprio,
1058 3186 1112 3215 ex
1144 3171 1404 3215 infirmitate
1437 3185 1596 3215 sensus
1629 3171 1813 3215 accidit.
1847 3170 2048 3216 defectus

24 3247 243 3291 &nutem
267 3252 346 3299 per
372 3238 583 3283 accidens
608 3248 726 3292 sunt,
748 3238 854 3297 quia
876 3249 1052 3296 praeter
1078 3247 1264 3282 naturae
1291 3238 1606 3283 intentionem.
1637 3237 1776 3289 Quod
1805 3247 1958 3283 autem
1981 3249 2050 3285 est

23 3300 26 3301 ⁷
89 3315 170 3367 per
194 3305 420 3359 accidens,
446 3318 541 3348 non
566 3314 717 3364 potest
741 3318 839 3349 esse
866 3319 1060 3364 semper,
1087 3314 1131 3349 et
1151 3306 1197 3348 in
1217 3306 1453 3359 omnibus3
1479 3305 1595 3348 sicut
1612 3304 1832 3362 judicium
1854 3306 1977 3363 quod
1994 3306 2050 3351 de

89 3372 325 3432 saporibus
351 3372 404 3416 ab
432 3373 559 3415 omni
581 3381 716 3430 gustu
738 3371 882 3427 datur,
907 3386 1001 3416 non
1023 3382 1173 3430 potest
1199 3386 1297 3416 esse
1319 3371 1500 3425 falsum,
1522 3372 1584 3414 ita
1606 3371 1826 3429 judicium
1852 3373 1974 3430 quod
1993 3372 2048 3417 ab

88 3439 300 3485 omnibus
326 3438 382 3483 de
408 3438 596 3483 veritate
623 3438 767 3492 datur,
788 3452 883 3482 non
909 3448 1060 3498 potest
1085 3453 1183 3483 esse
1203 3452 1460 3482 erroneum.
1480 3437 1756 3482 Communis
1779 3448 1932 3483 autem
1949 3453 2050 3484 sen-

88 3506 229 3558 tentia
255 3515 322 3551 est
347 3506 556 3550 omnium
582 3505 978 3564 philosophorum,
1008 3520 1063 3550 ex
1087 3505 1231 3549 nihilo
1264 3503 1379 3548 nihil
1409 3504 1535 3558 fieri;
1569 3514 1747 3563 oportet
1778 3505 1914 3564 igitur
1946 3520 2047 3552 esse

34 3617 72 3636 M
89 3585 263 3619 verum.
289 3571 340 3617 Si
363 3572 500 3632 igitur
525 3571 701 3632 aliquid·
719 3572 777 3617 sit
805 3571 992 3627 factum,
1024 3581 1207 3631 oportet
1231 3585 1285 3616 ex
1318 3571 1470 3631 aliquo
1497 3584 1597 3616 esse
1627 3570 1823 3628 factum;
1856 3573 1979 3633 quod
2011 3575 2047 3619 si
