2332 3854
315 189 419 258 368
959 202 1115 241 mann
1156 202 1231 240 111.
1273 202 1393 240 cAP.
1434 203 1583 242 Lvm.

401 304 454 347 In
479 317 570 361 quo
589 304 726 347 etiam
753 303 1132 347 considerandum
1155 312 1236 356 est,
1258 303 1379 360 quod
1403 303 1601 360 quodam
1624 304 1766 348 modo
1789 305 2042 356 contrarius
2063 315 2139 351 est
2150 307 2264 352 ordo

312 370 620 428 corporalium
648 381 691 414 et
716 369 1015 427 spiritualium
1050 380 1274 412 motuum.
1310 369 1536 413 Omnium
1568 371 1692 414 enim
1719 372 2031 428 corporalium
2055 382 2269 432 motuum

312 449 379 480 est
404 438 526 480 idem
552 451 743 479 numero
770 437 967 494 primum
1000 435 1267 491 subjectum,
1304 434 1415 479 fines
1451 450 1561 479 vero
1604 437 1792 482 diversi:
1830 437 2138 496 spiritualium
2152 440 2268 484 ,vtro

311 514 535 557 motuum,
558 503 731 546 scilicet
757 501 1131 544 intellectualium
1149 501 1564 558 apprehensionum
1583 511 1628 546 et
1644 503 1948 559 voluntatum,
1965 514 2069 562 sunt
2083 505 2267 563 quidem

313 568 488 612 diversa
515 569 717 626 subJecta
744 566 904 625 prima,
933 566 1033 609 finis
1064 580 1174 610 vero
1200 580 1394 617 numero
1421 567 1556 611 idem.

1076 739 1333 798 CAPUT
1366 741 1511 797 LIX.

389 876 669 921 QUOMODO
710 874 983 913 VIDENTES
1017 874 1251 913 DIVINAM
1290 874 1674 915 SUBSTANTIAM
1715 876 1893 916 OMNIA
1930 876 2192 917 VIDEANT.
2232 861 2244 865 “

927 976 985 1032 (Ι.
1011 982 1128 1035 part.
1156 983 1307 1035 quaest.
1336 976 1435 1021 XII.
1462 983 1542 1020 art.
1576 977 1654 1034 8.).

405 1086 528 1139 Quia
544 1099 654 1129 vero
669 1086 784 1130 visio
808 1086 986 1129 divinae
1003 1086 1280 1130 substantiae
1298 1096 1365 1130 est
1381 1086 1567 1130 ultimus
1583 1086 1686 1131 finis
1698 1086 1939 1144 cujuslibet
1952 1086 2269 1134 intellectualis

313 1153 602 1205 substantiae,
630 1163 678 1196 ut
699 1162 821 1211 patet
842 1167 895 1196 ex
922 1153 1052 1196 dictis
1075 1153 1132 1209 (c.
1154 1165 1222 1209 25.
1243 1163 1287 1196 et
1317 1153 1421 1210 50),
1444 1153 1594 1197 omnis
1613 1163 1766 1197 autem
1789 1167 1877 1207 res,
1896 1167 2002 1197 cum
2019 1155 2273 1212 pervenerit

315 1220 369 1263 ad
392 1220 603 1264 ultimum
631 1218 785 1273 finem,
818 1219 1008 1277 quiescit
1034 1219 1256 1277 appetitus
1289 1221 1384 1276 ejus
1417 1220 1659 1273 naturalis;
1692 1229 1874 1278 oportet
1896 1220 2021 1278 'quod
2047 1221 2271 1280 appetitus

312 1286 527 1331 naturalis
569 1286 846 1329 substantiae
886 1285 1204 1329 intellectualis
1246 1286 1447 1329 divinam
1494 1286 1792 1330 substantiam
1838 1286 2038 1345 videntis
2078 1286 2271 1331 omnino

313 1355 529 1413 quiescat.
554 1353 634 1396 Est
660 1363 811 1396 autem
840 1352 1063 1426 appetitus
1084 1351 1303 1395 naturalis
1325 1351 1598 1404 intellectus,
1625 1361 1672 1394 ut
1698 1361 1952 1410 cognoscat
1976 1351 2192 1397 omnium
2206 1366 2272 1397 re-

313 1435 414 1464 rum
441 1433 609 1478 genera
636 1429 679 1462 et
704 1419 893 1477 species,
922 1429 966 1461 et
991 1418 1192 1470 virtutes,
1221 1428 1265 1461 et
1290 1428 1439 1461 toturn
1467 1418 1675 1463 ordinem
1704 1418 1915 1471 universi,
1940 1419 2063 1494 quod
2086 1418 2272 1467 demon-

311 1496 422 1531 strat
446 1487 700 1530 humanum
726 1485 926 1529 studium
953 1499 1059 1542 erga
1092 1484 1271 1542 singula
1297 1485 1648 1560 praedictorum.
1678 1483 1919 1536 Quilibet
1907 1484 2045 1543 igitur
2069 1484 2271 1530 dimitiam

312 1553 609 1597 substantiam
631 1551 881 1595 videntium
909 1560 1159 1609 cognoscet
1185 1551 1342 1594 omnia
1367 1551 1638 1607 supradicta.

400 1619 636 1677 Amplius:
659 1620 705 1662 in
730 1618 820 1662 hoc
846 1617 1103 1662 intellectus
1131 1627 1175 1661 et
1199 1631 1359 1661 sensus
1386 1616 1547 1670 differt,
1574 1627 1622 1661 ut
1647 1624 1770 1676 patet
1789 1617 1837 1662 in
1861 1616 1996 1662 tertio
2021 1617 2101 1662 Des
2119 1617 2274 1663 anima

315 1688 366 1743 (t.
385 1701 423 1730 c.
444 1685 523 1744 7.),
549 1685 671 1744 quod
698 1698 856 1729 sensus
885 1685 938 1727 ab
966 1683 1289 1728 excellentibus
1322 1683 1606 1727 sensibilibus
1639 1683 1945 1742 corrumpitur
1973 1682 2051 1728 vel
2073 1683 2274 1731 debilitat,

312 1763 399 1805 tur,
425 1762 474 1796 ut
496 1751 791 1810 postmodum
816 1751 998 1796 minora
1019 1750 1248 1794 sensibilia
1266 1750 1499 1809 percipere
1514 1763 1608 1793 non
1630 1750 1796 1808 possit:
1822 1749 2079 1795 intellectus
2105 1750 2274 1805 autern,

308 1819 421 1878 quia
445 1832 540 1862 non
567 1818 869 1876 corrumpitur
889 1831 974 1861 nec
996 1817 1243 1875 impeditur
1259 1831 1286 1860 a
1302 1830 1386 1860 suo
1414 1817 1609 1873 object0,
1627 1816 1707 1861 sed
1723 1815 1879 1861 solum
1897 1815 2276 1876 pe1·ficitur,post-

314 1900 452 1944 quam
473 1884 695 1928 intellexit
720 1885 866 1941 majus
890 1883 1191 1941 intelligibile,
1217 1897 1312 1927 non
1339 1883 1489 1925 minus
1515 1884 1681 1940 poterit
1706 1881 1795 1926 alia
1819 1882 2275 1941 intelligibffia>·intel·

313 1952 469 2010 ligere,
495 1951 573 1994 sed
602 1950 769 2007 magis:
798 1964 1030 1993 summum
1059 1959 1211 1993 autern
1238 1950 1283 1991 in
1317 1963 1483 2006 genere
1509 1947 1964 2006 intelligibiliumest
1993 1948 2146 1997 divina
2176 1950 2278 1995 sub-

315 2018 502 2062 stantia:
535 2016 791 2060 intellectus
827 2016 964 2074 igitur
990 2016 1066 2074 qui
1091 2030 1172 2074 per
1195 2015 1353 2059 lumen
1383 2015 1588 2058 divinum
1614 2014 1814 2060 elevatur
1840 2015 1897 2060 ad
1915 2015 2180 2064 videndam
2187 2016 2275 2060 Dei

314 2084 628 2160 substantiam,
653 2082 800 2127 multo
827 2083 974 2141 magis
996 2083 1160 2127 eodem
1178 2082 1352 2126 lumine
1377 2081 1606 2141 perficitur
1625 2081 1683 2125 ad
1699 2081 1857 2127 omnia
1872 2079 1969 2128 alia
1980 2080 2276 2174 ίεϊῷξεοιιάι

315 2165 430 2210 quae
456 2162 560 2194 sunt
585 2150 630 2195 in
657 2164 808 2194 rerum
833 2160 1987 2194 natura..
2292 2151 2295 2154 ’

403 2217 594 2261 Adhuc:
621 2230 719 2260 esse
744 2215 1030 2274 intelligibile
1047 2229 1143 2260 non
1164 2224 1232 2259 est
1248 2215 1437 2259 minoris
1466 2214 1662 2259 ambitus
1678 2228 1816 2273 quam
1833 2228 1938 2259 esse
1958 2189 2180 2270 naturale,
2194 2215 2277 2262 sed

313 2282 457 2327 forte
461 2284 671 2340 majoris3
703 2281 964 2326 intellectus
990 2283 1114 2326 enim
1138 2291 1271 2326 natus
1305 2291 1373 2325 est
1405 2281 1563 2326 omnia
1594 2295 1710 2340 quae
1735 2290 1842 2327 sunt
1856 2281 1912 2326 in
1936 2295 2090 2327 rerum
2114 2291 2278 2327 natura

314 2349 591 2407 intelligere:
620 2358 665 2392 et
690 2348 914 2407 quaedam
940 2347 1153 2405 intelligit
1177 2362 1294 2407 quae
1318 2362 1414 2392 non
1438 2348 1609 2392 habent
1633 2361 1735 2392 esse
1751 2346 1975 2402 naturale,
1995 2347 2119 2393 ⁴sictut
2140 2362 2278 2408 nega-

315 2416 463 2460 tiones
496 2424 540 2459 et
570 2415 860 2473 privationes.
891 2414 1226 2472 Quaecumque
1252 2414 1387 2472 igitur
1418 2414 1703 2472 requiruntur
1737 2414 1792 2457 ad
1819 2412 2151 2472 perfectimem
2179 2429 2278 2460 esse

315 2482 547 2534 naturalis,
569 2482 856 2540 requiruntur
879 2482 934 2524 ad
956 2480 1286 2540 perfectionem
1303 2494 1402 2525 esse
1422 2479 1734 2538 intelligibilis,
1754 2479 1830 2524 vel
1853 2480 1995 2526 etiam
2010 2479 2151 2540 plura.
2169 2481 2278 2526 Per-—

314 2548 454 2593 sectio
480 2559 631 2592 autem
665 2562 763 2592 esse
794 2547 1088 2606 intelligibilis
1123 2558 1192 2592 est
1224 2562 1332 2591 cum
1355 2547 1613 2591 intellectus
1640 2547 1695 2591 ad
1727 2561 1861 2591 suum
1893 2546 2106 2592 ultimum
2137 2547 2276 2593 finem

315 2615 583 2674 pervenerit,
605 2617 721 2659 sicut
746 2614 962 2673 perfectio
985 2629 1083 2658 esse
1103 2614 1321 2658 naturalis
1342 2614 1390 2658 in
1411 2613 1508 2672 ipsa
1534 2628 1688 2659 rerum
1713 2614 2277 2661 constimtione‘eonsistit.

319 2682 491 2727 Omnia
516 2682 651 2739 igitur
677 2695 796 2740 quae
819 2682 944 2725 Deus
974 2681 1029 2725 ad
1051 2680 1379 2740 perfectionem
1406 2681 1602 2724 universi
1624 2680 1848 2739 produxit,
1870 2679 2123 2727 intellectui
2145 2694 2196 2727 se.
2217 2680 2279 2725 vi-

318 2748 439 2791 denti
466 2747 738 2792 manifestat.

406 2815 544 2858 Item:
573 2814 782 2873 quamvis
805 2813 1058 2858 videntium
1076 2814 1231 2865 Deum
1248 2827 1363 2857 unus
1383 2812 1476 2856 alio
1496 2811 1738 2872 perfectius
1755 2827 1863 2857 eum
1877 2813 2042 2874 videat,
2067 2822 2122 2858 ut·
2132 2820 2279 2859 osten-

319 2895 419 2924 sum
447 2891 514 2924 est
530 2882 590 2939 (c.
611 2894 759 2938 praec.
762 2880 798 2938 ),
819 2881 1007 2939 quilibet
1024 2890 1178 2924 tamen
1200 2881 1263 2924 ita
1284 2879 1483 2938 perfecte
1510 2894 1616 2924 eum
1642 2880 1778 2934 videt,
1799 2880 1937 2939 quod
1947 2879 2163 2939 irntpletm·
2181 2887 2279 2926 tota

319 2948 544 3006 capacitas
577 2946 806 2991 naturalis.
843 2947 969 2999 Quin
1000 2947 1147 2990 immo
1187 2947 1284 3005 ipsa
1322 2946 1438 2990 visio
1473 2960 1661 2990 ornnem
1694 2946 1993 3005 capacitatem
2021 2946 2277 2992 naturalem

289 3018 292 3020 ’
320 3014 507 3066 excedit,
530 3023 579 3057 ut
604 3023 838 3056 ostensum
862 3023 929 3056 est
947 3014 1007 3070 (c.
1041 3011 1128 3069 52.)
1158 3012 1381 3071 Oportet‘
1370 3013 1520 3070 1gitur,
1539 3012 1661 3070 quod
1684 3011 1871 3071 quilibet
1894 3012 2052 3058 videns
2077 3013 2279 3059 divinam

318 3080 615 3123 substantiam
639 3080 687 3122 in
712 3079 809 3137 ipsa
835 3079 1087 3123 substantia
1114 3088 1366 3136 cognoscat
1391 3078 1547 3122 omnia
1575 3078 1630 3121 ad
1658 3092 1775 3137 quae
1800 3092 1851 3125 se.
1875 3078 2180 3125 extenditsua
2206 3092 2279 3124 ca·

318 3146 488 3204 pacitas
514 3145 742 3190 naturalis.
764 3145 1007 3203 Capacitas
1030 3155 1184 3189 autem
1210 3143 1428 3189 naturalis
1455 3143 1694 3201 cujuslibet
1724 3143 1984 3192 intellectus
2006 3158 2064 3191 ae
2080 3145 2280 3192 extendit

319 3212 374 3255 ad
402 3212 722 3270 cognoscenda
750 3211 906 3255 omnia
934 3225 1101 3269 genera
1119 3221 1163 3256 et
1180 3211 1380 3269 species,·
1387 3221 1431 3254 et
1448 3211 1654 3255 ordinem
1681 3224 1846 3257 rerum.
1874 3209 2034 3258 Haesx’
2020 3210 2165 3304 tgittuss
2179 3211 2277 3271 qui-

319 3277 429 3321 libet
452 3279 604 3322 Deum
631 3278 914 3322 videntium
905 3292 950 3321 1n
978 3277 1129 3322 divina
1155 3276 1405 3321 substantia
1432 3286 1696 3335 cognoscet.
1824 3319 1828 3322 ,
2160 3304 2163 3310 -

410 3344 527 3388 Hinc
554 3355 622 3388 est
647 3344 768 3402 quod
801 3344 1032 3388 Dominus
1062 3343 1216 3402 Moysi
1245 3342 1414 3401 petenti
1446 3342 1628 3387 divinae
1658 3318 1935 3391 substantiae
1963 3316 2194 3404 visioqem
2214 3357 2279 3388 re·—

322 3410 503 3484 spondit
538 3410 701 3468 (Exod.
739 3410 951 3455 XXXIII.
998 3410 1108 3469 19.:)
1151 3410 1245 3468 Ego
1286 3408 1493 3454 ostendam
1535 3410 1612 3454 tibi
1651 3423 1769 3455 omne
1800 3409 1984 3463 Μήνης
2027 3419 2072 3454 et
2106 3406 2281 3467 Grego-

322 3475 412 3519 rius
439 3477 620 3534 (quarto
647 3475 830 3588 IPDialog.
859 3491 897 3520 c
928 3476 1018 3535 33.)
1056 3475 1187 3522 dicit:
1227 3490 1250 3517 «
1287 3474 1412 3527 Quid
1449 3483 1518 3519 est
1548 3475 1671 3534 quod
1696 3474 1917 3531 nesciant,
1949 3474 2028 3537 qui
2056 3473 2277 3525 samem

324 3541 479 3585 omnia
501 3542 648 3586 sciunt
702 3559 725 3582 »
2070 3579 2077 3587 ,,
