2332 3854
240 231 347 286 310
933 231 1088 270 LIBER
1126 230 1203 269 111.
1244 230 1365 270 CAP.
1406 230 1499 270 XX.

236 349 331 378 non
359 333 483 379 enim
509 333 660 379 solum
687 332 855 392 aliquid
881 333 1056 377 bonum
1088 332 1249 376 dicitur
1281 332 1388 391 quia
1420 342 1486 378 est
1516 331 1632 388 finis,
1653 331 1728 377 vel
1758 332 1866 392 quia
1891 342 1960 378 est
1989 332 2197 379 obtinens

237 400 392 456 finem,
418 401 497 446 sed
522 401 699 446 etiamsi
725 400 933 444 nondum
961 399 1016 443 ad
1042 398 1182 443 finem
1207 400 1478 458 pervenerit,
1505 400 1756 444 dummodo
1783 400 1840 444 sit
1865 400 2125 452 ordinatum
2148 400 2198 444 in

236 467 390 523 finem,
419 483 471 513 ex
498 469 589 513 hoc
611 469 712 527 ipso
739 467 902 511 dicitur
925 467 1115 510 bonum.
1141 466 1335 511 Materia
1367 481 1478 526 ergo
1509 481 1603 512 non
1633 477 1783 528 potest
1814 466 2080 525 simpliciter
2109 466 2200 512 dici

238 550 319 580 ens
347 551 399 580 ex
425 536 516 580 hoc
543 535 666 594 quod
689 544 756 578 est
781 535 984 591 potentia
1009 547 1104 587 ens,
1136 535 1182 577 in
1219 548 1309 593 quo
1346 534 1617 594 importatur
1654 535 1767 578 ordo
1802 533 1859 578 ad
1895 548 2014 589 esse;
2050 543 2200 593 potest

239 611 394 647 autem
420 616 473 646 ex
500 602 589 645 hoc
617 600 882 659 simpliciter
908 599 998 643 dici
1022 600 1145 644 bona
1171 610 1355 659 propter
1381 601 1590 646 ordinem
1614 601 1777 660 ipsum.
1804 600 1857 644 In
1889 615 1980 659 quo
2015 609 2201 660 apparet

238 669 363 729 quod
387 669 560 713 bonum
588 667 934 726 quodammodo
961 666 1195 726 amplioris
1229 678 1296 712 est
1329 668 1522 712 ambitus
1556 682 1694 727 quam
1727 681 1820 712 ens.
1854 667 2047 727 Propter
2079 666 2200 727 qumi

236 736 488 795 Dionysius
515 735 623 779 dicit
648 734 748 792 (IV,
776 748 871 792 cap.
903 734 975 777 De
1003 733 1092 778 div.
1118 734 1333 791 nomin.),
1360 735 1481 794 quod
1509 735 1722 779 «bonum
1740 749 1788 779 se
1805 734 2004 779 extendit
2020 734 2076 779 ad
2093 734 2203 780 exsi-

239 804 402 848 stentia
425 812 470 846 et
494 816 588 845 non
615 801 874 845 exsistentia
892 816 944 855 »3
972 815 1080 844 nam
1104 810 1149 845 et
1169 801 1267 860 ipsa
1292 815 1387 846 non
1414 801 1686 856 exsistentia,
1713 801 1890 846 scilicet
1914 801 2117 857 materia,
2138 815 2203 846 se-

240 870 441 915 cundum
469 868 591 927 quod
617 867 883 926 intelligitur
908 868 1151 926 privationi
1177 868 1392 927 subjecta,
1421 869 1588 928 appetit
1613 869 1803 923 bonum,
1820 867 1993 914 scilicet
2010 882 2131 923 esse;
2148 883 2202 912 ex

239 951 330 997 quo
358 945 480 995 patet
506 935 628 993 quod
657 934 796 979 etiam
823 935 879 978 sit
900 935 1047 989 bona3
1074 934 1188 978 nihil
1215 936 1337 979 enim
1365 937 1533 995 appetit
1560 935 1733 979 bonum
1757 935 1847 980 nisi
1870 935 2058 980 bonum.

329 1003 408 1047 Est
435 1013 588 1045 autem
615 1010 658 1045 et
692 1002 782 1045 alio
817 1001 958 1045 modo
997 1011 1229 1046 creaturae
1265 1003 1444 1047 bonitas
1482 1017 1508 1046 a
1550 1003 1751 1046 bonitate
1788 1003 1941 1047 divina
1974 1002 2202 1052 deficiens,

239 1070 376 1123 Nam,
399 1069 515 1113 sicut
542 1068 715 1111 dictum
743 1078 823 1122 est,
849 1068 975 1112 Deus
1001 1068 1048 1111 in
1070 1068 1169 1127 ipso
1193 1083 1277 1113 suo
1301 1084 1399 1114 esse
1422 1084 1655 1114 summam
1681 1068 2010 1128 perfectionem
2032 1069 2205 1114 obtinet

242 1136 484 1189 bonitatis;
511 1149 583 1180 res
611 1145 764 1178 autem
791 1145 942 1178 creata
969 1149 1099 1178 suam
1131 1135 1458 1194 perfectionem
1490 1150 1584 1180 non
1615 1136 1816 1195 possidet
1841 1136 1888 1179 in
1914 1150 2022 1190 uno,
2047 1135 2126 1179 sed
2157 1135 2204 1179 in

240 1203 409 1247 multis.
440 1202 579 1253 Quod
608 1201 730 1245 enim
759 1211 826 1245 est
850 1201 897 1244 in
930 1215 1145 1259 supremo
1173 1204 1365 1257 unitum,
1406 1202 1642 1261 multiplex
1673 1203 1720 1245 in
1751 1202 1919 1246 infimis
1951 1202 2205 1256 invenitur3

241 1270 360 1314 unde
387 1270 514 1313 Deus
541 1268 792 1312 secundum
819 1268 942 1312 idem
969 1269 1131 1313 dicitur
1158 1283 1258 1314 esse
1285 1270 1526 1324 virtuosus,
1553 1270 1734 1328 sapiens
1761 1279 1806 1314 et
1836 1283 2055 1328 operans;
2087 1282 2207 1313 crea-

242 1347 342 1382 tura
374 1350 499 1390 vero,
532 1335 785 1379 secundum
818 1335 1024 1390 diversa3
1057 1345 1276 1395 tantoque
1309 1336 1510 1396 perfecta
1541 1337 1720 1381 bonitas
1754 1336 1943 1395 alicujus
1973 1346 2206 1380 creaturae

243 1405 469 1462 maj0rem
496 1401 880 1461 multiplicitatem
903 1403 1090 1461 requirit
1116 1413 1285 1462 quanto
1312 1404 1458 1462 magis
1486 1418 1511 1446 a
1537 1403 1683 1462 prima
1709 1403 1911 1448 bonitate
1945 1402 2114 1448 distans
2144 1402 2208 1446 in-

241 1471 446 1525 venitur;
474 1470 511 1514 si
532 1483 641 1513 vero
669 1468 918 1528 perfectam
943 1469 1193 1514 bonitatem
1217 1485 1311 1515 non
1338 1471 1481 1530 possit
1507 1470 1743 1529 attingere,
1767 1469 2084 1530 imperfectam
2107 1468 2208 1514 reti-

244 1539 367 1583 nebit
393 1538 439 1581 in
466 1537 635 1596 paucis.
662 1536 718 1581 Et
739 1536 844 1581 inde
863 1545 929 1580 est
946 1537 1083 1595 quod,
1101 1536 1210 1582 licet
1223 1538 1423 1597 primum
1442 1547 1485 1582 et
1501 1552 1736 1582 summum
1752 1537 1928 1582 bonum
1943 1537 2000 1582 sit
2016 1526 2218 1582 omnino*

246 1605 439 1664 simplex
465 1604 831 1663 substantiaeque
865 1603 907 1647 ei
932 1604 1216 1663 propinquae
1241 1605 1288 1648 in
1313 1605 1516 1648 bonitate
1543 1606 1646 1659 sint,-
1663 1604 1830 1663 pariter
1849 1613 1893 1648 et
1914 1613 2135 1663 quantum
2153 1602 2209 1658 ad

243 1672 584 1731 simplicitatem
601 1671 794 1725 vicinae,
812 1671 996 1715 infimae
1018 1681 1174 1716 tamen
1191 1672 1466 1716 substantiae
1481 1672 1772 1716 inveniuntur
1798 1670 2100 1731 simpliciores
2115 1669 2210 1730 qui-

242 1739 434 1783 busdam
461 1738 764 1814 supe-rioribus
798 1737 876 1791 eis,
902 1738 1020 1781 sicut
1046 1738 1274 1782 elementa
1301 1737 1573 1782 animalibus
1605 1748 1650 1782 et
1674 1738 1952 1793 hominibus,
1982 1738 2088 1797 quia
2113 1750 2208 1782 non
2235 1790 2239 1792 ‚

244 1814 435 1865 possunt
466 1805 721 1864 pertingere
754 1804 810 1848 ad
842 1803 1170 1863 perfectionem
1207 1805 1482 1864 cognitionis
1517 1815 1562 1850 et
1593 1804 1847 1849 intellectus
1879 1819 2019 1864 quam
2050 1818 2210 1850 conse-

245 1883 443 1932 quuntur
465 1871 680 1916 animalia
699 1881 742 1915 et
758 1871 985 1915 homines
1003 1871 1297 1916 Manifestum
1324 1882 1390 1916 est
1407 1886 1515 1931 ergo
1543 1886 1596 1915 ex
1623 1871 1752 1915 dictis
1775 1872 1912 1931 quod,
1937 1870 2044 1916 licet
2066 1871 2209 1925 Deus,

246 1939 497 1985 secundum
524 1953 656 1982 suum
683 1930 876 1996 simplex
909 1941 1022 1994 eSse,
1048 1937 1296 1998 perfectam
1331 1949 1375 1983 et
1405 1949 1552 1983 totam
1584 1953 1715 1982 suam
1746 1938 1999 1983 bonitatem
2029 1937 2209 1992 habeat,

246 2016 478 2051 creaturae
510 2016 666 2050 tamen
693 2005 748 2049 ad
779 2005 1109 2063 perfectionem
1141 2020 1250 2050 suae
1281 2006 1496 2050 bonitatis
1528 2019 1622 2049 non
1655 2006 1915 2064 pertingunt
1945 2019 2026 2064 per
2059 2003 2211 2050 solum

248 2088 383 2118 suum
410 2087 526 2127 esse,
555 2071 633 2116 sed
659 2087 739 2131 per
764 2072 908 2131 plura.
935 2073 1084 2127 Unde,
1111 2072 1217 2118 licet
1244 2073 1472 2132 quaelibet
1497 2087 1655 2117 earum
1687 2074 1745 2117 sit
1768 2073 1927 2117 bona'
1915 2087 1964 2117 m
1989 2082 2210 2132 quantum

246 2151 327 2195 est,
354 2154 449 2184 non
474 2149 630 2184 tamen
656 2149 807 2198 potest
827 2139 1094 2198 simpliciter
1119 2139 1240 2184 bona
1263 2140 1366 2194 dici,
1393 2141 1430 2184 si
1453 2140 1550 2184 aliis
1578 2149 1730 2184 careat
1751 2153 1867 2199 quae
1893 2139 1950 2184 ad
1974 2140 2113 2199 ipsius
2133 2138 2211 2184 bo-

248 2209 440 2252 nitatem
471 2207 783 2266 requiruntur3
817 2207 933 2251 sicut
964 2207 1110 2250 homo
1137 2207 1228 2266 qui,
1260 2207 1424 2251 virtute
1457 2207 1692 2266 spoliatus,
1718 2207 1838 2251 vitiis
1870 2217 1939 2252 est
1969 2207 2211 2266 subjectus,

246 2275 410 2319 dicitur
427 2274 611 2334 quidem
627 2274 774 2318 bonus
787 2273 1040 2318 secundum
1058 2275 1179 2333 quid,
1193 2273 1367 2319 scilicet
1382 2275 1430 2318 in
1447 2285 1668 2334 quantum
1682 2284 1749 2319 est
1765 2289 1859 2329 ens,
1871 2274 1973 2319 etin
1990 2284 2210 2334 quantum

248 2352 315 2387 est
339 2342 501 2395 homo,
526 2355 621 2385 non
642 2351 796 2385 tamen
822 2341 969 2385 bonus
997 2341 1274 2400 simpliciter,
1297 2342 1376 2386 sed
1404 2343 1550 2400 magis
1568 2342 1730 2386 malus.
1747 2342 1855 2387 Non
1869 2341 2006 2401 igitur
2027 2340 2212 2386 cuilibet

249 2419 558 2454 creaturarum
589 2407 714 2452 idem
746 2416 814 2451 est
836 2421 932 2451 esse
961 2417 1004 2451 et
1029 2408 1203 2451 bonum
1231 2422 1328 2453 esse
1355 2408 1635 2468 simpliciter,
1660 2408 1768 2453 licet
1794 2408 2022 2468 quaelibet
2053 2422 2210 2453 earum

246 2477 368 2520 bona
390 2475 448 2519 sit
471 2475 518 2518 in
545 2484 765 2533 quantum
792 2484 881 2528 est;
905 2474 1009 2518 Deo
1026 2489 1135 2518 vero
1159 2475 1424 2534 simpliciter
1439 2476 1485 2519 id
1507 2486 1574 2520 est
1601 2490 1699 2520 esse
1727 2486 1771 2520 et
1792 2490 1890 2520 esse
1911 2476 2086 2520 bonum
2107 2475 2211 2520 sim·

248 2543 438 2620 pliciter.
462 2542 512 2586 Si
538 2551 692 2585 autem
718 2555 788 2586 res
815 2541 1043 2600 quaelibet
1063 2543 1267 2586 tenditin
1290 2542 1470 2587 divinae
1490 2543 1704 2607 bonitatis
1730 2541 2074 2587 similitudinem
2094 2542 2212 2588 sicut

249 2612 294 2654 in
318 2609 483 2654 finem·
512 2608 690 2653 divinae
710 2618 863 2652 autem
884 2608 1076 2653 bonitati
1099 2609 1373 2654 assimilatur
1395 2609 1564 2668 aliquid
1587 2602 1807 2668 quantum
1834 2609 1890 2654 ad
1916 2611 2074 2654 omnia
2093 2623 2210 2669 quae

250 2677 305 2721 ad
324 2676 556 2736 propriam
569 2676 794 2734 pertinent
814 2675 1091 2730 bonitatem;
1105 2676 1285 2721 bonitas
1304 2687 1457 2721 autem
1470 2677 1535 2721 rei
1547 2691 1640 2721 non
1655 2676 1835 2721 solum'
1823 2691 1871 2721 m
1887 2690 1986 2722 esse
1998 2690 2084 2722 suo
2106 2690 2212 2721 c-on

249 2745 376 2798 sistit,
395 2743 496 2787 sed
486 2758 532 2786 m
547 2743 758 2787 omnibus
773 2741 1005 2802 aliislquae
1025 2743 1078 2786 ad
1098 2757 1227 2787 suam
1246 2743 1574 2802 perfectionem
1593 2744 1893 2803 requiruntur,
1913 2754 1959 2789 ut
1977 2753 2211 2789 ostensum

250 2821 330 2865 est,
358 2809 651 2855 manifestum
685 2820 752 2854 est
778 2810 898 2869 quod
925 2824 995 2854 res
1024 2810 1256 2855 ordinatur
1282 2812 1326 2854 in
1353 2811 1506 2855 Deum
1538 2812 1654 2855 sicut
1677 2811 1725 2855 in
1751 2810 1905 2867 finem,
1931 2825 2026 2855 non
2052 2810 2208 2857 solum

250 2878 503 2922 secundum
532 2892 631 2922 esse
658 2876 966 2932 substantiale,
994 2877 1073 2922 sed
1101 2878 1239 2921 etiam
1265 2878 1518 2922 secundum
1544 2892 1598 2923 ea
1624 2892 1740 2955 quae
1773 2878 1816 2922 ei
1848 2878 2061 2923 accidunt
2083 2877 2214 2937 perti·

250 2945 404 2989 nentia
423 2945 478 2988 ad
495 2943 852 3003 perfectionem
842 2946 994 3003 ipsius,
1019 2954 1063 2989 et
1081 2947 1219 2990 etiarn
1232 2946 1484 2991 secundum
1502 2946 1734 3005 propriam
1748 2945 2078 3006 operationem,
2093 2958 2210 3004 quae

252 3011 391 3056 etiam
417 3012 610 3071 pertinet
637 3011 693 3056 ad
714 3010 1043 3071 perfectionem
1065 3013 1144 3057 rei

1010 3168 1264 3224 CAPUT
1305 3169 1460 3225 XXI.

639 3302 797 3349 QUOD
846 3304 940 3342 RES
993 3303 1319 3344 INTENDUNT
1366 3303 1671 3344 ASSIMILARI
1719 3303 1834 3343 DBO

799 3378 855 3417 IN
896 3377 1012 3416 HOC
1054 3378 1212 3423 QUOD
1262 3379 1403 3417 SUNT
1446 3378 1674 3417 CAUSAE.

344 3479 408 3523 Ex
433 3479 504 3523 his
537 3488 690 3523 autem
723 3488 910 3538 apparet
941 3478 1063 3538 quod
1097 3493 1167 3524 res
1198 3478 1437 3524 intendunt
1469 3479 1671 3524 divinam
1704 3461 2046 3526 similitudinem
2073 3477 2212 3528 etiam

253 3546 299 3589 in
332 3545 422 3590 hoc
449 3545 571 3604 quod
598 3555 702 3590 sunt
727 3559 891 3590 causae
920 3546 1129 3591 aliorum.

346 3610 515 3657 Tendit
540 3612 664 3656 enim
690 3611 736 3656 in
763 3612 963 3657 divinam
989 3611 1332 3659 similitudinem
1349 3626 1419 3659 res
1446 3622 1597 3659 creata
1622 3626 1703 3672 per
1727 3626 1859 3660 suam
1882 3610 2212 3672 operationem.

2292 3466 2308 3481 «⁵¹1

2290 3482 2306 3494 C»

2293 3510 2307 3526 Σ.

2299 3528 2303 3533 .
2327 3527 2332 3550 ἵ.

2289 3568 2302 3586 :2
2309 3553 2332 3732 ἐ

2292 3599 2300 3616 ,ἱ
