2332 3854
295 176 403 231 626
973 187 1129 226 LIBER
1167 186 1240 224 ιν.
1282 186 1402 225 CAP.
1442 186 1531 225 ιιι..

382 290 617 348 Amplius:
644 290 710 334 rei
736 290 868 333 unius
895 298 939 332 et
965 287 1170 346 ejusdem
1194 301 1289 331 non
1316 298 1382 332 est
1406 288 1496 332 nisi
1507 301 1654 332 >unum
1669 289 1778 347 quod
1793 290 1893 347 quid
1907 297 1990 342 ειη
2015 290 2108 336 hoc
2122 291 2247 337 enim

292 357 517 416 significat
541 356 837 401 substantiam
873 357 951 408 rei,
979 368 1094 413 quae
1121 353 1253 398 unius
1279 368 1370 398 una
1397 364 1476 398 est.
1504 354 1594 399 Sed
1625 364 1785 399 natura
1818 355 2056 413 cujuslibet
2082 357 2150 402 rei
2177 367 2250 403 est

291 424 400 482 quod
421 424 519 482 quid
540 430 596 467 est
621 425 741 480 ejus;
769 431 928 465 natura
955 421 1079 464 enim
1103 420 1170 463 rei
1196 430 1263 464 est
1289 434 1428 478 quarn
1452 420 1677 478 significat
1708 420 1916 466 diffinitio
1961 423 2249 481 Impossibile

292 499 360 534 est
383 490 534 547 igitur,
561 499 609 532 ut
634 489 824 541 videtur,
851 488 973 545 quod
1000 501 1090 530 una
1115 487 1373 545 hypostasis
1399 487 1446 530 in
1472 487 1644 531 duabus
1666 488 1837 532 naturis
1864 489 2109 534 subsistat„
2169 528 2173 531 ,

377 557 638 600 Praeterea:
665 555 711 597 in
738 554 808 596 his
831 567 947 611 quae
970 562 1074 596 sunt
1097 553 1193 597 sine
1221 554 1425 607 materia,
1450 567 1545 597 non
1571 564 1720 612 potest
1746 567 1843 597 esse
1870 553 1991 598 aliud
2017 554 2244 613 quidditas

290 623 369 676 rei,
395 632 439 666 et
466 621 586 664 aliud
619 634 704 672 res,
731 630 779 663 ut
805 633 940 678 supra
967 619 1087 676 (Lib.
1115 620 1148 662 Ι.
1177 633 1218 663 c.
1244 632 1313 663 21.
1347 629 1392 664 et
1417 621 1512 676 22.)
1538 630 1773 664 ostensum
1805 630 1900 675 est;
1934 631 1979 665 et
2009 621 2251 681 hocwprae-

292 689 421 747 cipue
450 697 515 730 est
535 688 581 729 in
607 687 725 739 Deo,
754 686 830 744 qui
852 699 946 729 non
974 695 1042 730 est
1066 685 1217 729 solum
1241 699 1322 730 sua
1347 686 1587 745 quidditas,
1610 688 1688 731 sed
1711 687 1850 731 etiam
1867 701 2002 732 suum
2027 701 2141 733 esse.
2155 688 2251 734 Sed

291 756 491 798 humana
517 763 678 796 natura
705 766 799 796 non
827 762 978 809 potest
1003 766 1102 796 esse
1123 752 1245 796 idem
1272 753 1395 811 quod
1421 753 1573 796 divina
1598 753 1869 812 hypostasis.
1887 753 2019 812 *Ergo
2044 754 2251 813 impossi-

290 820 379 864 bile
406 834 504 863 esse
531 819 708 863 videtur
730 819 852 877 quod
880 819 1033 862 divina
1058 819 1320 878 hypostasis
1345 819 1560 863 subsistat
1581 819 1627 862 in
1654 819 1858 863 humana
1877 830 2051 864 natura.

380 887 519 930 Item:
552 896 711 928 natura
745 894 811 929 est
846 885 1098 944 simplicior
1124 895 1167 929 et
1191 884 1430 929 formalior
1460 885 1697 944 hypostasi
1721 899 1839 944 quae
1863 885 1925 930 in·⁴
1942 899 2000 930 ea
2028 886 2251 942 subsistit3

291 968 399 998 nam
432 967 511 1012 per
544 952 823 996 additionem
857 952 1047 1010 alicujus
1080 951 1341 1005 materialis,
1373 961 1534 995 natura
1567 952 1828 996 communis
1856 952 2164 998 individuatur
2194 953 2251 998 ad

290 1021 409 1064 hanc
436 1019 736 1096 hypostasim.
765 1019 814 1062 Si
838 1019 975 1077 igitur
1001 1019 1154 1062 divina
1179 1019 1438 1078 hypostasis
1463 1018 1677 1062 subsistat
1699 1019 1746 1062 in
1771 1019 1975 1064 humana
1994 1029 2169 1074 natura,
2190 1020 2252 1064 vi·

291 1088 420 1131 detur
436 1087 564 1144 sequi
586 1086 708 1145 quod
725 1086 928 1129 humana
946 1096 1105 1129 natura
1123 1085 1180 1129 sit
1201 1085 1454 1144 simplicior
1471 1094 1516 1128 et
1529 1083 1769 1129 formalior
1788 1098 1926 1144 quam
1943 1085 2095 1131 divina
2110 1085 2252 1146 hypo·

291 1154 445 1208 stasis;
474 1154 606 1229 quod.
623 1162 691 1197 est
716 1153 908 1196 omnino
934 1151 1229 1211 impossibile.
2074 1176 2077 1180 -

379 1220 569 1265 Adhuc:
595 1220 643 1262 in
667 1219 738 1263 his
771 1219 920 1263 solum
949 1233 1067 1277 quae
1100 1227 1205 1262 sunt
1229 1232 1283 1262 ex
1316 1217 1508 1262 materia
1533 1227 1578 1262 et
1601 1216 1751 1262 forma
1777 1219 2046 1278 composita,
2072 1195 2252 1264 differre
2326 1206 2332 1210 ᾤ

289 1289 516 1334 invenitur
541 1287 785 1346 singulare,
810 1297 857 1331 et
879 1286 1103 1345 quidditas
1131 1288 1243 1344 ejus,
1271 1299 1324 1328 ex
1351 1299 1407 1328 eo
1433 1284 1556 1343 quod
1582 1284 1811 1343 singulare
1833 1295 1902 1339 est
1921 1285 2252 1330 individuarum

291 1369 372 1414 per
398 1355 637 1398 materiam
664 1354 964 1412 designatam,
988 1366 1103 1411 quae
1120 1353 1166 1395 in
1189 1351 1437 1410 quidditate
1455 1361 1501 1395 et
1516 1360 1678 1395 natura
1693 1351 1862 1410 speciei
1877 1365 1972 1396 non
1987 1351 2252 1406 includitur;

292 1423 339 1466 in
366 1422 623 1480 signatione
650 1422 773 1465 enim
807 1421 1008 1464 Socratis
1041 1419 1284 1463 includitur
1315 1418 1429 1462 haec
1462 1418 1667 1472 materia,
1698 1431 1795 1462 non
1825 1428 1980 1469 autem
2003 1418 2059 1462 in.
2076 1419 2252 1464 ratione

294 1489 525 1533 humanae
550 1497 752 1531 naturae.
782 1487 950 1532 Omnis
981 1486 1117 1544 igitur
1141 1485 1400 1544 hypostasis
1425 1484 1472 1527 in
1497 1494 1658 1538 natura
1683 1484 1886 1529 humana
1902 1485 2167 1530 ,subsistens
2183 1496 2253 1531 est
2330 1531 2332 1533 ,

296 1557 540 1600 constituta
567 1569 647 1631 per
673 1554 913 1598 materiam
938 1553 1189 1612 signatam3
1216 1552 1338 1611 quod
1365 1552 1421 1595 de
1443 1551 1594 1595 divina
1615 1551 1852 1609 hypostasi
1873 1551 1964 1596 dici
1976 1565 2073 1596 non
2089 1560 2253 1629 potest.
2327 1601 2330 1604 Α

295 1623 404 1667 Νοιι
431 1632 499 1666 est
523 1622 660 1680 igitur
685 1620 915 1680 possibile,
947 1630 996 1664 ut
1026 1620 1217 1673 videtur,
1250 1618 1373 1678 quod
1396 1617 1654 1678 hypostasis
1680 1617 1820 1662 Verbi
1847 1618 1940 1663 Dei
1962 1618 2218 1664 subsistat
2194 1632 2253 1690 ιιι

298 1689 500 1733 humana
525 1698 700 1732 natura.
2048 1719 2049 1723 ,

381 1754 616 1813 Amplius.
645 1754 798 1797 anima
825 1763 869 1798 et
891 1767 1056 1811 corpus
1083 1754 1128 1796 in
1156 1752 1343 1797 Christo
1369 1765 1463 1795 non
1485 1750 1666 1795 fuerunt
1690 1751 1882 1796 minoris
1906 1751 2084 1797 virtutis
2109 1764 2250 1812 quam
2324 1754 2328 1811 ]

294 1822 342 1866 in
369 1821 467 1867 aliis
492 1821 769 1865 hominibus.
798 1820 888 1864 Sed
914 1820 961 1863 in
988 1819 1087 1863 aliis
1112 1819 1376 1863 hominibus
1403 1832 1456 1861 ex
1482 1832 1564 1861 sua
1590 1818 1759 1862 unione
1785 1818 2068 1863 constituunt
2083 1833 2253 1879 xsuppo·
2330 1853 2332 1855 -

295 1889 447 1942 situm,
474 1887 775 1946 hypostasim,
804 1896 848 1931 et
880 1900 1138 1944 personam.
1174 1886 1316 1943 Igitur
1348 1894 1391 1928 et
1421 1884 1469 1927 in
1501 1884 1686 1928 Christo
1720 1899 1777 1940 ex·
1804 1886 1972 1929 unione
1997 1885 2177 1930 animae
2209 1896 2256 1931 et
2323 1883 2332 1951 ‚²⁷

294 1955 498 2014 corporis
526 1954 815 1998 constituitur
839 1953 1140 2011 suppositum,
1166 1951 1440 2011 hypostasis,
1464 1961 1509 1994 et
1535 1965 1743 2009 persona.
1769 1951 1881 1996 Non
1908 1961 2063 1996 autem
2079 1965 2255 2012 ..suppo-
2326 1985 2332 2012 ἔ

295 2023 446 2074 situm,
473 2021 746 2080 hypostasis,
774 2031 819 2064 et
844 2034 1039 2078 persona
1071 2019 1210 2063 Verbi
1226 2019 1328 2071 Dei,
1355 2032 1471 2076 quae
1497 2026 1564 2061 est
1590 2027 1786 2061 aeterna.
1817 2018 1960 2076 Igitur
1983 2019 2031 2062 in
2059 2018 2252 2065 Christo

292 2097 362 2132 est
383 2087 502 2130 aliud
529 2089 826 2145 suppositum,
853 2086 1126 2145 hypostasis,
1144 2095 1186 2129 et
1209 2098 1417 2144 persona,
1434 2094 1612 2143 praeter
1628 2084 1930 2143 suppositum,
1950 2084 2252 2144 hypostasim,
2286 2110 2288 2112 >
2310 2113 2325 2142 3

298 2164 342 2198 et
362 2168 607 2213 personam
633 2154 774 2198 Verbi
796 2154 895 2208 Dei,
919 2166 968 2197 ut
989 2153 1179 2196 videtur.
2000 2188 2003 2193 .

382 2221 647 2264 Praeterea.
672 2220 788 2264 sicut
810 2234 864 2263 ex
887 2219 1040 2262 anima
1062 2229 1106 2263 et
1131 2232 1323 2277 corpore
1346 2218 1633 2262 constituitur
1654 2218 1858 2262 humana
1881 2228 2044 2263 natura
2063 2219 2114 2264 in
2125 2233 2254 2264 &com
2315 2263 2318 2266 ,

293 2287 433 2342 muni,
457 2287 520 2330 ita
546 2301 600 2330 ex
621 2286 708 2330 hac
737 2288 890 2330 anima
923 2296 968 2329 et
999 2301 1052 2329 ex
1083 2286 1174 2328 hoc
1199 2299 1392 2344 corpore
1425 2285 1712 2329 constituitur
1743 2286 1817 2329 hic
1850 2285 2010 2340 homo,
2033 2286 2156 2344 quod
2187 2295 2256 2331 est

291 2354 549 2412 hypostasis
571 2353 787 2397 hominis.
813 2352 937 2396 Sed'
925 2367 972 2396 in
997 2343 1183 2396 Christo
1205 2351 1290 2395 fuit
1314 2352 1429 2396 haec
1453 2353 1606 2395 anima
1632 2362 1676 2396 et
1708 2352 1799 2396 hoc
1823 2365 2001 2410 corpus.
2027 2353 2169 2412 Igitur
2199 2366 2254 2397 ex
2315 2374 2323 2415 „ss

293 2434 454 2465 eorum
476 2420 645 2464 unione
669 2421 914 2463 constituta
934 2429 1001 2462 est
1026 2418 1299 2477 hypostasis,
1327 2428 1376 2462 ut
1401 2418 1598 2472 videtur3
1623 2428 1667 2462 et
1687 2419 1752 2462 sic
1774 2419 1899 2462 idem
1925 2419 2047 2478 quod
2073 2419 2209 2478 prius.
2312 2419 2325 2466 ,Γ

380 2487 519 2530 Item:
543 2486 618 2530 hic
641 2486 785 2530 homo
809 2486 883 2544 qui
912 2495 979 2529 est
1007 2485 1230 2539 Christus,
1257 2495 1392 2543 prout
1424 2485 1735 2529 consideratur
1766 2499 1822 2529 ex
1847 2485 2000 2531 anima
2031 2485 2182 2530 solun:
2208 2495 2255 2531 et
2307 2478 2321 2538 ς’

293 2566 427 2596 carne
451 2552 719 2606 consistens,
742 2561 808 2596 est
835 2551 1057 2609 quaedam
1081 2551 1344 2597 substantia.
1369 2551 1476 2595 Non
1499 2561 1653 2596 autem
1675 2551 1957 2596 universalis.
1980 2552 2103 2637 Ergo
2123 2552 2255 2629 parti·
2306 2545 2319 2586 ³⁷

293 2619 481 2673 cularis;
505 2633 614 2677 ergo
643 2630 711 2663 est
731 2618 1006 2677 hypostasis.
2304 2653 2317 2678 ³,

380 2686 572 2729 Adhuc:
600 2686 638 2729 si
664 2685 786 2729 idem
813 2694 880 2728 est
905 2684 1190 2743 suppositum
1216 2685 1447 2728 humanae
1479 2694 1524 2728 et
1549 2684 1730 2728 divinae
1760 2695 1949 2739 naturae
1965 2685 2022 2737 ιιι
2044 2683 2253 2740 Christo,
2309 2720 2314 2744 3

293 2763 472 2811 oportet
498 2753 620 2810 quod
646 2752 702 2795 de
728 2751 961 2796 intellectu
988 2751 1190 2795 hominis
1209 2751 1286 2808 qui
1303 2761 1370 2795 est
1391 2751 1601 2795 Christus
1619 2752 1677 2795 sit
1691 2751 1953 2812 hypostasis
1966 2751 2131 2797 divina.
2144 2751 2253 2798 Non
2310 2780 2315 2803 >3

293 2829 445 2863 autem
473 2829 540 2863 est
566 2819 619 2862 de
646 2818 878 2862 intellectu
906 2817 1102 2861 aliorum
1120 2818 1376 2861 hominum
1397 2818 1552 2861 Homo
1569 2818 1706 2876 igitur
1724 2818 1975 2877 aequivoce
1991 2818 2050 2862 de
2066 2817 2252 2903 Christo
2303 2821 2307 2823 ⁷

293 2885 466 2929 dicetur
493 2895 536 2929 et
563 2885 686 2940 aliis3
714 2895 758 2929 et
780 2886 842 2930 sic
870 2898 965 2928 non
988 2885 1071 2928 erit
1103 2885 1309 2943 ejusdem
1336 2885 1506 2943 speciei
1527 2885 1782 2928 nobiscum.

315 2972 317 2975 ·
382 2952 616 3011 Amplius.
644 2952 689 2995 in
715 2952 901 2996 Christo
925 2951 1007 2995 tria
1039 2950 1343 3005 inveniuntur,
1375 2961 1423 2994 ut
1455 2965 1509 2994 ex
1535 2951 1666 2995 dictis
1698 2952 1759 3008 (c.
1788 2951 1880 3009 28)
1912 2961 2047 3010 patet,
2079 2951 2254 2997 scilicet

294 3033 474 3076 corpus,
502 3019 668 3072 anima,
686 3028 729 3062 et
756 3018 978 3062 divinitas.
1003 3017 1173 3061 Anima
1196 3027 1363 3071 autem,
1390 3031 1530 3075 quum
1557 3018 1615 3062 sit
1639 3017 1836 3062 nobilior
1857 3031 2170 3078 corpore,non
2187 3028 2255 3063 est
2290 3024 2306 3040 ³

294 3087 577 3144 suppositum
601 3085 817 3143 corporis,
840 3085 917 3129 sed
945 3085 1091 3142 magis
1117 3084 1267 3128 forma
1284 3085 1393 3142 ejuS.
1415 3084 1576 3142 Neque
1604 3085 1739 3143 igitur
1755 3084 1799 3129 id
1816 3085 1939 3144 quod
1960 3095 2030 3130 est
2049 3086 2253 3130 divinum

295 3163 361 3196 est
387 3154 672 3210 suppositum
699 3152 929 3195 humanae
951 3162 1154 3204 naturae,
1181 3150 1259 3195 sed
1288 3151 1433 3208 magis
1461 3150 1714 3195 formaliter
1738 3164 1786 3196 se
1813 3151 1984 3196 habens
2010 3151 2066 3196 ad
2091 3153 2253 3212 ipsium
2304 3154 2319 3172 ⁵

385 3219 648 3263 Praeterea:
683 3233 821 3262 omne
861 3219 982 3277 quod
1022 3218 1203 3261 advenit
1236 3217 1371 3260 alicui
1402 3227 1505 3275 post
1538 3231 1636 3261 esse
1669 3218 1967 3277 completum,
1998 3218 2206 3263 advenit
2203 3218 2254 3273 ιιι
2287 3222 2313 3277 ἶ,

295 3286 647 3330 accidentaliter.
672 3285 777 3338 Sed,
805 3298 946 3343 quum
969 3284 1174 3328 Verbum
1199 3284 1288 3327 Dei
1314 3284 1369 3327 sit
1396 3284 1449 3327 ab
1485 3294 1685 3338 aeterno,
1712 3282 2006 3329 manifestum
2032 3293 2099 3330 est
2129 3283 2252 3344 quod
2272 3282 2289 3342 J
2320 3293 2323 3295 ’

297 3366 403 3396 caro
428 3362 658 3412 assumpta
672 3352 851 3395 advenit
865 3352 904 3395 ei
923 3361 1026 3410 post
1048 3365 1145 3395 esse
1169 3350 1464 3409 completum.
1481 3350 1621 3410 Igitur
1640 3350 1823 3395 advenit
1843 3350 1897 3395 ei
1901 3350 2286 3398 accidentalium·
2277 3399 2306 3419 ζ,
