2332 3854
216 231 327 286 474
875 225 1028 264 ιιΒΕιι
1067 224 1144 263 111.
1186 224 1305 263 cAP.
1347 223 1518 262 cxxu.

216 342 437 391 quantum
471 331 526 375 ad
553 330 778 374 animam:
806 343 914 373 nam
937 327 1025 372 alia
1049 326 1264 371 animalia
1289 326 1554 371 naturaliter
1577 325 1746 370 habent
1766 339 1871 371 suas
1896 325 2173 385 prudentias,

177 444 191 456 x
215 399 377 458 quibus
410 398 493 442 sibi
519 397 756 457 providere
788 395 986 455 possint3
1019 394 1166 438 homo
1207 403 1359 438 autem
1400 393 1576 437 ratione
1607 393 1733 447 vivit,
1764 405 1903 451 quem
1935 405 2027 451 per
2045 390 2175 450 longi

216 467 435 523 temporis
462 464 821 523 experimentum
849 460 904 504 ad
930 460 1215 518 prudentiam
1241 459 1476 536 pervenire
1502 468 1703 519 oportet:
1738 458 1857 503 unde
1888 470 2076 503 necesse
2106 466 2177 503 est

218 543 267 577 ιιι
289 532 371 576 filii
404 546 430 575 a
455 531 715 590 parentibus
746 528 875 587 quasi
899 528 992 586 iam
1021 527 1213 586 expertis
1239 527 1530 580 instruantur,
1567 539 1652 571 nec
1693 525 1828 584 hujus
1862 523 2176 573 instructionis

216 609 320 644 sunt
346 612 536 657 capaces
569 610 677 640 mox
711 594 865 653 geniti,
893 593 971 637 sed
1003 603 1108 652 post
1142 593 1333 652 longum
1373 603 1569 652 tempus,
1602 602 1647 636 et
1685 592 1936 651 praecipue·
1970 590 2175 636 cumtvnd

218 679 362 709 annos
389 664 672 708 discretionis
698 660 998 719 pervenerint.
1021 660 1094 704 Ad
1116 660 1236 703 hanc
1259 659 1396 704 etiam
1418 659 1763 704 instructionem
1784 657 1978 717 longum
1998 667 2177 717 tempus

217 731 480 808 retquiritur3
504 740 548 773 et
572 739 679 773 tunc
708 728 845 772 etiam
868 736 1052 785 propter
1073 726 1271 786 impetus
1293 726 1573 786 passionum,
1595 725 1756 784 quibus
1783 724 2087 784 corrumpitur
2107 735 2178 768 ae·

217 798 418 842 stimatio
445 796 723 855 prudentiae,
750 794 924 851 indiget
948 807 1043 837 non
1075 793 1228 837 solum
1254 793 1565 847 instructione,
1591 792 1669 836 sed
1697 791 1834 836 etiam
1875 790 2176 850 repressione.

218 865 291 909 Ad
317 865 408 907 hoc
436 873 587 906 autem
620 860 783 905 mulier
809 859 908 904 sola
943 874 1039 904 non
1071 858 1250 914 sufficit,
1283 859 1361 904 sed
1396 859 1544 917 magis
1584 859 1632 902 ιιι
1657 858 1748 903 hoc
1790 857 2032 918 requiritur
2062 862 2177 917 opus

219 931 371 985 maris,
397 929 445 974 in
472 943 562 988 quo
591 938 658 972 est
684 937 727 971 et
753 927 868 971 ratio
894 926 1137 985 perfectior
1170 926 1226 970 ad
1251 926 1580 979 instruendum,
1614 935 1658 970 et
1688 925 1830 970 virtus
1861 924 2091 984 potentior
2121 923 2179 968 ad

219 997 549 1073 castigandum.
580 996 778 1054 Oportet
802 994 938 1052 igitur
964 993 1011 1037 in
1033 993 1182 1051 specie
1207 993 1411 1037 humana
1435 1006 1530 1036 non
1555 1006 1745 1052 parvum
1772 1002 1952 1051 tempus
1972 986 2179 1036 insistere

216 1064 500 1123 promotioni
530 1062 686 1122 prolis,
713 1061 830 1105 sicut
863 1061 910 1104 in
953 1060 1122 1115 avibus,
1154 1059 1233 1104 sed
1265 1074 1345 1119 per
1386 1073 1607 1119 magnum
1639 1059 1836 1118 spatium
1872 1058 2010 1103 vitae.
2042 1056 2180 1102 Unde

219 1147 323 1176 cum
355 1129 665 1175 necessarium
697 1129 754 1172 sit
785 1141 961 1172 marem
998 1126 1195 1171 feminae
1240 1140 1538 1171 commanere
1576 1126 1623 1169 ιιι
1659 1125 1872 1170 omnibus
1908 1123 2180 1169 animalibus

218 1212 455 1258 quousque
484 1210 598 1255 opus
625 1195 763 1254 patris
794 1194 1105 1238 necessarium
1131 1203 1199 1238 est
1228 1193 1361 1252 proli,
1386 1194 1592 1237 naturale
1619 1203 1685 1236 est
1710 1192 1912 1241 homini
1921 1190 2044 1256 quod
2084 1200 2179 1235 non

219 1266 275 1310 ad
302 1264 539 1308 modicum
563 1272 758 1321 tempus,
785 1261 863 1305 sed
890 1261 1150 1304 diuturnam
1176 1261 1446 1304 societatem
1467 1259 1634 1303 habeat
1658 1259 1728 1302 vir
1754 1258 1809 1303 ad
1832 1252 2178 1303 determinatam

219 1331 472 1376 mulierem.
501 1330 632 1374 Hanc
660 1339 813 1373 autem
839 1327 1108 1372 societatem
1132 1326 1478 1370 matrimonium
1509 1339 1746 1370 vocamus.
1772 1324 1853 1369 Est
1869 1325 2013 1384 igitur
2034 1317 2183 1368 matii-1-

219 1399 430 1443 monium
462 1395 643 1440 homini
668 1394 887 1450 naturale,
913 1404 958 1438 et
980 1391 1251 1438 fornicarius
1269 1394 1429 1450 coitus,
1448 1394 1525 1451 qui
1541 1401 1609 1436 est
1625 1401 1804 1451 praeter
1819 1385 2182 1444 matrimonium,

219 1475 289 1510 est
314 1474 473 1509 contra
497 1462 700 1508 hominis
725 1462 923 1506 bonum:
957 1470 1002 1505 et
1026 1469 1210 1537 propter
1235 1460 1325 1504 hoc
1353 1468 1532 1518 oportet
1557 1459 1706 1518 ipsum
1738 1471 1837 1503 esse
1867 1468 2122 1522 peecatum.

308 1531 406 1575 Nec
438 1540 594 1575 tamen
626 1538 810 1588 oportet
840 1527 1039 1587 reputari
1064 1526 1165 1571 leve
1191 1535 1434 1586 peccatum
1460 1534 1574 1579 esse,
1607 1526 1644 1577 si
1685 1525 1802 1584 quis
1824 1524 2012 1572 seminis
2053 1523 2184 1569 emiss-

221 1599 402 1644 sionem
426 1604 640 1656 procuret
666 1604 843 1655 praeter
869 1594 1070 1638 debitum
1097 1593 1404 1651 generationis
1437 1602 1482 1637 et
1507 1591 1791 1637 educationis
1823 1591 1978 1646 finem,
1998 1598 2184 1654 propter

219 1666 312 1710 hoc
340 1664 462 1723 quod
490 1673 567 1707 aut
597 1662 712 1716 leve,
751 1671 826 1706 aut
866 1660 1045 1704 nullum
1085 1669 1326 1719 peccatum
1368 1669 1436 1703 est
1475 1659 1514 1703 si
1545 1658 1643 1718 quis
1677 1657 1828 1717 aliqua
1867 1658 1938 1702 sui
1978 1658 2183 1723 corpor-'is

221 1741 349 1791 parte
380 1740 530 1774 utatur
556 1729 611 1774 ad
640 1728 778 1772 alium
806 1742 939 1772 usum
966 1740 1102 1786 quam
1132 1727 1187 1770 ad
1215 1740 1321 1771 eum
1355 1726 1410 1769 ad
1443 1720 1579 1784 quem
1607 1725 1664 1769 sit
1689 1725 1897 1773 ordinata
1929 1724 2183 1771 seeundum
2209 1726 2213 1728 ’

222 1808 448 1851 naturam,
474 1806 523 1840 ut
548 1797 583 1840 si
611 1796 724 1854 quis,
755 1795 882 1839 verbi
907 1794 1066 1853 gratia,
1100 1793 1308 1837 manibus
1335 1791 1550 1846 ambulet,
1579 1801 1655 1836 aut
1679 1791 1875 1850 pedibus
1890 1790 2059 1851 aliquid
2082 1798 2186 1851 Ope·

222 1876 344 1910 retur
370 1864 579 1908 manibus
606 1862 914 1922 operandum3
938 1863 1042 1920 quia
1068 1875 1147 1918 per
1171 1860 1436 1918 hujusmodi
1460 1859 1743 1903 inordinatos
1770 1872 1887 1904 usus
1900 1858 2078 1903 bonum
2094 1857 2184 1902 ho·

223 1933 359 1976 minis
377 1946 470 1975 non
488 1930 684 1974 multum
702 1929 969 1987 impeditur;
996 1927 1253 1971 inordinata
1277 1941 1387 1970 vero
1411 1926 1595 1970 seminis
1615 1926 1799 1970 emissio
1817 1933 2045 1987 repugnat
2058 1924 2183 1970 bono

222 2009 425 2052 naturae,
455 1998 576 2056 quod
604 2007 671 2041 est
696 1997 983 2058 conseq-atio
1011 1994 1202 2054 speciei.
1230 1993 1349 2037 unde
1376 2003 1480 2051 post
1518 2003 1758 2051 peccatum
1798 1990 2052 2046 homicidii,
2092 2006 2184 2051 quo

223 2076 385 2110 natura
409 2065 614 2109 humana
638 2064 731 2122 jam
753 2052 804 2106 ιιι
832 2072 934 2107 actu
971 2048 1193 2105 'e‘isi's‘t‘e'r‘is
1235 2060 1490 2114 destruitur,
1522 2059 1787 2118 huiusmodi
1829 2069 1972 2118 genus
2007 2057 2186 2122 peceati

222 2133 401 2177 videtur
426 2130 679 2176 secundum
711 2129 869 2174 locum
890 2138 1059 2182 tenere,
1083 2141 1173 2186 quo
1199 2127 1443 2186 impeditur
1465 2127 1700 2203 generatio
1724 2126 1958 2171 humanae
1980 2130 2184 2171 naturae.

312 2200 438 2243 Haec
467 2208 620 2242 autem
646 2211 762 2255 quae
788 2195 1037 2255 praemissa
1054 2203 1159 2239 sunt
1175 2193 1326 2238 divina
1345 2194 1613 2239 auctoritate
1630 2193 1880 2238 firmantur.
1903 2192 2045 2245 Quod
2064 2192 2188 2238 enim

224 2266 410 2311 emissio
453 2264 639 2309 seminis
685 2275 766 2307 ex‘
779 2277 867 2321 qua
899 2261 1050 2321 proles
1084 2261 1211 2320 sequi
1243 2275 1336 2304 non
1377 2270 1527 2320 potest
1558 2261 1615 2305 sit
1646 2259 1805 2304 illicita
1844 2254 1997 2319 patett·
2025 2258 2189 2303 dicitur

225 2334 349 2377 enirn
380 2333 548 2408 (Levit.
573 2330 742 2374 XVIII.
766 2342 836 2373 22.
864 2340 909 2373 et
934 2342 985 2387 23
994 2328 1052 2385 .):
1079 2329 1188 2373 Cum
1215 2328 1397 2372 masculo
1423 2336 1507 2372 non
1533 2328 1836 2372 commiscearis
1861 2328 1971 2372 coitu
1994 2326 2186 2382 femineo,

224 2407 382 2445 etcum
414 2400 526 2443 omni
544 2405 692 2457 pecore
718 2411 800 2440 non
834 2397 986 2447 coibis;
1033 2405 1078 2439 et
1104 2395 1158 2451 (Ι.
1186 2393 1396 2438 Corinth.
1423 2394 1501 2438 VI.
1541 2394 1650 2452 10.·)
1695 2394 1836 2453 Neque
1873 2393 2028 2456 molles,
2060 2400 2190 2452 neque

224 2466 506 2510 masculorum
529 2465 807 2509 concubitores
837 2476 1010 2520 regnum
1036 2463 1121 2526 Dei
1139 2461 1416 2520 possidebunt.

318 2531 457 2585 Quod
485 2531 622 2575 etiam
648 2529 891 2574 fornicatio
919 2538 964 2573 et
990 2523 1141 2572 omnis
1176 2528 1320 2572 coitus
1346 2537 1525 2585 praeter
1550 2527 1781 2587 propriam
1807 2540 1998 2573 uxorem
2023 2525 2081 2571 sit
2101 2520 2191 2570 illi-

227 2600 342 2644 citus
369 2608 514 2658 patet:
544 2597 706 2641 dicitur
733 2596 856 2640 enim
882 2596 1090 2654 (Deuter.
1118 2593 1287 2638 XXIII.
1321 2594 1435 2652 17.):
1470 2595 1569 2639 Non
1594 2595 1676 2640 erit
1705 2595 1904 2639 meretrix
1939 2593 2190 2653 devftliabus
2262 2600 2277 2611 ⁸

225 2667 373 2720 Israel,
401 2680 471 2710 nec
496 2670 699 2709 scortator
720 2664 766 2707 de
781 2663 889 2722 filiis
914 2662 1072 2714 IsranJ
1102 2670 1146 2706 et
1167 2660 1310 2719 (Tob.
1339 2660 1417 2704 IV.
1450 2675 1496 2720 13
1505 2661 1562 2718 .):
1591 2661 1766 2707 Attende
1793 2662 1870 2706 tibi
1890 2662 1943 2705 ab
1969 2673 2085 2704 omns
2076 2660 2190 2718 ’for-

226 2735 450 2786 nicatione,
467 2738 507 2776 et
515 2737 683 2791 praeter
703 2744 877 2774 uxorem
905 2735 1020 2773 tuam
1043 2743 1125 2772 non
1145 2730 1330 2788 patiaris
1355 2730 1511 2773 crimen
1538 2730 1669 2781 scire,·
1693 2737 1738 2772 et
1763 2718 2188 2787 (1.Cor.'v1.18.):

227 2801 379 2858 Fugite
407 2800 747 2856 fornicationem.

316 2866 403 2910 Per
423 2865 514 2909 hoc
539 2874 691 2908 autem
714 2862 966 2908 excluditur
991 2876 1117 2907 error
1143 2862 1428 2907 dicentium
1416 2875 1463 2906 ιιι
1490 2860 1737 2906 emissione
1763 2847 1950 2906 seminis
1974 2869 2069 2905 non
2090 2871 2190 2905 esse

227 2933 375 2991 majus
401 2940 642 2991 peccatum
679 2944 818 2989 quam
858 2930 905 2974 in
947 2929 1139 2973 aliarum
1171 2929 1531 2989 superfluitatum
1573 2928 1848 3005 emissione,
1864 2935 1912 2973 et
1938 2916 2189 2972 dicentium

227 2999 583 3043 fornicationem
607 3011 702 3062 non
730 3011 827 3042 esse
853 3006 1110 3056 peccatum.
1898 3014 1900 3016 >

931 3137 1186 3228 CAPUT
1228 3170 1490 3227 CXXIII.

505 3309 663 3356 QUOD
706 3308 1103 3348 MATRIMONIUM
1134 3306 1349 3346 DEBEAT
1390 3306 1518 3344 ESSE
1550 3279 1959 3347 INDIVISIBILEe'-
2007 3285 2010 3286 ⁷
2082 3282 2083 3286 Ἰ

769 3410 824 3467 (I.
851 3410 961 3455 Sent.
989 3409 1080 3455 dist.
1104 3423 1161 3469 33.
1189 3414 1343 3467 quaest.
1371 3408 1447 3452 XI.
1474 3413 1555 3452 art.
1583 3408 1657 3467 1.).
1764 3398 1767 3402 ’
1844 3398 1848 3401 ’
1890 3398 1895 3404 ’

324 3521 373 3564 Si
399 3521 497 3579 quis
528 3530 681 3565 autem
714 3530 836 3564 recte
868 3519 1140 3573 consideret,
1173 3517 1402 3578 praedicta
1428 3517 1545 3562 ratio
1569 3530 1664 3561 non
1690 3514 1842 3561 solum
1875 3512 2063 3559 adhoc
2090 3525 2192 3571 per-

235 3588 399 3631 ducere
430 3586 621 3641 videtur,
653 3597 702 3631 ut
728 3587 923 3632 societas
964 3585 1102 3630 maris
1130 3594 1173 3630 et
1197 3583 1395 3630 feminae
1422 3583 1468 3628 in
1500 3583 1703 3628 humana
1734 3583 1909 3636 natura,
1933 3583 2073 3639 'quum
2098 3591 2193 3624 ma-
