2332 3854
10 3522 16 3533 ,υ
5 3432 11 3437 f
6 3399 14 3422 ¹⁴⁴⁴
6 3351 18 3381 ⁷⁴³⁴.
15 3295 17 3306 „
4 3247 19 3276 L«.
3 3140 13 3156 ’·
3 3081 7 3089 ”’
2 2998 16 3010 7¹.
2 2954 14 2979 -¹''
1 2851 14 2876 '⁸⁴
12 2838 17 2842 ι
13 2823 15 2828 -
7 2795 15 2807 ’ν
6 2748 18 2785 ..⁴
8 2730 11 2731 ¹
8 2710 9 2713 Α
7 2684 10 2686 ’
3 2661 6 2669 ’”
0 2612 9 2619 ³
4 2586 6 2588 “
10 2568 21 2573 μ
4 2494 19 2514 52
17 2369 19 2372 Α
10 2104 17 2115 «Α
15 1967 17 1969 .
11 1953 14 1954 =
15 1925 18 1927 .
14 1905 18 1907 .
17 1730 19 1734 r
12 1634 18 1648 ,ς
15 1618 17 1622 .
0 1509 17 1599 ν”ὛῗΊΓθἹ
10 1472 13 1478 ν

5 3408 41 3510 ffl'
22 3372 31 3389 »Δ
18 3336 34 3354 2>
27 3298 31 3306 ›
31 3268 37 3275 ⁵.
31 3248 38 3254 ‚4
27 3234 30 3237 ν
21 3192 37 3224 ,ῑὲ
31 3166 34 3168 .
20 3125 37 3141 ’ζ
29 3093 38 3102 ¹„
24 3056 37 3082 υ,
23 3023 38 3039 ς;
34 3009 38 3014 ,
23 2988 27 2998 *⁵
18 2975 22 2979 ’
23 2949 30 2965 «ι
22 2926 38 2936 ιχ
16 2857 36 2894 ¹2·-
23 2838 25 2841 ·
19 2814 29 2822 ·²
21 2756 33 2766 1¹>
18 2699 28 2730 ⁴
31 2628 33 2631 ,
21 2605 36 2610 ζ
16 2490 38 2510 ¹3(
17 2456 31 2476 Α
25 2338 34 2349 ‚7
29 2299 31 2303 .
24 2269 36 2284 ‘m
19 2226 34 2260 „gn
19 2192 25 2214 ’Ἀ
22 2163 23 2166 Α
18 2059 21 2076 ”
31 2034 34 2036 ι
20 2003 33 2009 ς
17 1958 25 1983 ΜΛ
18 1932 21 1933 ¹
19 1915 21 1917 ¹
18 1885 23 1890 1
15 1833 28 1876 ,a
30 1805 33 1807 .
20 1725 33 1738 «ι
20 1644 34 1664 -,
19 1623 21 1625 -
20 1501 24 1505 ..

42 3524 53 3533 ,χ
36 3355 54 3451 ,ἏἯΜ
37 3271 49 3319 λρῑῶυ
37 3208 52 3242 ’,ῆι
40 3105 48 3119 .=
38 3059 39 3062 Α
36 2700 39 2702 ⁴
39 2469 54 2496 i·
38 2419 39 2422 „
44 2360 47 2362 ,
38 1854 41 1861 η
36 1652 41 1653 .

7 3513 51 3554 ³5³3

7 3498 62 3524 ..53-

10 3814 57 3854 Ξῖῖῗ
16 3810 20 3811 ¹
8 3730 61 3807 ‘Q
8 3534 60 3728 W&-

750 227 903 268 Lmna
940 227 1017 267 111.
1059 227 1180 268 cap,
1221 227 1426 267 Lxxxu.
1958 229 2066 284 407

802 417 1055 474 CAPUT
1097 417 1383 476 LXXXII.

412 542 571 589 QUOD
611 542 904 584 INFERIORA
943 545 1198 585 CORPORA
1237 544 1533 588 REGUNTUR
1573 544 1607 583 Α
1647 544 1761 583 DEO

715 618 816 657 PER
849 618 1103 658 CORPORA
1137 619 1462 659 COELESTIA.

206 724 335 771 Sicut
358 735 511 771 autem
535 726 583 771 in
608 726 865 771 substantiis
892 726 1271 772 intellectualibus
1298 737 1367 772 est
1391 727 1595 786 superius
1622 735 1667 772 et
1692 724 1891 781 inferius,
1925 725 1988 771 ita
2023 725 2070 769 in

113 791 371 838 substantiis
393 792 719 851 corporalibus.
747 793 1033 838 Substantiae
1061 803 1213 838 autem
1238 793 1566 838 intellectuales
1588 802 1804 852 reguntur
1826 806 1852 837 a
1873 792 2072 852 superio-

111 857 249 912 ribus,
275 868 324 904 ut
347 858 584 917 dispositio
611 860 790 905 divinae
811 860 1123 919 providentiae
1147 860 1546 920 proportionaliter
1571 859 1818 905 descendat
1843 874 1985 919 usque
2013 859 2070 904 ad

111 924 282 980 infima,
308 926 424 970 sicut
452 927 545 985 jam
569 926 742 971 dictum
764 937 831 973 est
857 928 917 984 (c.
942 940 1011 986 77.
1040 937 1084 972 et
1109 928 1241 987 seq.).
1265 927 1387 986 Ergo
1414 929 1511 986 pari
1537 926 1713 972 ratione
1737 925 1954 973 inferiora
1975 938 2072 971 cor-

110 1004 222 1051 por-a
251 1006 332 1051 per
362 993 592 1052 superiora
621 994 934 1052 disponuntur.

200 1058 436 1118 Amplius:
464 1070 633 1119 quanto
662 1060 846 1119 aliquod
874 1075 1037 1118 corpus
1065 1070 1132 1106 est
1165 1061 1370 1120 superius
1395 1061 1518 1116 loco,
1545 1070 1672 1105 tanto
1709 1059 1936 1104 invenitur
1973 1073 2071 1105 esse

109 1123 371 1180 formalium
398 1135 442 1171 et
466 1137 650 1187 propter
674 1127 766 1171 hoc
793 1127 1121 1172 rationabiliter
1153 1127 1281 1172 locus
1310 1128 1515 1188 superior
1550 1137 1619 1171 est
1657 1126 1786 1172 locus
1827 1120 2076 1171 inferioris.

110 1191 232 1237 Nam
258 1191 432 1251 formae
449 1203 518 1238 est
533 1194 780 1248 continere,
798 1194 914 1239 sicut
932 1194 1036 1238 loci.
1056 1194 1190 1253 Aqua
1208 1194 1331 1238 enim
1349 1204 1417 1239 est
1433 1193 1671 1238 formalior
1687 1203 1819 1248 terra,
1838 1198 1914 1238 aer
1937 1207 2070 1253 aqua,

111 1258 299 1318 etrignis
325 1263 451 1314 aere3
475 1261 555 1304 sed
581 1274 774 1319 corpora
796 1260 1011 1305 coelestia
1038 1271 1141 1305 sunt
1167 1261 1381 1306 omnibus
1406 1260 1513 1306 loco
1540 1260 1787 1320 superiora.
1810 1261 1914 1320 Ipsa
1935 1261 2072 1320 igitur

110 1335 215 1371 sunt
239 1326 390 1385 magis
410 1325 623 1372 formalia
648 1327 859 1373 omnibus
893 1327 1015 1373 aliis:
1049 1342 1159 1387 ergo
1187 1328 1335 1386 magis
1369 1329 1530 1373 activa.
1563 1329 1723 1386 Agunt
1763 1341 1875 1387 ergo
1914 1328 1962 1372 in
2003 1327 2070 1375 in-

108 1389 276 1439 feriora
300 1406 510 1452 corpora,
536 1404 580 1439 et
604 1394 668 1439 sic
701 1409 781 1454 per
807 1408 860 1439 ea
885 1393 1100 1439 inferiora
1128 1395 1441 1454 disponuntur.

198 1459 341 1504 Item:
368 1460 491 1519 quod
517 1470 585 1506 est
607 1461 655 1505 in
681 1475 762 1505 sua
791 1470 952 1506 natura
993 1460 1244 1520 perfectum
1286 1461 1456 1521 absque
1499 1461 1834 1515 contrarietate,
1873 1470 1943 1505 est
1978 1461 2074 1506 uni-

107 1525 366 1572 versalioris
390 1527 566 1572 virtutis
592 1541 731 1586 quarn
755 1526 866 1572 illud
889 1528 1011 1586 quod
1041 1527 1088 1571 in
1115 1542 1197 1572 sua
1221 1538 1382 1573 natura
1408 1543 1501 1572 non
1527 1528 1757 1586 perficitur
1782 1527 1869 1572 nisi
1893 1527 1941 1571 in
1967 1540 2074 1571 con-

107 1592 348 1639 trarietate.
368 1593 688 1639 Contrarietas
730 1596 851 1638 enim
894 1604 960 1639 est
993 1608 1045 1638 ex
1079 1593 1344 1639 differentiis
1378 1595 1780 1639 determinantibus
1818 1602 1862 1639 et
1898 1603 2074 1638 contra-

106 1658 318 1706 hentibus
339 1674 504 1718 genus:
532 1660 651 1705 unde
671 1661 719 1704 in
742 1661 1007 1719 acceptione
1033 1661 1304 1715 intellectus,
1332 1662 1437 1720 quia
1470 1671 1537 1707 est
1574 1661 1860 1715 universalis,
1897 1660 2071 1719 species

108 1727 439 1772 contrariorum
461 1741 555 1771 non
578 1737 682 1772 sunt
711 1728 982 1782 contrariae,
1017 1742 1122 1772 cum
1145 1729 1234 1773 sint
1256 1728 1405 1773 simul.
1434 1728 1644 1788 Corpora
1672 1738 1825 1773 autern
1853 1728 2070 1773 coelestia

109 1794 279 1839 suntin
303 1794 396 1839 suis
421 1794 592 1838 naturis
611 1794 778 1854 absque
797 1796 923 1838 omni
943 1795 1262 1839 contrarietate
1285 1795 1498 1854 perfecta.
1523 1795 1643 1839 Non'
1667 1795 1787 1840 enirn
1817 1805 1920 1840 sunt
1938 1795 2072 1849 levia,

107 1872 256 1918 neque
281 1860 452 1918 gravia,
477 1875 626 1919 neque
654 1861 815 1915 calida,
841 1876 989 1920 neque
1015 1860 1203 1919 frigida:
1233 1876 1428 1921 corpora
1454 1876 1564 1907 vero
1591 1861 1804 1906 inferiora
1842 1875 1937 1906 non
1972 1875 2069 1920 per-

106 1925 317 1971 ficiuntur
340 1927 389 1981 in
414 1927 506 1972 suis
537 1928 708 1972 naturis
732 1929 820 1973 nisi
846 1943 952 1972 cum
985 1927 1134 1987 aliqua
1168 1930 1501 1985 contrarietate,
1529 1939 1574 1973 et
1606 1929 1697 1972 hoc
1737 1929 1875 1972 etiam
1909 1938 2061 1972 motus

108 2005 270 2038 eorum
295 1993 594 2048 demonstrat.
621 1994 744 2039 Nam
778 1995 923 2040 motui
950 1994 1160 2039 circulari
1188 2010 1432 2055 corporum
1462 1995 1732 2040 coelestium
1765 2009 1860 2039 non
1893 2004 1960 2040 est
1994 1994 2071 2038 ali-

108 2059 215 2118 quid
242 2061 542 2118 contrarium:
569 2062 689 2105 unde
714 2075 799 2106 nec
827 2062 872 2106 in
901 2062 964 2106 eis
990 2061 1208 2106 violentia
1242 2077 1339 2106 esse
1366 2072 1539 2122 potest;
1581 2072 1733 2106 motus
1776 2071 1928 2105 autem
1963 2060 2072 2104 infe-

106 2126 281 2171 riorum
306 2141 552 2186 corporum
580 2128 795 2172 contrarii
817 2138 934 2183 sunt,
957 2127 1131 2173 scilicet
1154 2139 1306 2174 motus
1330 2129 1546 2174 deorsum
1567 2129 1716 2173 motui
1737 2142 1931 2172 sursum.
1958 2128 2071 2171 Cor-

104 2207 219 2253 pora
239 2207 349 2254 ergo
376 2193 595 2239 coel‘estia
621 2204 724 2239 sunt
750 2194 1089 2239 universalioris
1115 2197 1290 2241 virtutis
1318 2211 1457 2255 quam
1482 2210 1674 2255 corpora
1701 2195 1931 2240 inferiora.
1960 2194 2071 2238 Uni-

105 2259 303 2306 versales
334 2271 489 2305 autem
514 2261 700 2306 virtutes
726 2272 830 2307 sunt
855 2263 1056 2307 motivae
1099 2262 1454 2320 particularium,
1493 2263 1610 2307 sicut
1641 2277 1695 2306 ex
1727 2262 1859 2306 dictis
1886 2262 1948 2318 (c.
1976 2261 2068 2319 78.)

103 2326 479 2387 patet.'Corpora
509 2328 646 2387 igitur
675 2328 893 2374 coelestia
919 2339 1109 2374 movent
1133 2339 1178 2374 et
1204 2330 1449 2389 disponunt
1482 2344 1675 2388 corpora
1702 2328 1929 2372 inferiora.

194 2393 384 2447 Adhuc:
411 2404 646 2439 ostensum
673 2405 742 2440 est
765 2409 900 2454 supra
938 2396 1103 2455 (ibid.),
1144 2397 1266 2456 quod
1307 2410 1387 2456 per
1428 2396 1699 2440 substantias
1740 2393 2070 2439 intellectuales

105 2459 262 2506 omnia
285 2459 377 2505 alia
405 2471 636 2520 reguntur.
670 2462 882 2522 Corpora
913 2473 1067 2508 autem
1093 2463 1309 2508 coelestia
1337 2474 1439 2508 sunt
1466 2463 1687 2508 similiora
1721 2462 1982 2506 substantiis
2005 2461 2070 2505 in-

103 2526 434 2572 tellectualibus
459 2542 598 2587 quam
625 2529 712 2574 alia
739 2543 948 2587 corpora,
973 2531 1020 2574 in
1038 2540 1259 2589 quantum
1277 2540 1382 2574 sunt
1402 2529 1785 2588 incorruptibilia:
1806 2538 1910 2573 sunt
1930 2528 2069 2572 etiam

105 2595 173 2639 eis
195 2594 536 2654 propinquiora,
560 2595 608 2639 in
633 2599 856 2655 quantum
882 2597 936 2641 ab
964 2597 1028 2641 eis
1049 2597 1316 2641 immediate
1342 2606 1600 2651 moventur,
1618 2606 1667 2640 ut
1682 2610 1818 2656 supra
1835 2605 2069 2640 ostensum

105 2660 329 2717 est-(Lib.
356 2661 414 2706 11.
441 2676 480 2706 c.
507 2674 578 2720 70.
611 2671 656 2706 et
686 2662 785 2708 Lib.
823 2663 903 2707 111.
936 2677 974 2708 c.
1002 2663 1111 2720 80.).
1152 2663 1240 2708 Per
1278 2663 1376 2722 ipsa
1416 2663 1554 2722 igitur
1594 2673 1812 2722 reguntur
1852 2660 2070 2706 inferiora

96 2754 98 2756 v
106 2740 316 2786 corpora.

195 2793 457 2838 Praeterea:
476 2803 658 2852 oportet
671 2794 871 2854 primum
889 2795 1161 2854 principium
1185 2805 1336 2840 motus
1355 2809 1452 2840 esse
1470 2795 1637 2855 aliquid
1654 2793 1907 2839 immobile.
1933 2794 2068 2846 Quae

107 2859 383 2918 ergo-magis
400 2861 622 2905 accedunt
639 2861 696 2905 ad
711 2861 1083 2906 immobilitatem
1110 2861 1274 2906 debent
1300 2875 1398 2906 esse
1425 2861 1619 2905 aliorum
1648 2862 1845 2916 motiva3
1874 2874 2069 2920 corpora

108 2936 263 2971 autem
287 2926 504 2971 coelestia
527 2927 673 2986 magis
700 2927 930 2972 accedunt
951 2928 1005 2972 ad
1032 2928 1402 2972 immobilitatem
1429 2929 1564 2988 primi
1589 2927 1814 2986 principii,
1837 2941 1975 2986 quam
2000 2927 2068 2970 in-

106 2991 287 3046 feriora,
311 2993 418 3051 quia
441 3007 537 3038 non
563 3004 805 3039 moventur
829 2994 917 3038 nisi
942 3009 1032 3038 una
1055 2995 1205 3054 specie
1231 3004 1399 3049 motus,
1426 2995 1600 3039 scilicet
1626 3004 1754 3039 motu
1782 2993 1934 3038 locali.
1961 2992 2068 3036 Alia

106 3072 216 3104 vero
242 3072 436 3119 corpora
462 3070 706 3105 moventur
732 3061 942 3105 omnibus
969 3061 1206 3119 speciebus
1232 3070 1398 3104 motus.
1443 3060 1654 3119 Corpora
1679 3060 1816 3119 igitur
1849 3058 2066 3104 coelestia

108 3134 213 3170 sunt
236 3126 420 3177 motiva,
435 3137 481 3171 et
505 3127 697 3186 regitiva
728 3127 938 3172 omnium
962 3127 1228 3172 inferiorum
1255 3141 1514 3186 corporum.

195 3192 430 3251 Amplius:
456 3193 655 3253 primum
679 3194 727 3238 in
758 3194 961 3253 quolibet
995 3209 1160 3253 genere
1193 3204 1259 3239 est
1291 3208 1426 3239 causa
1459 3208 1619 3238 eorum
1656 3207 1771 3252 quae
1804 3203 1907 3237 sunt
1939 3202 2056 3252 post.

87 3257 229 3304 ⁴Inter
253 3273 417 3304 omnes
441 3270 594 3304 autem
629 3259 743 3305 alios
769 3271 922 3305 motus
951 3261 1122 3320 primus
1145 3271 1212 3305 est
1238 3271 1390 3305 motus
1409 3260 1542 3305 coeli.
1565 3260 1722 3304 Primo
1741 3259 1940 3318 quidem,
1957 3259 2064 3318 quia

103 3335 266 3371 motus
289 3325 449 3371 localis
475 3336 543 3371 est
566 3327 739 3386 primus
769 3328 886 3372 inter
918 3343 1080 3373 omnes
1114 3338 1264 3372 motus
1298 3338 1343 3372 et
1367 3339 1588 3387 tempore,
1620 3327 1726 3387 quia
1757 3326 1882 3371 solus
1908 3336 2060 3385 potest

39 3416 53 3422 a*
87 3405 207 3437 esse
230 3403 487 3452 perpetuus,
513 3403 563 3438 ut
586 3394 800 3452 probatur
824 3396 871 3439 in
901 3405 1067 3439 octavo
1093 3395 1230 3454 Phys.
1255 3396 1305 3453 (t.
1331 3409 1370 3441 c.
1402 3408 1468 3452 54.
1493 3405 1538 3439 et
1564 3395 1696 3453 seq.),
1724 3403 1768 3437 et
1786 3393 2065 3447 naturaliter,

88 3458 213 3518 f-quia
229 3460 325 3504 sine
338 3460 439 3519 ipso
462 3474 557 3505 non
573 3470 721 3520 potest
740 3475 837 3506 esse
856 3460 1016 3521 aliquis
1035 3462 1231 3506 aliorum
1248 3472 1482 3506 motuum:
1500 3475 1594 3505 non
1612 3461 1733 3505 enim
1749 3470 2067 3519 augmentatur

109 3523 279 3585 aliquid
314 3526 401 3572 nisi
436 3528 788 3586 praeexsistente
826 3528 1109 3583 alteratione,
1141 3544 1220 3589 per
1252 3543 1393 3588 quam
1427 3528 1549 3587 quod
1575 3528 1696 3587 prius
1723 3537 1818 3572 erat
1849 3527 2066 3572 dissimile

109 3602 397 3640 convertatur
418 3603 463 3639 et
486 3592 565 3639 fiat
589 3593 751 3639 simile.
767 3593 929 3655 Neque
960 3594 1167 3641 alteratio
1194 3605 1343 3655 potest
1369 3608 1468 3641 esse
1490 3594 1574 3640 nisi
1590 3594 1940 3654 praeexsistente
1965 3593 2059 3639 loci
