2332 3854
789 225 942 263 mnan
983 225 1054 263 1v.
1097 225 1215 263 cAP.
1257 223 1410 263 xxm.
1961 224 2061 278 591

110 326 375 387 hujusmodi
406 325 657 371 visibilibus
688 326 925 385 speciebus
958 327 1177 386 apparuit.
1210 326 1267 371 Et
1298 326 1362 370 sic
1404 325 1543 370 etiam
1585 325 1679 384 ipse
1712 324 1914 384 quodam
1944 339 2069 370 novo

109 393 268 447 modo,
289 392 465 438 scilicet
485 391 734 445 visibiliter,
758 393 803 436 in
828 393 1000 439 mundo
1022 392 1128 448 fuit3
1155 393 1210 437 ed
1226 393 1316 437 hoc
1341 393 1382 437 ei
1407 391 1491 436 fuit
1513 406 1539 436 a
1557 391 1692 436 Patre
1722 401 1768 439 et
1791 392 1922 446 Filio,
1950 392 2070 437 unde

110 468 156 506 et
176 460 287 519 ipse
319 474 345 504 a
381 459 515 504 Patre
547 468 592 503 et
631 458 746 503 Filio
784 459 947 503 dicitur
988 460 1174 514 missus3
1208 459 1329 518 quod
1367 471 1462 504 non
1493 458 1849 503 minorationem
1881 459 1927 502 in
1954 459 2069 518 ipso,

110 525 190 570 sed
217 525 558 583 processionem
591 525 799 569 ostendit.
827 525 905 569 Est
928 535 1081 569 tamen
1109 535 1151 569 et
1178 524 1291 570 alius
1324 524 1489 569 modus
1516 538 1607 583 quo
1638 534 1734 568 tam
1764 523 1904 568 Filius
1931 539 2070 583 quam

112 590 303 652 Spiritus
326 591 520 636 Sanctus
546 591 829 636 invisibiliter
856 593 969 635 mitti
998 592 1220 636 dicuntur.
1248 593 1377 636 Patet
1399 592 1520 636 enim
1549 606 1602 635 ex
1620 591 1751 636 dictis
1777 590 1900 650 quod
1926 591 2066 636 Filius

110 658 317 717 procedit
343 673 370 702 a
395 658 529 702 Patre
561 672 641 718 per
672 658 863 702 modum
895 658 1082 702 notitiae
1109 672 1196 716 qua
1223 658 1351 702 Deus
1385 658 1627 716 cognoscit
1657 657 1872 717 seipsum,
1899 667 1944 702 et
1976 658 2073 716 Spi-

110 725 220 770 ritus
247 724 441 769 Sanctus
468 724 671 784 procedit
706 738 731 767 a
763 724 895 768 Patre
928 734 972 768 et
1007 724 1123 768 Filio
1157 739 1234 783 per
1257 724 1449 768 modum
1474 725 1643 768 amoris
1675 738 1766 783 quo
1792 725 1919 768 Deus
1947 734 2071 769 amat

109 791 332 850 seipsum3
356 792 490 847 unde,
516 792 632 836 sicut
657 792 830 836 dictum
852 801 932 844 est,
960 805 1098 850 quum
1120 791 1280 849 aliquis
1306 805 1387 849 per
1409 791 1628 850 Spiritum
1649 791 1867 835 Sanctum
1890 801 2070 836 amator

108 857 198 904 Dei
224 857 431 913 efficitur,
459 858 651 916 Spiritus
684 858 879 902 Sanctus
906 868 973 901 est
1009 858 1285 901 inhabitator
1325 858 1490 916 ipsius;
1533 867 1576 901 et
1617 858 1681 901 sic
1715 858 1916 916 quodam
1942 872 2068 903 novo

112 925 253 968 modo
278 924 325 968 in
352 925 541 968 homine
569 934 650 978 est,
697 923 871 968 scilicet
911 924 1160 967 secundum
1198 938 1371 967 novum
1399 925 1632 982 proprium
1660 923 1874 968 effectum
1914 925 2064 983 ipsum

50 1010 55 1017 ·
107 989 378 1037 inhabitans.
404 991 460 1034 Et
484 991 606 1050 quod
629 991 749 1034 hunc
778 990 989 1034 effectum
1023 991 1070 1034 in
1097 990 1285 1034 homine
1311 989 1449 1034 faciat
1482 990 1673 1048 Spiritus
1697 990 1907 1045 Sanctus,
1934 1001 2002 1036 est
2028 991 2070 1035 ei

112 1069 140 1104 a
164 1056 299 1102 Patre
325 1068 372 1102 et
396 1057 536 1111 Filio;
565 1067 609 1101 et
651 1068 834 1117 propter
860 1057 950 1101 hoc
979 1071 1002 1101 a
1027 1057 1160 1100 Patre
1189 1067 1233 1101 et
1254 1056 1370 1100 Filio
1397 1056 1680 1100 invisibiliter
1723 1057 1886 1101 dicitur
1930 1058 2071 1112 mitti3

112 1132 159 1169 et
205 1126 301 1183 pari
334 1125 510 1168 ratione
550 1124 596 1167 in
630 1134 783 1168 mente
815 1124 1017 1168 hominis
1053 1123 1192 1167 Filius
1234 1123 1397 1167 dicitur
1438 1123 1555 1167 mitti
1597 1124 1896 1177 invisibiliter,
1929 1138 2070 1183 quum

105 1189 266 1250 aliquis
281 1192 346 1235 sic
367 1191 415 1235 in
431 1191 584 1235 divina
601 1191 863 1249 cognitione
883 1191 1169 1235 constituitur
1196 1191 1318 1248 quod
1346 1203 1399 1234 ex
1421 1189 1499 1233 tali
1528 1189 1794 1248 cognitione
1821 1191 1910 1235 Dei
1935 1205 2068 1235 amor

104 1257 323 1316 procedat
340 1257 386 1300 in
413 1257 616 1302 homine.
641 1258 775 1301 Unde
793 1267 915 1316 patet
933 1257 1054 1316 quod
1072 1271 1158 1301 nec
1178 1257 1260 1301 iste
1279 1257 1417 1300 etiam
1441 1257 1606 1300 modus
1633 1257 1865 1302 missionis
1881 1257 1928 1301 in
1951 1257 2068 1302 Filio

104 1338 132 1368 a
152 1324 321 1383 Spiritu
354 1324 526 1368 Sancto
554 1325 908 1368 minorationem
936 1324 1122 1377 inducit,
1151 1324 1228 1368 sed
1251 1324 1404 1368 solum
1431 1325 1773 1383 processionem
1800 1325 1854 1368 ab
1884 1324 1989 1368 alio.

194 1391 414 1436 Similiter
445 1392 598 1444 etiam,
624 1406 708 1436 nec
744 1392 962 1450 Spiritum
996 1391 1216 1435 Sanctum
1251 1405 1276 1434 a
1308 1391 1540 1435 divinitate
1565 1391 1761 1435 excludit
1786 1392 1909 1450 quod
1936 1393 2072 1436 Pater

103 1468 149 1503 et
187 1459 325 1503 Filius
365 1459 592 1503 interdum
626 1468 1026 1511 connumerantur,
1058 1473 1151 1502 non
1184 1458 1303 1502 facta
1338 1459 1571 1502 mentione
1604 1459 1659 1502 de
1683 1458 1851 1517 Spiritu
1880 1459 2069 1513 Sancto,

103 1526 218 1570 sicut
243 1540 328 1570 nec
355 1526 520 1569 Filium
549 1539 574 1568 a
602 1526 833 1569 divinitate
860 1525 1060 1569 excludit
1076 1525 1197 1583 quod
1215 1525 1443 1569 interdum
1462 1525 1511 1569 fit
1531 1525 1705 1569 mentio
1730 1526 1784 1569 de
1804 1527 1952 1579 Patre,
1973 1540 2070 1570 non

103 1590 223 1636 facta
250 1592 484 1636 mentione
512 1592 566 1635 de
593 1592 734 1646 Fili0;
760 1606 839 1650 per
865 1592 955 1635 hoc
984 1594 1106 1636 enirn
1139 1593 1275 1636 tacite
1310 1592 1542 1649 Scriptura
1574 1592 1773 1636 insinuat
1797 1593 1919 1651 quod
1946 1593 2071 1652 quid-

105 1659 212 1717 quid
239 1658 295 1702 ad
322 1659 605 1702 divinitatem
631 1659 859 1718 pertinens
885 1659 941 1702 de
967 1673 1061 1702 uno
1087 1659 1224 1702 trium
1251 1658 1414 1702 dicitur
1431 1659 1485 1702 de
1505 1659 1717 1702 omnibus
1736 1669 1803 1703 est
1818 1659 2071 1718 intelligen-

107 1726 232 1779 dum,
259 1739 315 1769 eo
342 1726 464 1784 quod
492 1736 595 1769 sunt
621 1740 736 1769 unus
763 1726 901 1769 Deus.
928 1725 1026 1770 Nec
1061 1726 1198 1769 etiam
1232 1735 1380 1784 potest
1412 1726 1538 1769 Deus
1564 1725 1700 1769 Pater
1732 1728 1828 1769 sine
1854 1727 1993 1771 verbo
2026 1737 2072 1772 et

105 1806 263 1837 amore
288 1791 496 1851 intelligi,
521 1806 607 1837 nec
634 1806 659 1836 e
686 1805 936 1846 converso3
960 1802 1004 1836 et
1028 1803 1212 1851 propter
1237 1792 1328 1836 hoc
1355 1792 1401 1835 in
1428 1806 1521 1836 uno
1544 1792 1680 1836 trium
1707 1806 1869 1836 omnes
1896 1803 1986 1838 tres
2007 1794 2072 1837 in-

100 1859 390 1918 telliguntur;
415 1859 535 1904 unde
562 1870 607 1903 et
631 1859 860 1903 interdum
881 1859 932 1903 fit
957 1859 1132 1904 mentio
1159 1859 1215 1902 de
1241 1858 1343 1903 solo
1366 1858 1497 1912 Filio,
1515 1859 1560 1903 in
1583 1872 1640 1902 eo
1667 1859 1790 1917 quod
1818 1873 2068 1905 commune

100 1936 168 1971 est
192 1926 348 1980 tribus,
373 1926 490 1971 sicut
516 1937 584 1970 est
609 1926 720 1970 illud
745 1926 926 1983 (Matth.
951 1926 1028 1969 XI.
1047 1926 1164 1984 27.):
1183 1927 1323 1984 Neque
1343 1926 1511 1970 Patrem
1529 1928 1620 1984 quis
1641 1928 1772 1978 novit,
1800 1928 1882 1971 nisi
1901 1927 2070 1973 Filius?

99 2002 242 2052 quum
262 2003 418 2038 tamen
435 2004 486 2040 ,et
500 1993 634 2037 Pater
661 2003 706 2038 et
728 1993 920 2051 Spiritus
948 1992 1142 2037 Sanctus
1163 1993 1346 2037 Patrem
1366 2003 1675 2050 cognoscant3
1702 1993 1912 2038 similiter
1929 1995 2068 2039 etiam

100 2060 156 2105 de
183 2060 354 2118 Spiritu
381 2060 552 2104 Sancto
579 2060 742 2105 dicitur
762 2060 817 2118 (I.
848 2060 1056 2104 Corinth.
1080 2060 1135 2104 II.
1169 2062 1286 2117 11.):
1315 2061 1437 2117 Quae
1457 2066 1551 2104 sunt
1575 2061 1676 2114 Dei,
1704 2075 1822 2106 nemo
1847 2063 1966 2106 novit
1986 2064 2072 2107 nisi

98 2128 282 2187 Spiritus
298 2128 395 2181 Dei,
422 2141 563 2185 quum
580 2137 735 2172 tamen
763 2137 937 2172 certum
956 2128 1012 2171 sit
1036 2127 1159 2185 quod
1177 2128 1232 2171 ab
1250 2122 1619 2186 hac'cognitione
1637 2127 1895 2172 divinorum
1918 2143 2067 2188 neque

100 2194 235 2239 Pater
258 2207 408 2252 neque
433 2193 571 2238 Filius
597 2194 905 2238 excludantur.

186 2260 320 2305 Patet
343 2262 481 2304 etiam
507 2260 628 2318 quod
654 2274 747 2304 non
781 2270 929 2319 potest
961 2261 1138 2304 ostendi
1171 2260 1363 2317 Spiritus
1398 2260 1592 2305 Sanctus
1625 2275 1723 2306 esse
1757 2272 1964 2307 creatura
1988 2277 2069 2322 per

8 2329 30 2366 ἓ
66 2372 69 2375 .
97 2327 338 2386 hocquod
365 2327 421 2371 de
446 2327 547 2386 ipso
574 2328 620 2370 in
649 2327 882 2386 Scriptura
908 2341 1036 2371 sacra
1069 2327 1220 2385 aliqua
1254 2328 1309 2370 ad
1341 2338 1520 2372 motum
1547 2329 1818 2386 pertinentia
1846 2330 1966 2373 dicta
1999 2330 2067 2373 in-

14 2392 19 2403 ’
101 2394 371 2448 veniuntur;
403 2403 508 2438 sunt
539 2394 661 2438 enim
697 2393 959 2452 accipienda
992 2394 1330 2453 metaphorice;
1363 2396 1427 2438 sic
1461 2396 1582 2438 enim
1617 2405 1661 2439 et
1691 2395 1795 2440 Deo
1822 2395 2068 2455 aliquando

102 2460 336 2520 Scriptura
361 2474 491 2505 sacra
517 2471 696 2505 motum
723 2461 938 2514 attribuit,
965 2470 1013 2504 ut
1045 2470 1112 2504 est
1143 2460 1255 2505 illud
1289 2460 1428 2517 (Gen.
1457 2462 1533 2505 III.
1568 2462 1657 2518 8.)z
1686 2463 1832 2519 Quum
1864 2463 2071 2510 audissent

97 2542 242 2573 vocem
266 2528 447 2573 Domini
471 2528 556 2572 Dei
581 2527 886 2572 deambulantis
910 2529 956 2571 in
976 2527 1177 2586 paradiso
1191 2542 1208 2579 ,·
1236 2537 1281 2570 et
1303 2527 1443 2583 (Gen.
1461 2527 1627 2572 XVIII.
1653 2530 1745 2585 21.)
1761 2543 1770 2572 :
1788 2530 2069 2585 Des-cendam,

23 2590 34 2608 ”
97 2600 137 2638 et
159 2593 306 2638 videbo
322 2599 463 2638 utrum
480 2594 776 2639 clamorem...
793 2628 802 2637 .
817 2601 935 2653 opere
957 2594 1265 2653 compleverint.
1289 2593 1431 2645 Quod
1448 2607 1560 2652 ergo
1578 2595 1741 2639 dicitur
1764 2595 1904 2652 (Gen.
1923 2597 1957 2641 Ι.
1978 2597 2066 2654 2.):

23 2702 35 2720 -,.
101 2661 284 2720 Spiritus
308 2661 488 2705 Domini
503 2661 725 2719 ferebatur
747 2669 871 2719 super
897 2674 1040 2719 aquas,
1063 2660 1414 2717 intelligendum
1441 2672 1508 2704 est
1530 2675 1586 2705 eo
1615 2662 1757 2706 modo
1777 2677 1868 2721 quo
1892 2664 2066 2708 dictum

24 2735 26 2737 '
101 2737 183 2782 est,
205 2727 324 2772 sicut
347 2727 511 2771 dicitur
536 2728 659 2786 quod
685 2726 897 2771 voluntas
912 2726 1053 2771 fertur
1069 2727 1116 2770 in
1141 2726 1335 2770 volitum
1363 2738 1408 2771 et
1434 2742 1565 2771 amor
1587 2730 1632 2771 in
1661 2739 1891 2783 amatum3
1914 2745 2073 2789 quam·-

28 2786 45 2843 {j
96 2795 165 2840 vis
190 2802 236 2840 et
257 2793 351 2838 hoc
378 2793 561 2852 quidam
590 2807 684 2837 non
711 2794 766 2837 de
795 2793 964 2851 Spiritu
992 2793 1180 2846 Sancto,
1207 2793 1287 2836 sed
1317 2793 1374 2838 de
1397 2798 1499 2837 aere
1527 2794 1781 2852 intelligere
1807 2796 1962 2852 velint,
1989 2799 2070 2857 qui

30 2855 43 2883 ‘3
100 2860 241 2909 habet
264 2860 521 2905 naturalem
548 2860 704 2905 locum
727 2874 862 2919 super
889 2874 1082 2918 aquam;
1109 2860 1242 2912 unde,
1271 2860 1325 2903 ad
1353 2862 1450 2918 ejus
1477 2860 1774 2906 multimodas
1800 2872 2074 2908 transmuta-

32 2953 39 2985 5
99 2927 251 2973 tiones
276 2926 614 2985 significandas,
641 2928 813 2971 dictum
837 2936 905 2971 est
930 2927 1052 2985 quod
1069 2927 1290 2985 ferebatur
1313 2935 1438 2985 super
1462 2942 1605 2986 aquas.
1635 2927 1777 2980 Quod
1800 2929 1939 2974 etiam
1965 2931 2074 2976 dici-

27 2991 49 3040 “J
97 2993 327 3053 tur÷(Joel.
355 2994 410 3038 II.
437 2995 555 3051 28.):
582 2994 809 3052 Effundam
837 2994 883 3038 de
907 2995 1057 3052 spiritu
1084 3007 1173 3037 meo
1195 3000 1317 3052 super
1337 3007 1500 3039 omnem
1526 3009 1710 3049 carnem,
1739 3009 1793 3039 ea
1814 2997 1990 3042 ratione
2010 2998 2072 3042 di·

37 3073 49 3105 ’ζ
106 3070 232 3108 ctum
249 3070 349 3105 esse
366 3070 549 3119 oportet
563 3060 756 3119 intelligi
773 3075 861 3119 qua
881 3060 1073 3119 Spiritus
1093 3060 1287 3104 Sanctus
1299 3060 1464 3104 dicitur
1480 3061 1598 3105 mitti
1614 3062 1879 3107 hominibus
1898 3078 1923 3106 a
1936 3064 2070 3109 Patre

41 3150 54 3188 3
97 3126 175 3172 vel
200 3126 333 3182 Filio,
357 3136 406 3171 ut
432 3127 604 3172 dictum
630 3137 723 3181 est;
748 3128 888 3171 verbo
922 3137 1075 3171 autern
1106 3127 1313 3184 effusionis
1345 3127 1621 3172 abundantia
1654 3128 1843 3174 effectus
1878 3130 2070 3189 Spiritus

33 3200 45 3246 ξ’
101 3193 258 3240 Sancti
283 3192 564 3252 intelligitur,
591 3203 637 3238 et
658 3194 781 3252 quod
806 3208 901 3238 non
928 3194 1062 3238 stabit
1087 3195 1132 3236 in
1149 3207 1256 3246 une,
1279 3193 1358 3237 sed
1382 3194 1437 3238 ad
1454 3193 1605 3253 plures
1623 3196 1846 3250 deveniet,
1865 3211 1891 3240 a
1907 3198 2071 3256 quibus

101 3260 241 3305 etiam
266 3260 613 3318 quodammodo
646 3260 692 3304 in
726 3259 841 3304 alios
874 3260 1114 3313 derivetur,
1148 3260 1265 3304 sicut
1294 3270 1418 3318 patet
1450 3261 1496 3304 in
1529 3261 1599 3305 his
1626 3277 1742 3321 quae
1770 3264 2069 3322 corporaliter

31 3328 57 3392 4³
101 3325 405 3373 effunduntur.
1423 3351 1425 3353 -

187 3392 409 3438 Similiter
435 3402 618 3446 autem,
631 3393 755 3452 quod
782 3393 946 3438 dicitur
973 3394 1133 3450 (Num.
1159 3394 1236 3438 XI.
1267 3394 1385 3468 17.)
1410 3395 1618 3453 Auferam
1636 3395 1683 3440 de
1703 3397 1856 3455 spiritu
1875 3402 1957 3450 tuo,
1983 3404 2071 3442 tra-

47 3458 58 3473 '³
97 3459 274 3518 dumque
298 3461 371 3512 eis,
396 3474 490 3504 non
514 3460 603 3504 ad
592 3474 737 3518 ipsam
758 3461 1002 3505 essentiam
1029 3475 1107 3504 seu
1131 3474 1373 3518 personam
1394 3460 1587 3519 Spiritus
1606 3462 1763 3506 Sancti
1781 3462 2070 3508 referendum

44 3539 60 3576 -ξ“
103 3535 187 3580 est,
216 3539 362 3584 quum
398 3526 682 3571 indivisibilis
715 3527 785 3580 sit,
816 3528 895 3571 sed
929 3528 984 3571 ad
1017 3527 1157 3586 ipsius
1189 3526 1393 3582 effectus,
1425 3529 1678 3572 secundum
1713 3543 1827 3588 quos
1859 3530 1905 3573 in
1937 3531 2070 3576 nobis

104 3592 292 3650 habitat,
319 3593 396 3656 qui
422 3593 468 3640 in
493 3593 685 3640 homine
706 3603 898 3655 possunt
922 3595 1078 3653 augeri
1104 3603 1149 3640 et
1174 3593 1319 3639 minui
1338 3609 1350 3649 3
1371 3608 1464 3640 non
1484 3605 1639 3648 tamen
1657 3596 1718 3640 ita
1735 3596 1856 3656 quod
1878 3596 1923 3642 id
1946 3597 2069 3656 quod
