2332 3854
770 205 926 245 Linea
963 205 1037 245 1v.
1078 204 1197 245 cAP.
1238 204 1426 244 xxxtx.
1967 190 2069 258 625

122 309 405 370 suppositum
439 322 594 352 unum.
627 308 729 353 Hoc
764 308 888 352 enim
919 307 1216 353 solummodo
1247 305 1412 352 salvari
1442 313 1632 365 possunt
1659 318 1713 349 ea
1740 318 1856 364 quae
1889 305 1935 350 in
1961 305 2077 350 Scri-

121 375 262 437 pturis
283 376 404 420 circa
429 374 789 419 incarnationem
815 374 1067 419 traduntur.

211 442 371 495 Quum
397 441 521 486 enim
548 441 778 499 Scriptura
808 455 937 485 sacra
967 440 1226 485 indistincte
1257 453 1374 499 quae
1405 449 1511 484 sunt
1541 437 1630 484 Dei
1661 437 1841 483 homini
1866 437 1932 481 illi
1960 437 2077 485 attri-

121 509 228 554 buat
258 518 303 552 et
325 521 441 567 quae
466 517 568 552 sunt
593 506 710 551 illius
734 507 935 551 hominis
962 508 1080 561 Deo,
1105 517 1155 552 ut
1179 521 1233 552 ex
1258 506 1516 565 praemissis
1548 514 1686 564 patet,
1718 514 1901 563 oportet
1933 518 2076 549 unum

119 584 172 621 a>
188 574 401 619 eumdem
428 588 525 619 esse
551 574 606 618 de
634 587 725 632 quo
752 584 940 632 utraque
966 574 1185 618 dicantur.
1220 574 1325 627 Sed,
1358 574 1463 632 quia
1496 572 1706 631 opposita
1731 572 1788 616 de
1813 571 1978 615 eodem
2011 585 2076 615 se-

119 641 319 686 cundum
343 641 467 685 idem
492 640 581 685 dici
595 654 702 684 vere
717 653 812 684 non
830 651 1032 698 possunt,
1055 640 1206 684 divina
1229 650 1380 684 autem
1399 650 1444 684 et
1459 640 1662 683 humana
1678 651 1795 697 quae
1813 637 1868 682 de
1886 637 2074 682 Christo

118 708 328 752 dicuntur
352 707 688 766 oppositionem
712 706 897 759 habent,
918 715 1074 764 utpote
1093 720 1276 764 passum
1303 717 1347 750 et
1371 705 1666 765 impassibile,
1683 714 1916 749 mortuum
1936 714 1979 748 et
1992 704 2075 748 im·

118 773 325 827 mortale,
361 782 405 818 et
442 783 591 818 cetera
621 773 898 830 hujusmodi,
940 786 1126 816 necesse
1159 783 1226 817 est
1257 773 1394 831 quod,
1426 773 1674 817 secundum
1708 771 1830 815 aliud
1862 781 1908 815 et
1937 770 2074 826 aliud,

117 839 269 885 divina
291 849 333 884 et
358 840 559 883 humana
584 839 899 898 praedicentur
924 839 979 882 de
1009 838 1207 882 Christo.
1235 839 1311 882 Sic
1337 839 1487 897 igitur,
1511 849 1731 897 quantum
1755 838 1809 881 ad
1832 837 1878 881 id
1900 838 1955 882 de
1981 851 2073 897 quo

117 916 306 968 utraque
331 906 661 966 praedicantur,
687 919 781 949 non
807 915 875 949 est
901 905 1130 949 distinctio
1156 903 1379 958 facienda,
1405 905 1486 949 sed
1507 905 1733 949 invenitur
1751 904 1920 958 unitas3
1938 918 2076 963 quan-

61 998 66 1005 ·
115 981 214 1018 tum
241 983 394 1018 autern
420 973 476 1016 ad
500 973 547 1016 id
571 972 824 1017 secundum
849 972 972 1030 quod
997 972 1327 1029 praedicantur,
1350 972 1579 1016 distinctio
1606 981 1674 1016 est
1696 970 1918 1016 facienda.
1936 971 2075 1017 Natu·

115 1039 236 1085 rales
253 1049 408 1084 autern
434 1039 731 1098 proprietates
756 1038 1071 1097 praedicantur
1092 1038 1147 1082 de
1169 1052 1446 1097 unoquoque
1465 1039 1717 1083 secundum
1735 1039 1831 1095 ejus
1849 1048 2072 1092 naturam,

114 1105 234 1151 sicut
246 1105 305 1150 de
327 1105 419 1149 hoc
444 1105 595 1164 lapide
620 1104 726 1149 ferri
752 1105 968 1149 deorsum
993 1105 1244 1150 secundum
1265 1115 1474 1149 naturam
1493 1105 1739 1163 gravitatis.
1760 1103 1920 1156 Quum
1937 1105 2074 1164 igitur

115 1171 236 1217 aliud
258 1181 303 1216 et
327 1170 449 1215 aliud
475 1172 532 1216 sit
555 1172 806 1216 secundum
833 1171 955 1230 quod
981 1170 1133 1215 divina
1159 1181 1204 1216 et
1224 1171 1425 1215 humana
1451 1171 1768 1230 praedicantur
1790 1172 1846 1216 de
1869 1171 2072 1226 Christo,

113 1250 298 1283 necesse
325 1247 393 1282 est
418 1237 571 1281 dicere
600 1237 646 1280 in
679 1236 866 1281 Christo
899 1250 997 1281 esse
1030 1238 1140 1282 duas
1171 1248 1354 1282 naturas
1387 1237 1649 1296 inconfusas
1677 1248 1722 1283 et
1746 1237 2070 1295 impermixtas.

111 1303 172 1348 Id»
189 1313 343 1348 autem
370 1304 425 1348 de
451 1318 542 1362 quo
568 1304 885 1362 praedicantur
901 1304 1198 1362 proprietates
1214 1303 1457 1358 naturales,
1476 1304 1728 1348 secundum
1744 1314 1955 1348 naturam
1971 1318 2075 1363 pro·

111 1370 258 1430 priam
284 1370 340 1414 ad
365 1384 509 1428 genus
534 1370 811 1414 substantiae
836 1370 1152 1428 pertinentem,
1184 1381 1252 1415 est
1275 1371 1541 1429 hypostasis
1567 1380 1612 1414 et
1636 1371 1920 1428 suppositum
1952 1370 2073 1415 illius

111 1446 313 1481 naturae.
342 1435 466 1488 Quia
491 1436 627 1494 igitur
651 1436 962 1480 indistinctum
995 1446 1063 1480 est
1095 1447 1140 1481 et
1171 1451 1313 1481 unum
1339 1438 1383 1480 id
1416 1437 1471 1481 de
1497 1451 1588 1495 quo
1621 1437 1823 1480 humana
1848 1446 1895 1481 et
1918 1436 2071 1481 divina

110 1503 426 1561 praedicantur
453 1503 575 1546 circa
605 1503 855 1558 Christum,
881 1516 1067 1547 necesse
1093 1513 1161 1547 est
1186 1504 1337 1548 dicere
1365 1503 1599 1548 Christum
1634 1517 1734 1548 esse
1766 1517 1907 1547 unam
1931 1503 2073 1562 hypo.-

110 1570 270 1614 stasim
295 1579 341 1613 et
364 1583 508 1613 unum
533 1570 819 1628 suppositum
850 1569 1080 1613 humanae
1112 1579 1155 1614 et
1188 1570 1367 1614 divinae
1399 1579 1603 1615 naturae.
1631 1570 1707 1614 Sic
1734 1571 1858 1614 enim
1883 1583 1993 1616 vere
2025 1579 2071 1615 et

109 1638 290 1695 propr-ie
316 1635 371 1680 de
396 1636 585 1680 homine
609 1636 691 1679 illo
717 1635 1095 1694 praedicabuntur
1120 1637 1286 1690 divina,
1309 1636 1560 1681 secundum
1577 1637 1669 1680 hoc
1691 1636 1815 1695 quod
1830 1636 1976 1681 homo
1992 1635 2070 1681 ille

109 1704 326 1761 importat
345 1702 644 1760 suppositum,
662 1716 755 1746 non
772 1701 927 1746 solum
948 1703 1178 1746 humanae
1199 1714 1401 1758 naturae,
1419 1703 1498 1747 sed
1520 1703 1723 1757 divinae;
1742 1713 1787 1747 et
1803 1717 1828 1747 e
1846 1717 2068 1748 converso

108 1768 171 1813 de
190 1767 345 1814 Verbo
374 1769 464 1813 Dei
495 1768 810 1826 praedicantur
840 1769 1058 1823 humana,
1089 1770 1138 1813 in
1168 1779 1390 1828 quantum
1423 1780 1490 1814 est
1521 1769 1809 1828 suppositum
1834 1769 2064 1814 humanae

105 1845 310 1880 naturae.
1977 1890 1984 1893 μ

195 1901 263 1945 Ex
286 1915 379 1961 quo
405 1903 544 1946 etiam
568 1911 692 1960 patet
721 1902 858 1961 quod,
889 1901 997 1946 licet
1027 1902 1166 1947 Filius
1192 1905 1249 1948 sit
1273 1903 1550 1958 incarnatus,
1575 1917 1669 1947 non
1700 1913 1857 1948 tamen
1888 1913 2069 1962 oportet

106 1968 289 2013 Patrem
314 1967 389 2012 vel
410 1968 628 2026 Spiritum
652 1968 872 2013 Sanctum
896 1983 995 2014 esse
1011 1970 1313 2023 incarnatum,
1331 1984 1472 2028 quum
1488 1970 1742 2015 incarnatio
1759 1983 1853 2015 non
1869 1970 1927 2014 sit
1947 1970 2068 2014 facta

106 2034 358 2079 secundum
383 2035 603 2078 unionem
628 2035 674 2078 in
700 2045 860 2079 natura
886 2035 933 2079 in
960 2050 1048 2094 qua
1079 2047 1168 2080 tres
1200 2050 1422 2094 personae
1455 2036 1953 2091 divinaefconveniunt,
1985 2036 2066 2081 sed

72 2122 75 2125 Δ
106 2101 360 2146 secundum
384 2101 669 2159 hypostasim
697 2112 742 2145 et
767 2102 1068 2160 suppositum,
1095 2112 1230 2161 prout
1253 2113 1342 2148 tres
1370 2117 1593 2161 personae
1626 2103 1990 2160 distinguuntur-3
2023 2113 2067 2147 et

105 2168 186 2222 sic,
212 2168 328 2212 sicut
351 2167 397 2211 in
425 2167 647 2212 Trinitate
670 2178 774 2212 sunt
798 2167 948 2226 plures
974 2182 1196 2227 personae
1222 2169 1515 2214 subsistentes
1541 2170 1587 2213 in
1615 2183 1705 2214 una
1729 2179 1905 2225 natura,
1931 2170 1994 2215 ita
2019 2171 2064 2215 in

106 2234 325 2294 mysterio
348 2234 674 2279 incarnationis
702 2245 771 2279 est
793 2248 884 2278 una
904 2248 1100 2293 persona
1126 2236 1374 2281 subsistens
1401 2237 1447 2280 in
1473 2235 1674 2295 pluribus
1700 2237 1884 2282 naturis.

417 2521 783 2576 OBJECTIONES
825 2522 1050 2562 CONTRA
1088 2524 1259 2562 FIDEM
1298 2524 1748 2564 INCARNATIONIS.

192 2629 284 2674 Sed
310 2638 469 2674 contra
500 2629 618 2674 hanc
646 2630 899 2675 catholicae
932 2630 1036 2675 fidei
1067 2633 1337 2676 sententiam
1371 2633 1522 2691 plures
1555 2631 1843 2677 difficultates
1875 2645 2062 2677 concur-

101 2705 219 2750 runt,
243 2706 427 2754 propter
450 2710 562 2755 quas
588 2695 831 2741 adversarii
857 2697 962 2741 fidei
987 2698 1350 2743 incarnationem
1376 2702 1661 2757 impugnant.

192 2762 444 2808 Ostensum
471 2772 538 2806 est
563 2762 688 2807 enim
712 2763 759 2807 in
785 2764 932 2821 primo
959 2765 1019 2821 (c.
1049 2765 1141 2821 20.)
1169 2766 1292 2823 quod
1312 2766 1438 2809 Deus
1463 2779 1611 2823 neque
1635 2779 1800 2823 corpus
1818 2775 1898 2819 est,
1911 2779 2059 2824 neque

99 2828 240 2873 virtus
263 2829 312 2873 in
338 2843 544 2888 corpore.
573 2829 623 2873 Si
649 2839 800 2873 autern
827 2843 1012 2874 carnem
1040 2831 1296 2889 assumpsit,
1323 2832 1525 2890 sequitur
1547 2831 1671 2889 quod
1696 2830 1771 2875 vel
1788 2831 1846 2876 sit
1860 2842 2060 2877 mutatus

98 2894 147 2938 in
182 2908 361 2953 corpus,
393 2894 467 2939 vel
503 2895 626 2954 quod
658 2896 715 2940 sit
746 2896 885 2940 virtus
916 2898 961 2940 in
995 2910 1187 2955 corpore
1221 2908 1323 2955 post
1354 2898 1733 2942 incarnationem.
1770 2898 2059 2956 Impossibile

16 2977 25 2992 ε
97 2961 235 3020 igitur
258 2961 435 3006 videtur
460 2962 613 3007 Deum
639 2961 775 3006 fuisse
801 2963 1102 3006 incarnatum.

186 3027 324 3072 Item:
350 3041 489 3072 omne
517 3028 639 3086 quod
666 3028 855 3086 acquirit
880 3042 1050 3072 novam
1076 3039 1286 3073 naturam
1313 3041 1380 3075 est
1402 3030 1684 3075 substantiali
1701 3031 1943 3075 mutationi
1959 3031 2058 3075 sub-

97 3095 269 3152 jectum
281 3109 293 3148 ;
305 3094 557 3138 secundum
573 3095 663 3138 hoc
681 3095 804 3138 enim
822 3094 989 3153 aliquid
1008 3106 1247 3152 generatur
1260 3097 1382 3154 quod
1404 3107 1613 3141 naturam
1631 3097 1831 3156 aliquam
1853 3098 2055 3156 acquirit.

19 3173 28 3206 5
99 3159 151 3206 Si
171 3159 309 3218 igitur
333 3160 590 3219 hypostasis
606 3160 707 3204 Filii
723 3161 811 3204 Dei
828 3160 905 3204 fiat
922 3161 978 3205 de
995 3175 1119 3205 novo
1137 3162 1381 3207 subsistens
1400 3164 1445 3207 in
1466 3174 1627 3207 natura
1644 3164 1862 3219 humana,
1880 3164 2057 3211 videtur
2121 3170 2124 3173 ’

96 3226 219 3284 quod
245 3238 363 3270 esset
386 3226 738 3271 substantialiter
763 3238 950 3272 mutata.

115 3286 118 3290 ’
181 3292 372 3336 Adhuc:
398 3292 524 3336 nulla
549 3293 805 3351 hypostasis
832 3294 1021 3351 alicujus
1047 3305 1234 3339 naturae
1261 3297 1513 3340 extenditur
1531 3306 1655 3341 extra
1670 3307 1881 3342 naturam
1898 3296 2054 3352 illam;

97 3358 205 3417 quin
229 3359 379 3417 potius
403 3367 563 3403 natura
587 3360 814 3404 invenitur
837 3371 961 3406 extra
984 3361 1284 3419 hypostasim,
1312 3373 1466 3420 utpote
1494 3363 1661 3408 multas
1679 3364 1951 3423 hypostases
1970 3364 2052 3408 sub

95 3437 145 3470 se
170 3425 355 3488 habens.
383 3424 434 3468 Si
457 3425 592 3483 igitur
614 3426 871 3484 hypostasis
893 3426 992 3470 Filii
1010 3428 1096 3470 Dei
1109 3429 1165 3471 sit
1182 3442 1260 3486 per
1278 3430 1640 3474 incarnationem
1657 3429 1776 3473 facta
1793 3430 2053 3488 hypostasis

17 3488 21 3492 ”
96 3490 325 3535 humanae
349 3501 551 3545 naturae,
576 3492 775 3550 sequitur
805 3493 927 3551 quod
960 3493 1097 3537 Filius
1129 3494 1217 3538 Dei
1247 3508 1340 3538 non
1372 3495 1430 3540 sit
1460 3495 1626 3555 ubique
1653 3506 1756 3554 post
1781 3496 2054 3541 incarnatio-

18 3586 31 3622 ⁸,
94 3570 218 3612 nem,
244 3570 386 3616 quum
410 3557 613 3601 humana
636 3568 795 3603 natura
820 3559 986 3619 ubique
1013 3574 1107 3604 non
1132 3560 1202 3605 sit.

228 3659 266 3693 S.
290 3658 444 3694 Tuoiuu
469 3659 602 3694 Summa
624 3667 734 3695 eontra
754 3661 908 3696 Gentiles.
1870 3675 1913 3706 40
