2332 3854
794 230 948 270 LIBER
987 231 1044 272 11.
1086 231 1206 270 cAP.
1247 226 1435 269 Lxxm.
1991 226 2096 281 219

42 322 63 385 ἶ,
138 346 264 379 mam
288 334 422 393 hujus
454 333 656 378 hominis
681 333 858 393 ingredi
883 333 1005 379 aliud
1037 347 1202 394 corpus
1236 346 1376 393 quam
1396 323 1533 377 'istius
1564 330 1779 376 hominis.
1822 330 1912 375 Sed
1946 330 2098 374 anima

135 400 270 459 hujus
301 400 502 445 hominis
527 409 595 445 est
619 414 698 459 per
723 414 861 459 quam
888 401 962 445 hic
990 401 1133 446 homo
1159 399 1398 459 intelligit;
1423 399 1570 443 homo
1611 398 1733 442 enim
1774 411 1854 457 per
1894 398 2096 441 animam

134 466 363 527 intelligit,
402 467 654 511 secundum
695 468 966 511 sententiam
1009 467 1270 513 Aristotelis
1295 468 1341 512 in
1374 466 1523 526 primo
1555 466 1626 510 De
1660 465 1813 509 anima
1846 466 1897 522 (t.
1922 478 1960 508 c.
1988 463 2098 522 64.).

135 532 244 579 Non
276 543 345 578 est
369 535 504 592 igitur
529 547 644 577 unus
678 533 935 578 intellectus
961 534 1088 579 istius
1116 544 1160 579 et
1185 534 1305 579 illius
1336 534 1552 578 hominis.

224 600 461 660 Amplius:
489 601 543 644 ab
571 601 736 645 eodem
778 600 948 660 aliquid
974 601 1111 645 habet
1138 615 1236 646 esse
1263 611 1309 646 et
1334 602 1578 655 unitatem3
1620 613 1761 644 unum
1795 598 1918 643 enim
1945 608 1990 643 et
2015 612 2096 643 ens

133 677 559 727 seconsequuntur.
589 667 679 712 Sed
706 668 1063 727 unumquodque
1090 668 1227 712 habet
1261 681 1358 712 esse
1384 681 1465 728 per
1489 681 1620 712 suam
1651 666 1865 711 formam.
1902 665 2024 724 Ergo
2052 674 2098 710 et

133 735 283 780 unitas
313 736 378 780 rei
401 735 604 795 sequitur
629 735 850 779 unitatem
876 734 1067 779 formae.
1106 734 1393 794 Impossibile
1421 746 1487 779 est
1517 735 1652 794 igitur
1677 733 1960 778 diversorum
1987 731 2098 775 indi-

44 795 57 809 *
132 801 376 847 viduorum
401 802 645 846 hominum
672 815 770 846 esse
801 801 1002 845 formam
1034 815 1188 845 unam.
1216 802 1384 845 Forma
1412 812 1562 846 autem
1606 801 1742 860 hujus
1784 799 1987 844 hominis
2029 809 2098 843 est

134 868 288 913 anima
311 867 603 914 intellectiva.
628 868 917 927 Impossibile
944 878 1009 913 est
1042 869 1179 927 igitur
1211 871 1419 913 omnium
1456 869 1701 913 hominum
1738 880 1836 912 esse
1862 880 2006 911 unum
2032 866 2100 910 in-

133 934 382 981 tellectum.

224 1002 275 1046 Si
306 1011 459 1047 autem
485 1003 661 1048 dicatur
685 1002 808 1062 quod
842 1002 995 1046 anima
1021 1002 1237 1047 sensitiva
1262 1002 1396 1060 hujus
1422 1002 1625 1047 hominis
1651 1002 1708 1047 sit
1735 1000 1823 1046 alia
1856 1001 1911 1045 ab
1946 999 2099 1045 anima

69 1107 74 1115 .
133 1069 347 1114 sensitiva
372 1069 507 1124 illius,
535 1079 580 1114 et
610 1083 692 1129 pro
719 1078 846 1114 tanto
873 1083 967 1113 non
995 1079 1062 1114 est
1093 1084 1208 1114 unus
1241 1069 1402 1122 homo,
1443 1068 1551 1114 licet
1582 1070 1639 1113 sit
1669 1083 1786 1114 unus
1826 1067 2098 1122 intellectus,

132 1135 224 1181 hoc
248 1145 368 1181 stare
395 1150 490 1180 non
516 1146 678 1196 potest.
705 1135 896 1195 Propria
918 1137 1043 1181 enim
1066 1136 1272 1196 operatio
1297 1135 1535 1194 cujuslibet
1557 1136 1622 1180 rei
1648 1137 1941 1195 consequitur
1963 1145 2008 1179 et
2028 1135 2102 1180 de-

131 1212 357 1248 monstrat
381 1203 585 1262 speciem
617 1203 773 1262 ipsius,
801 1203 930 1248 Sicut
955 1213 1109 1248 autem
1137 1203 1347 1247 animalis
1379 1205 1562 1262 propria
1589 1203 1795 1262 operatio
1823 1211 1891 1247 est
1916 1202 2098 1256 sentire,

130 1267 194 1314 ita
217 1269 419 1314 hominis
440 1270 621 1330 propria
644 1271 850 1329 operatio
869 1281 936 1315 est
951 1270 1223 1329 intelligere,
1242 1280 1290 1314 ut
1306 1270 1576 1314 Aristoteles
1594 1270 1704 1314 dicit
1719 1270 1764 1314 in
1783 1270 1932 1329 primo
1949 1268 2098 1314 Ethic.

133 1336 195 1394 (c.
221 1337 300 1396 9.).
334 1336 469 1382 Unde
496 1347 677 1397 oportet
702 1338 838 1396 quod,
866 1338 983 1382 sicut
1012 1338 1158 1381 homo
1190 1337 1475 1381 individuum
1503 1347 1571 1382 est
1596 1337 1767 1381 animal
1799 1346 1983 1396 propter
2003 1349 2102 1381 sen·

132 1417 250 1459 sum,
276 1404 528 1448 secundum
571 1404 868 1449 Aristotelem
901 1405 948 1448 in
974 1404 1177 1449 secundo
1209 1405 1281 1448 De
1314 1404 1468 1448 anima
1495 1405 1546 1461 (t.
1580 1418 1619 1449 c.
1651 1404 1754 1462 17.),
1780 1404 1842 1448 ita
1867 1403 1925 1448 sit
1949 1403 2096 1448 homo

131 1479 317 1530 propter
340 1471 387 1515 id
413 1485 505 1530 quo
537 1470 762 1530 intelligit.
796 1471 846 1515 Id
880 1480 1033 1516 autem
1066 1485 1157 1530 quo
1184 1469 1397 1529 intelligit
1429 1470 1582 1514 anima
1616 1470 1692 1515 vel
1723 1470 1868 1515 homo
1895 1484 1975 1530 per
2007 1470 2101 1515 ani-

132 1551 259 1582 mam
295 1546 364 1582 est
401 1537 659 1582 intellectus
699 1537 941 1597 possibilis,
981 1548 1031 1582 ut
1056 1537 1220 1582 dicitur
1244 1537 1291 1581 in
1315 1538 1449 1581 tertio
1483 1538 1554 1581 De
1581 1537 1735 1581 anima
1767 1539 1820 1596 (t.
1849 1551 1886 1581 c.
1919 1537 1994 1595 5.).
2020 1537 2102 1582 Est

130 1603 268 1663 igitur
290 1604 382 1649 hoc
407 1604 692 1649 individuum
718 1605 863 1650 homo
889 1619 971 1664 per
1000 1603 1286 1649 intellectum
1314 1604 1593 1663 possibilem.
1621 1604 1670 1648 Si
1695 1604 1834 1662 igitur
1854 1604 1930 1648 hic
1952 1603 2099 1648 homo

131 1670 271 1716 habet
301 1670 441 1716 aliam
467 1672 669 1716 animam
710 1672 974 1716 sensitivam
1002 1685 1107 1716 cum
1136 1671 1227 1716 alio
1254 1671 1461 1726 homine,
1494 1685 1588 1715 non
1617 1681 1772 1715 autem
1805 1670 1946 1714 alium
1971 1670 2101 1715 intel-

131 1737 303 1783 lectum
327 1738 606 1798 possibilem,
633 1739 712 1784 sed
739 1753 882 1783 unum
914 1747 957 1783 et
984 1739 1214 1793 eumdem,
1240 1739 1442 1797 sequitur
1469 1738 1592 1797 quod
1619 1737 1709 1781 sint
1740 1737 1832 1782 duo
1866 1737 2097 1792 animalia,

131 1805 211 1850 sed
235 1818 330 1850 non
356 1805 448 1850 duo
475 1806 712 1861 homines3
745 1806 867 1865 quod
893 1816 1017 1865 patet
1041 1805 1324 1866 impossibile
1359 1819 1472 1850 esse.
1498 1805 1607 1849 Non
1633 1805 1771 1864 igitur
1797 1815 1864 1850 est
1896 1819 2012 1850 unus
2033 1806 2097 1849 in-

130 1870 339 1917 tellectus
363 1871 590 1932 possibilis
624 1873 834 1917 omnium
859 1873 1119 1918 hominum.

220 1939 304 1984 His
335 1949 489 1985 autem
519 1940 768 1985 rationibus
807 1941 1053 1999 respondet
1094 1940 1449 1985 Commentator
1479 1939 1736 1999 praedictus
1767 1939 1815 1983 in
1857 1939 1992 1984 tertio
2025 1939 2098 1984 De

133 2005 287 2050 anima
311 2007 365 2064 (t.
388 2021 426 2053 c.
459 2007 535 2065 5.),
560 2007 715 2052 dicens
747 2008 871 2066 quod
895 2006 1152 2066 intellectus
1178 2006 1406 2065 possibilis
1433 2007 1725 2051 continuatur
1754 2007 1997 2051 nobiscum
2018 2020 2100 2066 per

130 2071 331 2118 formam
354 2087 500 2128 suam,
526 2073 701 2119 scilicet
724 2088 803 2133 per
829 2075 1031 2134 speciem
1055 2073 1406 2132 intelligibilem,
1433 2075 1560 2133 cujus
1587 2087 1731 2118 unum
1752 2074 2006 2132 subjectum
2031 2083 2101 2118 est

130 2140 403 2199 phantasma
426 2140 474 2185 in
498 2141 630 2186 nobis
666 2142 900 2196 exsistens,
931 2141 1055 2201 quod
1082 2151 1150 2186 est
1180 2141 1228 2185 in
1256 2141 1443 2186 diversis
1471 2142 1729 2196 diversum3
1763 2150 1808 2185 et
1831 2141 1897 2185 sic
1922 2139 2100 2185 intelle-

131 2216 231 2252 ctus
259 2208 487 2267 possibilis
517 2218 783 2253 numeratur
809 2209 855 2252 in
889 2209 1091 2263 diversis,
1117 2222 1212 2253 non
1235 2208 1412 2253 ratione
1438 2222 1549 2253 suae
1585 2208 1878 2262 substantiae,
1915 2208 1994 2252 sed
2030 2222 2099 2251 ra-

129 2275 255 2319 tione
281 2289 391 2320 suae
415 2274 608 2320 formae.

221 2341 363 2395 Quod
389 2352 543 2388 autem
563 2343 680 2387 haec
703 2343 940 2402 responsio
966 2342 1091 2388 nulla
1117 2343 1189 2397 sit,
1217 2353 1404 2403 apparet
1424 2357 1505 2402 per
1531 2357 1587 2387 ea
1612 2357 1728 2402 quae
1755 2356 1891 2402 supra
1916 2344 1978 2402 (c.
2006 2343 2095 2403 59.)

130 2408 249 2453 dicta
280 2419 397 2454 sunt.
432 2409 684 2455 Ostensum
711 2420 779 2455 est
803 2411 927 2455 enim
959 2425 1095 2470 supra
1120 2411 1244 2470 quod
1280 2424 1375 2455 non
1408 2420 1475 2455 est
1514 2409 1730 2469 possibile
1769 2410 2012 2454 hominem
2037 2410 2101 2454 in·

128 2474 350 2534 telligere,
374 2476 415 2521 si
444 2477 510 2521 sic
545 2476 698 2521 solum
739 2476 996 2522 intellectus
1037 2477 1264 2537 possibilis
1306 2477 1647 2522 continuaretur
1686 2477 1942 2521 nobiscum.
1975 2477 2098 2521 Dato

131 2551 286 2587 autem
310 2543 432 2603 quod
459 2544 691 2603 praedicta
723 2545 1006 2589 continuatio
1033 2544 1262 2590 sufficeret
1287 2544 1344 2587 ad
1375 2544 1481 2598 hoc,
1509 2544 1633 2603 quod
1659 2544 1804 2589 homo
1828 2552 1947 2589 esset
1971 2544 2100 2589 intel-

130 2608 291 2669 ligens,
317 2610 466 2655 adhuc
491 2611 730 2670 responsio
757 2612 878 2656 dicta
903 2612 1102 2656 rationes
1129 2611 1410 2671 supradictas
1437 2625 1532 2655 non
1559 2611 1708 2656 solvit.

185 2701 188 2704 ⁴
218 2675 485 2722 Secundum
510 2679 634 2723 enim
661 2678 830 2723 dictam
851 2678 1145 2738 positionem,
1171 2677 1287 2722 nihil
1314 2677 1370 2721 ad
1394 2677 1679 2723 intellectum
1700 2678 1929 2737 pertinens
1951 2691 2094 2722 rema-

34 2781 43 2798 ,
131 2742 256 2789 nebit
275 2754 567 2789 numeratum
589 2745 843 2790 secundum
866 2745 1206 2790 multitudinem
1227 2744 1488 2799 hominum,
1510 2745 1598 2788 nisi
1623 2744 1774 2789 solum
1797 2745 2097 2804 phantasma;

9 2811 12 2813 ’
132 2819 178 2855 et
199 2809 293 2856 hoc
322 2811 472 2871 ipsum
498 2812 770 2871 phantasma
796 2826 890 2857 non
917 2813 1001 2857 erit
1025 2822 1319 2857 numeratum
1351 2812 1604 2855 secundum
1646 2811 1769 2870 quod
1810 2810 2095 2856 intellectum

4 2875 43 2904 '·
132 2887 201 2923 est
221 2878 270 2922 in
296 2888 415 2933 actu,
441 2881 546 2938 quia
577 2880 642 2924 sic
665 2889 732 2923 est
762 2879 808 2923 in
844 2879 1081 2924 intellectu
1113 2878 1318 2938 possibili
1344 2887 1388 2923 et
1420 2889 1489 2922 est
1522 2879 1800 2923 abstractum
1833 2893 1859 2922 a
1891 2879 2099 2923 materia·

131 2944 248 2990 libus
274 2947 609 2991 conditionibus
635 2961 714 3007 per
739 2946 1024 2991 intellectum
1052 2957 1278 3005 agentem.
1306 2946 1588 2990 Phantasma
1630 2956 1799 2999 autem,
1842 2945 2096 2990 secundum

132 3013 255 3071 quod
280 3023 348 3058 est
373 3012 655 3058 intellectum
681 3014 728 3058 in
754 3016 971 3073 potentia,
998 3029 1092 3059 non
1120 3014 1298 3058 excedit
1324 3013 1517 3073 gradum
1544 3014 1725 3058 animae
1753 3013 2009 3058 sensitivae.

220 3079 410 3124 Adhuc:
445 3094 539 3125 non
564 3081 816 3126 remanebit
842 3082 956 3126 alius
983 3082 1058 3126 hic
1084 3082 1230 3126 homo
1259 3082 1312 3125 ab
1338 3081 1436 3136 illo,
1462 3081 1550 3126 nisi
1581 3096 1662 3140 per
1694 3081 1897 3124 animam
1924 3081 2095 3126 sensiti-

131 3157 261 3200 vam3
284 3156 329 3191 et
348 3147 549 3207 sequitur
569 3148 852 3207 praedictum
874 3148 1218 3203 inconveniens,
1241 3148 1364 3208 quod
1386 3162 1480 3193 non
1503 3148 1593 3192 sint
1612 3147 1763 3207 plures
1785 3147 1998 3192 homines
2019 3147 2096 3194 hic

12 3212 18 3219 ’
47 3245 51 3252 .
133 3220 179 3257 et
200 3211 294 3257 ille.

26 3278 53 3293 *¹
220 3278 481 3324 Praeterea:
507 3280 620 3325 nihil
646 3281 830 3325 sortitur
854 3283 1055 3340 speciem
1083 3297 1162 3341 per
1192 3282 1238 3326 id
1265 3282 1388 3341 quod
1415 3291 1484 3326 est
1508 3282 1554 3325 in
1581 3282 1798 3341 potentia,
1830 3282 1909 3326 sed
1941 3295 2020 3340 per
2045 3281 2090 3326 id

132 3344 255 3404 quod
280 3355 349 3390 est
373 3356 490 3391 actu.
523 3346 803 3392 Phantasma
829 3358 997 3403 autem,
1023 3349 1277 3394 secundum
1318 3349 1441 3408 quod
1469 3358 1536 3393 est
1560 3359 1868 3403 numeratum,
1901 3359 1970 3394 est
1999 3359 2094 3394 tan-

132 3421 231 3455 tum
254 3411 301 3456 in
332 3414 535 3472 potentia
563 3414 619 3458 ad
645 3428 745 3459 esse
769 3415 1067 3475 intelligibile.
1090 3416 1212 3475 Ergo
1246 3430 1324 3474 per
1350 3416 1637 3475 phantasma,
1679 3417 1931 3460 secundum
1972 3416 2095 3475 quod

133 3488 410 3534 numeratur,
434 3494 529 3525 non
555 3482 738 3526 sortitur
761 3481 853 3527 hoc
879 3482 1163 3527 individuum
1190 3483 1391 3542 speciem
1424 3482 1634 3527 animalis
1660 3482 1940 3538 intellectivi‚
1968 3483 2092 3543 quod

134 3553 203 3589 est
230 3544 348 3591 ratio
372 3545 597 3603 hominis3
623 3557 670 3592 et
691 3547 757 3592 sic
782 3549 1036 3595 remanebit
1075 3549 1200 3604 illud,
1227 3549 1351 3609 quod
1383 3549 1584 3609 speciem
1616 3549 1871 3595 humanam
1897 3550 1973 3595 dat
1998 3564 2093 3595 non

134 3621 233 3656 esse
261 3622 553 3659 numeratum
578 3613 625 3658 in
651 3613 852 3660 diversis.
