2332 3854
851 231 1005 271 mmm
1044 230 1101 270 11.
1142 229 1264 269 cap·
1305 229 1416 268 xm.
1994 229 2096 284 271

149 339 197 384 in
224 337 373 393 coelo,
398 337 513 383 sicut
538 350 620 396 per
634 335 1022 381 considerationes
1040 333 1378 392 astrologorum
1394 331 1622 392 probatur.
1643 330 1839 389 Oportet
1854 330 1992 390 igitur
2009 346 2107 377 esse

150 404 302 467 plures
328 413 530 449 motores
555 403 632 462 qui
658 417 751 447 non
778 411 1048 446 moveantur
1065 413 1214 460 neque
1230 413 1310 459 per
1331 413 1395 453 se,
1410 413 1559 458 neque
1575 412 1654 458 per
1674 397 1900 442 accidens.
1917 398 2108 443 Nullum

153 481 306 517 autem
325 484 489 530 corpus
507 479 665 514 movet
685 470 770 513 nisi
794 478 986 521 motum,
1009 477 1058 511 ut
1074 481 1206 526 supra
1223 466 1464 525 probatum
1483 475 1549 510 est
1570 465 1689 523 (Lib.
1708 464 1742 508 Ι.
1762 478 1800 509 c.
1824 463 1933 523 13.);
1956 475 2110 509 motor

153 548 308 583 autem
333 538 644 596 incorporeus,
670 536 820 580 unitus
843 534 1039 592 corpori,
1062 543 1273 578 movetur
1293 547 1371 593 per
1393 532 1604 576 accidens
1622 531 1677 575 ad
1694 541 1873 575 motum
1892 531 2109 590 corporis,

152 606 270 651 sicut
293 614 417 663 patet
442 604 498 648 de
525 602 691 648 anima.
721 602 917 661 Oportet
943 600 1079 658 igitur
1106 614 1203 644 esse
1229 599 1380 659 plures
1402 608 1604 643 motores
1622 598 1698 658 qui
1723 611 1870 657 neque
1897 598 1985 642 sint
2017 612 2112 642 cor-

153 685 281 732 pora,
306 685 454 730 neque
482 669 748 729 corporibus
774 667 898 712 uniti.
918 667 1071 711 Motus
1090 677 1241 711 autern
1260 666 1480 711 coelestes
1497 674 1598 710 sunt
1617 665 1670 709 ab
1690 664 1843 724 aliquo
1862 664 2110 719 intellectu,

155 747 205 783 ut
229 752 363 797 supra
389 736 509 795 (Lib.
536 737 569 780 I.
598 750 635 780 c.
663 734 755 792 20.)
781 734 1021 794 probatum
1049 743 1129 779 est.
1158 733 1273 778 Sunt
1298 733 1433 792 igitur
1458 732 1609 792 plures
1636 731 1911 777 substantiae
1942 730 2113 776 intelle-

155 803 327 850 ctuales
353 803 619 863 corporibus
645 815 739 846 non
765 801 930 845 unitae.

246 870 330 916 His
356 880 509 914 autem
537 868 787 913 concordat
812 867 1032 912 sententia
1059 866 1271 926 Dionysii
1305 867 1424 926 (cap.
1442 867 1513 911 De
1532 866 1671 911 divin.
1687 865 1900 923 nomin),
1922 865 2112 910 dicentis

155 937 212 984 de
238 936 411 995 angelis
437 935 559 996 quod
588 951 611 977 <t
629 936 742 980 sicut
773 934 1098 979 immateriales
1131 945 1175 978 et
1205 935 1462 993 incorporei
1490 933 1800 993 intelliguntur
1817 950 1858 978 ».

243 1004 332 1049 Per
356 1004 446 1048 hoc
475 1012 626 1046 autem
655 1001 905 1046 excluditur
922 1015 1048 1045 error
1066 1001 1455 1055 Sadducaeorum,
1473 1001 1550 1060 qui
1567 1001 1776 1045 dicebant
1791 999 1999 1060 spiritum
2018 1013 2113 1044 non

76 1100 82 1107 -
156 1085 280 1126 esse;
306 1079 351 1115 et
375 1069 543 1129 positio
581 1069 869 1128 antiquorum
906 1067 1195 1122 naturalium,
1232 1068 1309 1127 qui
1345 1068 1556 1112 dicebant
1591 1082 1780 1112 ornnem
1815 1066 2113 1111 substantiam

156 1151 427 1197 corpoream
461 1150 582 1192 esse;
616 1136 782 1195 positio
820 1135 954 1179 etiam
996 1135 1226 1193 Origenis,
1263 1135 1341 1194 qui
1374 1135 1483 1179 dixit
1513 1135 1636 1194 (Περὶ
1662 1134 1778 1193 Ἀρχ.
1816 1148 1855 1178 c.
1893 1133 1955 1191 6.)
1990 1134 2113 1193 quod

155 1204 282 1249 nulla
307 1203 569 1258 substantia,
596 1212 699 1262 post
726 1201 999 1246 Trinitatem
1027 1202 1241 1256 divinam,
1270 1202 1436 1261 absque
1463 1215 1656 1260 corpore
1677 1210 1828 1260 potest
1848 1201 2112 1255 subsistere;

156 1282 203 1316 et
226 1271 434 1316 omnium
462 1270 656 1315 aliorum
681 1269 950 1329 ponentium
978 1283 1139 1314 omnes
1167 1268 1371 1328 angelos,
1397 1269 1542 1314 bonos
1569 1279 1613 1314 et
1638 1267 1802 1323 malos,
1827 1268 1994 1313 habere
2021 1281 2118 1312 cor·

156 1352 270 1398 pora
294 1337 557 1383 naturaliter
582 1337 667 1382 sibi
693 1337 832 1381 unita.

899 1490 1154 1547 CAPUT
1195 1490 1375 1545 XCII.

413 1627 486 1665 DE
526 1627 916 1666 MULTITUDINE
956 1624 1414 1665 sUBsTANTIARUM
1453 1623 1864 1664 SEPARATARUM.

246 1736 495 1782 Sciendum
523 1746 590 1781 est
616 1746 768 1780 autem
807 1735 929 1794 quod
965 1734 1237 1779 Aristoteles
1274 1734 1467 1792 probare
1500 1734 1670 1787 nititur,
1703 1748 1798 1778 non
1833 1733 1986 1778 solum
2018 1747 2117 1779 esse

158 1803 332 1864 aliquas
357 1803 628 1848 substantias
660 1802 988 1847 intellectuales
1021 1803 1188 1861 absque
1222 1816 1429 1861 corpore,
1462 1803 1540 1845 sed
1573 1802 1712 1846 etiam
1735 1801 1858 1861 quod
1880 1811 1983 1846 sunt
2009 1803 2122 1860 ejus-

157 1872 263 1916 dem
288 1871 467 1916 numeri
492 1872 620 1930 cujus
647 1880 751 1915 sunt
777 1879 929 1914 motus
952 1869 1220 1928 deprehensi
1238 1870 1282 1913 in
1310 1868 1458 1924 coelo,
1485 1883 1632 1929 neque
1654 1868 1820 1929 plures,
1847 1883 1994 1928 neque
2016 1883 2122 1929 pau-

159 1938 320 1983 ciores.

246 2004 416 2049 Probat
446 2003 570 2048 enim
602 2003 806 2062 (decimo
838 2003 1039 2048 secundo
1071 2002 1273 2062 Metaph.
1305 2012 1336 2046 t.
1370 2016 1408 2046 c.
1441 2002 1534 2059 48.)
1567 2003 1688 2062 quod
1720 2017 1814 2047 non
1847 2012 1951 2047 sunt
1983 2002 2122 2062 aliqui

161 2081 315 2116 motus
355 2072 401 2115 in
433 2070 566 2130 coelo
599 2070 677 2129 qui
709 2084 734 2114 a
765 2070 897 2114 nobis
929 2070 1203 2129 deprehendi
1237 2083 1331 2113 non
1363 2070 1551 2128 possint,
1582 2084 1661 2129 per
1691 2070 1782 2114 hoc
1815 2070 1938 2129 quod
1970 2070 2122 2115 omnis

160 2147 313 2182 motus
339 2137 415 2197 qui
441 2146 508 2181 est
533 2137 579 2180 in
607 2136 739 2181 coelo
768 2146 835 2181 est
859 2147 1045 2196 propter
1067 2146 1245 2196 motum
1274 2135 1462 2195 alicujus
1480 2135 1638 2181 stellae
1655 2151 1771 2196 quae
1790 2136 2121 2191 sensibilis-est3

160 2205 292 2250 orbes
315 2204 438 2248 enim
460 2202 664 2248 deferunt
681 2202 832 2247 stellas
847 2220 858 2258 ;
876 2214 1028 2248 motus
1055 2214 1209 2248 autem
1227 2203 1468 2249 deferentis
1486 2213 1553 2248 est
1569 2214 1752 2263 propter
1774 2214 1951 2249 motum
1970 2204 2122 2249 delati.

247 2267 364 2315 Item
390 2271 553 2328 probat
579 2270 677 2327 (ubi
702 2270 857 2328 supra)
889 2270 1012 2330 quod
1045 2285 1139 2314 non
1172 2281 1277 2315 sunt
1309 2270 1487 2330 aliquae
1519 2271 1797 2315 substantiae
1828 2282 2064 2330 separatae
2098 2285 2124 2315 a

158 2337 320 2398 quibus
345 2350 439 2381 non
469 2337 738 2397 proveniant
765 2337 903 2396 aliqui
930 2348 1082 2381 motus
1109 2338 1155 2381 in
1189 2337 1352 2391 coelo;
1386 2339 1506 2396 quia,
1539 2352 1681 2396 quum
1713 2348 1867 2383 motus
1900 2338 2123 2383 coelestes

159 2404 426 2451 ordinentur
451 2404 507 2448 ad
533 2404 808 2448 substantias
833 2414 1062 2463 separatas
1091 2405 1207 2449 sicut
1234 2405 1288 2448 ad
1316 2404 1442 2459 fines,
1465 2405 1503 2448 si
1529 2415 1678 2449 essent
1705 2404 1820 2449 aliae
1846 2405 2123 2449 substantiae

159 2481 393 2532 separatae
419 2484 558 2530 quam
583 2471 696 2515 istae
722 2461 835 2530 quas
850 2481 1075 2525 numerat,
1102 2481 1253 2516 essent
1279 2471 1417 2531 aliqui
1443 2482 1595 2516 motus
1621 2471 1668 2515 in
1695 2485 1771 2516 eas
1794 2472 1989 2516 ordinati
2008 2472 2125 2517 sicut

18 2600 31 2615 ,
61 2521 85 2547 ⁷⁸
158 2537 206 2583 in
231 2537 367 2591 fines3
396 2536 525 2582 aliter
551 2547 701 2582 essent
726 2547 880 2584 motus
906 2537 1175 2597 imperfecti.

250 2603 384 2649 Unde
411 2618 467 2648 ex
491 2603 562 2648 his
589 2603 822 2648 concludit
847 2605 969 2663 quod
996 2619 1090 2648 non
1117 2615 1220 2649 sunt
1246 2604 1397 2663 plures
1424 2605 1698 2650 substantiae
1725 2615 1958 2665 separatae
1985 2621 2123 2665 quarn

160 2681 313 2717 motus
338 2670 622 2729 deprehensi,
649 2680 694 2715 et
715 2671 792 2730 qui
818 2681 1008 2730 possunt
1034 2671 1312 2730 deprehendi
1335 2672 1382 2715 in
1407 2672 1564 2726 coelo;
1583 2673 1848 2731 praesertim
1871 2686 2012 2732 quum
2028 2687 2122 2717 non

3 2793 8 2802 .
160 2737 250 2783 sint
273 2737 402 2797 plura
429 2751 623 2796 corpora
650 2737 867 2782 coelestia
893 2738 1098 2796 ejusdem
1124 2738 1309 2797 speciei,
1335 2748 1384 2783 ut
1409 2739 1474 2783 sic
1502 2740 1639 2783 etiam
1662 2739 1837 2798 possint
1858 2752 1956 2783 esse
1972 2738 2123 2797 plures

161 2814 314 2850 motus
340 2804 472 2849 nobis
498 2804 733 2862 incogniti.

248 2866 375 2915 Haec
403 2881 555 2915 autem
581 2870 788 2928 probatio
814 2884 910 2915 non
934 2871 1072 2915 habet
1096 2873 1428 2916 necessitatem.
1462 2873 1514 2931 In
1541 2872 1612 2917 his
1645 2873 1767 2917 enim
1790 2886 1908 2932 quae
1933 2882 2039 2918 sunt
2065 2874 2122 2918 ad

160 2936 300 2983 finem
330 2938 522 2982 sumitur
546 2938 793 2982 necessitas
835 2951 888 2981 ex
927 2937 1032 2994 fine,
1065 2938 1181 2982 sicut
1211 2938 1406 2997 ipsemet
1447 2938 1581 2983 docet
1612 2940 1659 2982 in
1690 2939 1894 2983 secundo
1938 2940 2122 2999 Physic.

161 3004 215 3063 (t.
240 3018 279 3048 c.
306 3000 422 3062 23T);
447 3017 543 3048 non
569 3013 722 3048 autem
749 3018 774 3048 e
801 3018 1036 3048 converso.
1072 3004 1220 3058 Unde,
1248 3005 1285 3048 si
1311 3015 1464 3048 motus
1500 3006 1723 3049 coelestes
1766 3005 2033 3050 ordinantur
2073 3006 2121 3050 in

161 3070 431 3116 substantias
463 3081 692 3129 separatas
724 3070 841 3115 sicut
866 3071 911 3114 in
935 3070 1061 3124 fines,
1088 3081 1136 3114 ut
1162 3071 1354 3130 ipsemet
1379 3071 1501 3125 dicit,
1524 3085 1618 3115 non
1640 3081 1790 3130 potest
1815 3071 2029 3115 concludi
2051 3086 2126 3116 ne-

164 3136 361 3180 cessario
393 3150 610 3180 numerus
644 3136 998 3181 substantiarum
1030 3136 1364 3196 praedictarum
1397 3151 1449 3181 ex
1475 3151 1669 3181 numero
1703 3148 1928 3182 motuum.
1966 3137 2128 3182 Potest

164 3202 287 3247 enim
312 3202 403 3246 dici
428 3202 550 3262 quod
572 3212 677 3247 sunt
699 3203 876 3262 aliquae
899 3204 1175 3247 substantiae
1197 3213 1429 3261 separatae
1454 3203 1624 3247 altioris
1647 3214 1836 3248 naturae
1859 3217 1998 3262 quam
2018 3203 2125 3248 illae

166 3281 282 3328 quae
307 3278 411 3312 sunt
435 3269 631 3327 proximi
661 3268 773 3313 fines
800 3279 1011 3314 motuum
1038 3269 1333 3324 coelestium;
1375 3270 1492 3314 sicut
1533 3272 1830 3314 instrumenta
1874 3269 2126 3315 artificialia

166 3344 271 3378 sunt
293 3343 476 3393 propter
499 3333 711 3379 homines
743 3335 820 3394 qui
844 3349 924 3394 per
956 3350 1008 3380 ea
1036 3347 1291 3395 operantur,
1319 3346 1363 3379 et
1387 3336 1502 3379 nihil
1534 3336 1743 3395 prohibet
1769 3330 1872 3380 esse'
1893 3336 2008 3381 alios
2041 3336 2126 3380 ho-

169 3400 314 3444 mines
339 3399 416 3459 qui
441 3413 520 3459 per
545 3401 842 3445 instrumenta
866 3401 1130 3461 hujusmodi
1155 3416 1249 3446 non
1284 3411 1528 3461 operantur
1558 3402 1836 3456 immediate,
1869 3403 1947 3446 sed
1988 3402 2127 3462 impe-

168 3475 270 3511 rant
293 3466 595 3526 operantibus.
621 3465 678 3511 Et
701 3466 806 3511 ideo
836 3467 933 3526 ipse
959 3467 1228 3512 Aristoteles
1254 3468 1373 3512 hanc
1402 3468 1626 3512 rationem
1660 3482 1754 3512 non
1786 3468 1959 3513 inducit
1996 3471 2125 3529 quasi

170 3533 491 3587 necessariam,
516 3533 594 3577 sed
619 3542 837 3593 tanquam
863 3534 1170 3594 probabilem;
1197 3534 1304 3579 dicit
1330 3534 1452 3578 enim
1479 3535 1531 3593 (t.
1561 3548 1599 3579 c.
1632 3535 1749 3592 48.):
1793 3551 1816 3577 «
1845 3534 2001 3588 Quare
2026 3537 2129 3581 sub-

165 3598 372 3655 stantia,
397 3608 443 3645 et
465 3598 683 3662 principia
708 3600 964 3647 immobilia
994 3599 1262 3646 rationabile
1289 3610 1358 3646 est
1397 3610 1466 3646 tot
1507 3601 1774 3658 aestimare3
1815 3603 2126 3650 necessarium
