2332 3854
871 284 875 290 ι
934 245 1089 285 LIBER
1127 245 1162 284 1.
1204 245 1322 284 CAP.
1366 246 1436 283 1v.
2131 248 2159 301 5

298 360 332 392 1.
360 345 519 391 Unum
546 354 628 400 est,
651 345 773 405 quod
799 346 955 405 paucis
981 346 1244 390 hominibus
1265 346 1354 390 Dei
1372 345 1576 404 cognitio
1600 345 1782 390 inesset.
1809 346 1850 390 A
1876 345 2022 390 fructu
2042 346 2164 391 enim

203 413 433 459 studiosae
458 412 776 472 inquisitionis,
804 412 880 471 qui
906 423 974 457 est
999 414 1198 458 veritatis
1233 413 1451 467 inventio,
1478 411 1658 470 plurimi
1693 413 1999 471 impediuntur
2025 414 2165 458 tribus

203 480 260 525 de
283 481 444 524 causis.

292 545 496 599 Quidam
519 545 744 605 siquidem
765 545 1086 604 impediuntur,
1107 557 1291 606 propter
1315 545 1645 605 complexionis
1672 546 2083 604 indispositionem,
2109 560 2163 590 ex

201 626 288 672 qua
315 612 447 657 multi
471 612 736 658 naturaliter
756 623 859 658 sunt
883 613 1138 673 indispositi
1159 614 1215 658 ad
1238 614 1488 658 sciendum.
1513 614 1646 657 Unde
1669 613 1796 658 nullo
1820 614 1968 657 studio
1994 615 2048 657 ad
2071 613 2161 657 hoc

199 679 456 739 pertingere
480 690 679 739 possent,
696 690 745 724 ut
762 694 996 724 summum
1013 681 1206 739 gradum
1227 681 1458 725 humanae
1481 680 1756 739 cognitionis
1781 682 2067 739 attingerent,
2086 681 2162 739 qui

197 745 245 791 in
272 747 598 806 cognoscendo
625 747 778 791 Deum
807 747 1026 791 consistit.

290 813 493 866 Quidam
519 827 630 858 vero
655 814 963 872 impediuntur
994 814 1264 859 necessitate
1291 815 1357 859 rei
1383 814 1632 859 familiaris.
1669 814 1866 873 Oportet
1897 814 2020 858 enim
2049 827 2162 867 esse,

197 879 314 926 inter
338 881 564 934 homines,
591 880 767 940 aliquos
793 881 871 940 qui
895 882 1222 939 temporalibus
1250 882 1616 926 administrandis
1642 882 1864 936 insistant,
1885 883 1963 940 qui
1983 891 2161 924 tantum

197 958 378 1006 tempus
408 948 454 991 in
488 949 583 992 otio
618 947 1001 1007 contemplativae
1040 948 1345 1007 inquisitionis
1377 963 1471 992 non
1504 959 1690 1008 possent
1727 949 1993 1006 expendere,
2026 957 2075 991 ut
2107 947 2162 991 ad

198 1029 433 1061 summum
464 1014 695 1074 fastigium
729 1015 959 1059 humanae
992 1016 1297 1076 inquisitionis
1330 1016 1650 1075 pertingerent,
1677 1015 1853 1060 scilicet
1884 1015 1973 1059 Dei
2005 1016 2164 1072 cogni-

196 1082 386 1127 tionem.

287 1148 492 1202 Quidam
519 1159 671 1194 autem
697 1150 1005 1209 impediuntur
1030 1150 1223 1210 pigritia.
1252 1151 1325 1195 Ad
1352 1152 1666 1210 cognitionem
1701 1150 1823 1196 enim
1858 1164 2018 1195 eorum
2045 1163 2162 1208 quae

196 1216 255 1276 de
285 1217 387 1261 Deo
419 1219 534 1262 ratio
566 1219 838 1275 investigare
870 1226 1031 1275 potest,
1064 1217 1207 1262 multa
1239 1232 1631 1276 praecognoscere
1665 1227 1859 1277 oportet,
1893 1231 2034 1276 quum
2066 1215 2160 1261 fere

195 1283 334 1329 totius
360 1284 679 1344 philosophiae
702 1284 1007 1329 consideratio
1031 1285 1086 1328 ad
1110 1285 1196 1328 Dei
1220 1287 1534 1343 cognitionem
1559 1285 1805 1329 ordinetur.
1830 1286 2021 1343 Propter
2038 1284 2161 1343 quod

197 1351 523 1410 metaphysica,
550 1365 665 1410 quae
693 1352 811 1396 circa
838 1352 991 1395 divina
1016 1361 1232 1406 versatur,
1255 1352 1373 1396 inter
1397 1351 1718 1411 philosophiae
1740 1361 1890 1410 partes
1913 1350 2075 1395 ultima
2097 1363 2162 1394 re-

197 1427 354 1462 manet
378 1417 665 1462 addiscenda.

286 1484 361 1529 Sic
388 1498 498 1543 ergo
530 1484 715 1528 nonnisi
739 1499 845 1528 cum
872 1499 1042 1543 magno
1076 1484 1231 1528 labore
1258 1485 1393 1529 studii
1420 1485 1475 1529 ad
1502 1486 1759 1544 praedictae
1784 1484 1985 1529 veritatis
2017 1483 2161 1543 inqui-

195 1551 409 1596 sitionem
443 1551 667 1611 perveniri
701 1561 877 1610 potest3
911 1565 1047 1609 quem
1081 1551 1267 1610 quidem
1299 1550 1505 1595 laborem
1537 1553 1670 1610 pauci
1702 1552 1852 1596 subire
1884 1551 2046 1595 volunt
2075 1564 2158 1610 pro

196 1631 353 1663 amore
384 1618 613 1674 scientiae,
645 1618 773 1675 cujus
803 1629 959 1662 tamen
992 1618 1218 1662 mentibus
1251 1618 1494 1662 hominurn
1526 1618 1782 1663 naturalem
1815 1619 1942 1663 Deus
1972 1617 2162 1663 inseruit

194 1685 457 1745 appetitum.

282 1765 324 1798 2.
350 1752 615 1798 Secundum
646 1752 975 1798 inconveniens
1005 1763 1086 1806 est,
1114 1753 1237 1812 quod
1269 1752 1338 1797 illi
1370 1755 1448 1812 qui
1480 1754 1535 1797 ad
1567 1753 1828 1812 praedictae
1854 1753 2055 1797 veritatis
2089 1766 2163 1796 co-

194 1819 447 1879 gnitionem
469 1819 543 1864 vel
563 1819 878 1864 inventionem
895 1820 1197 1878 pervenirent,
1215 1820 1288 1863 vix
1306 1831 1410 1878 post
1426 1820 1618 1879 longum
1636 1831 1817 1879 tempus
1835 1820 2160 1879 pertingerent,

192 1898 291 1931 tum
315 1896 499 1946 propter
518 1886 783 1945 hujusmodi
803 1887 1004 1931 veritatis
1027 1886 1397 1946 profunditatem,
1417 1887 1472 1930 ad
1491 1901 1628 1945 quam
1649 1887 1918 1946 capiendam
1940 1901 2019 1946 per
2036 1888 2160 1930 viam

192 1953 379 1999 rationis
404 1955 587 1999 nonnisi
618 1955 740 2014 prius
765 1965 869 2014 post
893 1955 1086 2013 longum
1114 1955 1378 1999 exercitium
1410 1955 1668 2000 intellectus
1700 1956 1930 1999 humanus
1962 1954 2158 1998 idoneus

192 2021 440 2076 invenitur3
465 2031 564 2067 tum
590 2023 728 2066 etiam
753 2032 938 2082 propter
964 2022 1109 2067 multa
1135 2037 1251 2082 quae
1278 2024 1643 2081 praeexiguntur,
1670 2033 1719 2067 ut
1744 2023 1915 2067 dictum
1945 2033 2033 2076 est3
2059 2031 2159 2066 tum

191 2098 373 2149 propter
388 2089 478 2134 hoc
497 2089 634 2149 quod,
652 2099 860 2148 tempore
881 2091 1140 2148 juventutis,
1160 2091 1268 2134 dum
1287 2091 1475 2135 diversis
1499 2091 1698 2135 motibus
1721 2091 1986 2149 passionum
2005 2090 2159 2133 anima

190 2156 394 2212 fluctuat,
419 2170 515 2202 non
541 2166 608 2202 est
634 2168 736 2215 apta
764 2157 819 2201 ad
846 2167 941 2201 tam
968 2157 1086 2202 altae
1111 2158 1312 2202 veritatis
1342 2159 1671 2216 cognitionem,
1699 2158 1778 2202 sed
1804 2158 1851 2201 in
1879 2157 2156 2215 quiescendo

189 2223 240 2269 fit
264 2224 460 2283 prudens
486 2234 531 2268 et
554 2224 717 2279 sciens,
744 2234 792 2268 ut
818 2224 979 2268 dicitur
1004 2225 1051 2268 in
1077 2225 1273 2283 septimo
1297 2226 1601 2284 Physicorum
1625 2227 1676 2284 (t.
1694 2240 1731 2269 c.
1752 2225 1859 2282 20.).
1881 2225 2160 2268 Remaneret

189 2290 327 2350 igitur
350 2291 606 2336 humanum
633 2306 790 2350 genus,
813 2292 850 2335 si
876 2291 976 2336 sola
1002 2292 1190 2337 rationis
1216 2293 1290 2336 via
1313 2293 1369 2336 ad
1390 2293 1543 2336 Deum
1568 2293 1945 2351 cognoscendum
1967 2301 2157 2351 pateret,

189 2358 238 2404 in
262 2358 472 2403 maximis
497 2358 782 2416 ignorantiae
809 2358 1029 2413 tenebris;
1057 2373 1198 2417 quum
1225 2360 1313 2403 Dei
1336 2360 1556 2418 cognitio,
1581 2375 1696 2418 quae
1716 2360 1930 2404 homines
1957 2359 2158 2403 maxime

187 2424 415 2486 perfectos
441 2435 486 2470 et
511 2425 656 2470 bonos
682 2424 805 2480 facit,
830 2426 1014 2470 nonnisi
1040 2426 1312 2485 quibusdam
1338 2427 1511 2486 paucis,
1538 2437 1584 2472 et
1608 2427 1679 2471 his
1707 2427 1863 2486 paucis
1889 2428 2026 2470 etiam
2052 2435 2159 2485 post

188 2493 407 2553 temporis
431 2492 765 2551 longitudinem
791 2493 1064 2551 proveniret.

283 2574 320 2619 3.
348 2558 560 2604 Tertium
593 2560 921 2605 inconveniens
954 2570 1035 2615 est,
1062 2561 1184 2620 quod
1216 2561 1559 2620 investigationi
1590 2564 1778 2606 rationis
1811 2561 2047 2605 humanae
2069 2559 2159 2619 ple-

189 2641 384 2687 rumque
400 2626 573 2672 falsitas
591 2627 868 2672 admiscetur
886 2638 1071 2687 propter
1093 2627 1373 2673 debilitatem
1390 2629 1648 2674 intellectus
1666 2622 1874 2674 nostri‘in
1897 2627 2157 2686 judicando,

190 2703 237 2740 et
259 2694 631 2753 phantasmatum
658 2694 1024 2753 permixtionem.
1051 2695 1108 2739 Et
1132 2695 1237 2739 ideo
1265 2696 1384 2754 apud
1410 2695 1581 2739 multos
1613 2696 1661 2739 in
1695 2695 1976 2740 dubitatione
2009 2708 2157 2738 rema-

187 2771 347 2807 nerent
372 2775 440 2816 ea,
467 2775 584 2820 quae
609 2770 714 2806 sunt
733 2761 970 2806 verissime
994 2762 1133 2806 etiam
1155 2762 1480 2817 demonstrata,
1503 2763 1611 2806 dum
1634 2765 1728 2807 vim
1752 2761 2157 2807 demonstrationis
2217 2753 2220 2759 ’

187 2827 415 2886 ignorant,
438 2838 483 2872 et
502 2827 744 2887 praecipue
761 2842 903 2887 quum
919 2828 1106 2872 videant
1123 2843 1147 2872 a
1166 2829 1369 2883 diversis,
1392 2830 1470 2888 qui
1490 2831 1718 2888 sapientes
1737 2830 1959 2881 dicuntur,
1979 2828 2157 2872 diversa

189 2894 359 2940 doceri.
385 2894 507 2940 Inter
533 2894 678 2939 multa
703 2895 842 2939 etiam
868 2909 990 2950 vera,
1025 2910 1141 2954 quae
1173 2896 1558 2950 demonstrantur,
1590 2897 1878 2941 immiscetur
1910 2895 2155 2954 aliquando

190 2960 359 3021 aliquid
383 2961 566 3016 falsum,
593 2961 715 3021 quod
748 2975 842 3005 non
877 2961 1228 3016 demonstratur,
1261 2964 1339 3008 sed
1373 2963 1524 3022 aliqua
1555 2963 1776 3022 probabili
1802 2962 1876 3007 vel
1908 2961 2158 3021 sophistica

190 3028 366 3074 ratione
392 3029 620 3084 asseritur,
652 3043 768 3088 quae
800 3029 1027 3074 interdum
1065 3030 1414 3075 demonstratio.
1434 3041 1680 3089 reputatur.
1715 3031 1771 3074 Et
1800 3031 1905 3075 ideo
1940 3028 2156 3089 oportuit,

191 3107 271 3152 per
293 3094 563 3154 viaffifidssi,
588 3095 675 3140 fixa
703 3095 983 3149 certitudine,
1010 3096 1157 3155 ipsam
1183 3097 1423 3142 veritatem
1449 3098 1505 3141 de
1531 3098 1664 3142 rebus
1693 3098 1855 3141 divinis
1890 3095 2154 3140 hominibus

191 3157 406 3206 exhiberi.

282 3227 532 3274 Salubriter
556 3244 667 3289 ergo
694 3230 845 3275 divina
872 3231 1067 3289 providit
1093 3231 1351 3286 clementia,
1378 3242 1428 3276 ut
1454 3246 1507 3276 ea
1535 3234 1672 3276 etiam
1697 3245 1812 3290 quae
1838 3232 1953 3275 ratio
1975 3230 2156 3274 investi·

190 3309 300 3354 gare
324 3304 488 3354 potest,
513 3294 601 3344 fide
626 3297 822 3342 tenenda
847 3298 1152 3357 praeciperet3
1180 3309 1227 3343 ut
1253 3301 1316 3342 sic
1345 3313 1506 3342 omnes
1534 3299 1588 3342 de
1615 3298 1737 3342 facili
1762 3307 1951 3357 possent
1973 3297 2153 3341 divinae

192 3362 468 3422 cognitionis
492 3363 733 3424 participes
760 3379 860 3410 esse
887 3376 931 3410 et
958 3366 1126 3424 absque
1154 3366 1434 3410 dubitatione
1462 3376 1506 3409 et
1533 3379 1699 3410 errore.

279 3428 398 3474 Hinc
432 3438 501 3475 est
531 3431 655 3489 quod
687 3431 850 3477 dicitur
882 3432 1019 3491 (Eph.
1057 3432 1134 3477 IV.
1168 3446 1232 3490 17.
1272 3442 1316 3477 et
1346 3432 1456 3489 18.):
1489 3434 1588 3489 sam
1620 3448 1703 3477 non
1736 3433 1952 3477 ambuletis
1981 3434 2085 3477 sicut
2116 3438 2154 3476 et
2203 3451 2209 3454 ·

187 3502 320 3553 gentes
346 3496 578 3550 ambulant,
615 3499 660 3542 in
684 3500 872 3544 vanitate
902 3514 1036 3543 sensus
1066 3501 1146 3553 sui,
1177 3501 1350 3545 tenebris
1382 3501 1649 3545 obscuratum
1677 3501 1867 3546 habentes
1891 3500 2152 3545 intellectum.

191 3561 249 3608 Et
272 3562 380 3620 (Isa.
405 3562 524 3608 LIV.
558 3564 669 3621 15.):
696 3565 857 3610 Ponam
883 3567 1097 3611 universos
1111 3566 1227 3625 filios
1252 3573 1340 3611 tuos
1365 3565 1502 3612 doctos
1526 3581 1553 3611 a
1577 3567 1782 3612 Domino.
