2332 3854
229 235 341 303 426
897 241 1057 284 11111111
1089 244 1173 283 111.v
1207 243 1328 283 (ΑΡ.
1368 239 1500 282 11011.

229 348 414 408 quidem
444 348 551 408 ipso
573 347 675 392 solo
703 356 883 405 agente,
913 346 1030 390 sicut
1055 359 1166 390 cum*
1185 344 1363 389 fodiens
1381 352 1558 389 'terram
1582 342 1754 388 invenit
1777 344 2047 388 thesaurum·
2063 338 2194 404 quie*-

230 425 460 470 scentem3
487 414 761 474 quandoque
794 423 947 456 autem
981 412 1161 456 actione
1188 410 1371 455 alterius
1397 424 1562 455 causae
1587 420 1903 464 concurrente,
1929 410 2053 454 sicut
2076 419 2182 454 eum

229 482 390 541 aliquis
416 483 585 525 vadens
614 481 669 524 ad
695 479 845 523 forum
875 493 1011 522 causa
1037 478 1219 522 emendi
1246 477 1430 536 aliquid,
1456 477 1629 521 invenit
1649 477 1903 521 debitorem
1929 490 2074 535 quem
2091 472 2186 520 11611

230 549 441 593 credebat
466 547 685 591 invenire.
712 546 763 601 111
790 545 939 604 primo
967 554 1120 588 autem
1145 553 1312 588 eventu
1337 544 1482 588 homo
1505 544 1743 602 adjuvatur
1769 542 1825 586 ad
1850 543 1941 586 hoc
1969 536 2094 601 quod
2113 540 2192 585 ali-

233 616 340 674 quid
367 615 451 659 sibi
481 615 596 657 bene
625 612 861 669 contingat
894 611 1146 654 secundum
1181 610 1272 654 hoc
1310 609 1465 654 solum
1495 610 1617 668 quod
1654 609 1871 667 dirigatur
1895 609 1948 652 in
1975 604 2188 667 eligendo

230 681 343 724 illud
371 681 444 724 cui
477 681 772 737 conjunctum
810 688 878 721 est
909 691 989 736 per
1019 677 1230 721 accidens
1268 676 1453 735 aliquod
1491 676 1806 729 commodum,
1832 675 1956 734 quod
1981 674 2191 734 provenit

228 757 404 806 praeter
428 746 744 789 intentionem.
772 744 824 786 In
851 743 1054 788 secundo
1089 754 1241 787 autem
1268 752 1432 787 eventu
1465 751 1647 802 oportet
1673 742 1796 801 quod
1828 751 2020 801 uterque
2049 751 2189 819 agens

230 813 448 871 dirigatur
474 812 529 855 ad
557 810 818 869 eligendum
847 810 1090 864 actionem,
1116 809 1196 854 vel
1216 819 1396 854 motum
1428 810 1547 853 unde
1574 809 1660 853 sibi
1685 817 1941 853 occurrant.

322 879 519 937 Oportet
547 887 701 921 autem
728 886 772 920 et
799 875 920 920 aliud
944 877 1231 921 considerare
1255 878 1375 920 circa
1399 889 1453 920 ea
1480 889 1595 934 quae
1622 875 1742 919 dicta
1768 884 1884 919 sunt.
1909 874 2100 919 Dictum
2122 883 2191 918 est

232 945 370 998 enim,
389 944 510 1003 quod
537 944 706 988 adhoc
734 942 855 1001 quod
882 943 1063 986 homini
1089 942 1257 1001 aliquid
1285 943 1398 986 bene
1417 942 1667 999 contingat,
1693 941 1768 985 vel
1787 941 1910 985 male
1934 937 2191 986 secundum

228 1011 474 1064 fortunam,
493 1021 536 1054 et
554 1024 607 1054 ex
632 1010 736 1054 Deo
758 1015 837 1063 est,
867 1019 910 1053 et
936 1025 962 1053 a
989 1023 1182 1069 corpore
1216 1008 1404 1054 coelesti
1430 1023 1527 1052 esse
1556 1018 1720 1066 potest,
1738 1010 1783 1052 in
1800 1014 2022 1067 quantum
2042 1003 2198 1052 homo*

233 1092 258 1120 a
284 1078 387 1121 Deo
419 1076 663 1120 inclinatur
696 1076 751 1120 ad
785 1076 1048 1134 eligendum
1076 1075 1244 1135 aliquid
1272 1075 1345 1120 cui
1367 1076 1663 1133 conjunctum
1687 1084 1755 1119 est
1781 1073 1967 1133 aliquod
1987 1084 2192 1118 commo-

228 1145 351 1198 dum,
384 1143 457 1187 vel
482 1142 850 1196 incommodum,
883 1143 1006 1201 quod
1039 1141 1211 1201 eligens
1238 1155 1333 1186 non
1359 1141 1740 1201 praeconsiderat,
1768 1150 1814 1185 et
1837 1141 1884 1184 in
1917 1148 2139 1199 quan—tum
2165 1148 2197 1183 3·-

229 1224 421 1269 corpore
440 1209 627 1254 coelesti
644 1210 700 1253 ad
717 1209 807 1253 tale
831 1209 1000 1268 aliquid
1018 1208 1279 1267 eligendum
1297 1208 1562 1267 disponitur.
1583 1208 1684 1251 Hoc
1704 1216 1860 1251 31110111
1873 1200 2192 1260 commodum,

228 1277 301 1320 vel
332 1277 683 1321 incommodum
711 1276 895 1335 quidem
922 1275 1118 1319 relatum
1149 1275 1205 1319 ad
1233 1275 1508 1319 electionem
1533 1274 1736 1318 hominis
1769 1281 1837 1318 est
1860 1272 2113 1327 fortuitum,
2127 1284 2194 1317 re-

230 1343 373 1387 latum
392 1343 446 1387 ad
464 1343 618 1387 Deum
643 1345 875 1386 rationem
901 1342 1067 1386 amittit
1083 1341 1271 1395 fortuiti,
1298 1355 1392 1385 non
1420 1350 1573 1385 autem
1597 1339 1793 1384 relatum
1820 1339 1885 1383 a'd'-
1903 1350 2070 1398 cor-pus
2091 1351 2202 1383 coe--

230 1410 356 1454 leste.
387 1409 527 1461 Quod
554 1410 618 1454 sic
645 1419 781 1467 patet.
807 1410 916 1453 Non
939 1409 1063 1452 enirn
1091 1408 1253 1467 aliquis
1271 1418 1460 1452 eventus
1480 1407 1645 1451 amittit
1661 1407 1887 1451 rationem
1902 1405 2088 1461 Ῑωηιξη,
2103 1405 2193 1449 nisi

233 1477 474 1521 reducatur
490 1477 536 1520 in
564 1490 750 1520 causam
768 1491 849 1534 per
865 1490 926 1520 se.
951 1475 1108 1520 Virtus
1127 1485 1281 1520 autem
1309 1475 1521 1519 coelestis
1548 1474 1754 1533 corporis
1786 1481 1855 1518 est
1874 1483 2012 1518 causa
2038 1481 2193 1532 agens,

232 1557 328 1587 non
360 1557 439 1602 per
464 1543 657 1587 modum
682 1543 940 1587 intellectus
968 1552 1013 1587 et
1038 1542 1290 1596 electionis,
1317 1542 1395 1586 sed
1427 1555 1507 1600 per
1538 1541 1736 1585 modum
1756 1549 1961 1595 naturae.
1990 1539 2193 1584 Naturae

233 1620 386 1654 autem
408 1620 477 1654 est
501 1610 735 1669 proprium
752 1610 937 1654 tendere
972 1609 1027 1653 ad
1053 1617 1210 1654 unum.
1239 1609 1288 1653 Si
1310 1623 1420 1667 ergo
1449 1608 1610 1668 aliquis
1629 1607 1816 1652 effectus
1837 1615 1949 1652 non'
1964 1612 2035 1652 es!
2058 1612 2190 1663 tinum

229 1691 324 1720 non
346 1686 496 1736 potest
521 1690 601 1736 per
627 1691 675 1721 se
703 1691 801 1721 esse
829 1690 966 1720 causa
993 1677 1092 1734 ejus
1112 1675 1263 1735 aliqua
1278 1676 1420 1720 virtus
1451 1676 1682 1720 naturalis.
1706 1676 1828 1720 Cum
1860 1683 2020 1718 autem
2042 1673 2211 1733 :Eque

228 1744 319 1787 duo
342 1743 427 1787 sibi
443 1757 522 1802 per
545 1743 760 1787 accidens
780 1744 1130 1801 conjunguntur,
1163 1757 1257 1786 non
1284 1751 1388 1786 sunt
1408 1756 1514 1786 vere
1531 1755 1699 1796 unum;
1716 1741 1796 1786 sed
1815 1741 2066 1799 sottum-per
2078 1740 2207 1784 acci·-

229 1810 362 1854 dens:
382 1810 502 1854 unde
524 1810 659 1868 hujus
677 1810 1012 1868 conjunctionis
1030 1809 1157 1854 nulla
1190 1824 1327 1854 causa
1351 1809 1568 1854 naturalis
1586 1824 1665 1868 per
1686 1824 1734 1854 se
1752 1822 1891 1854 causa
1911 1813 2012 1854 esse
2024 1813 2191 1868 potest.

231 1877 281 1920 Si
307 1890 417 1934 ergo
445 1876 528 1921 iste
553 1877 699 1920 homo
733 1891 787 1920 ex
817 1877 1117 1936 impressione
1153 1876 1359 1921 coelestis
1389 1879 1592 1936 corporis
1618 1877 1971 1936 instigaturper'
1998 1875 2191 1920 modum

227 1943 466 2002 passionis,
493 1952 542 1987 ut
559 1943 730 1987 dictum
749 1953 829 1997 est,
847 1943 902 1987 ad
928 1942 1197 1988 fodiendum
1223 1943 1507 2002 sepulcrum:
1532 1942 1791 2001 sepulcrum
1817 1952 1984 1997 autem,
2001 1941 2192 1987 celricus

228 2010 429 2053 thesauri
453 2023 548 2054 non
566 2019 669 2053 sunt
695 2024 838 2053 unum
863 2010 950 2054 nisi
967 2024 1048 2068 per
1075 2010 1300 2064 accidens,
1324 2010 1428 2069 quia
1455 2023 1549 2054 non
1566 2010 1735 2054 habent
1758 2008 1957 2070 aliquem
1983 2009 2192 2053 'ordinem

229 2076 284 2119 ad
315 2076 530 2130 invicem,
557 2077 678 2120 unde
704 2086 748 2120 et
771 2076 913 2121 virtus
937 2076 1148 2121 coelestis
1176 2077 1380 2136 corporis
1406 2091 1500 2120 non
1526 2086 1676 2136 potest
1707 2088 1787 2134 per
1812 2089 1863 2120 se
1885 2075 2110 2120 inclinare
2132 2074 2196 2120 ad?

228 2144 318 2187 hoc
345 2153 493 2187 totum
527 2144 650 2202 quod
675 2143 760 2187 iste
792 2141 938 2187 fodiat
963 2143 1238 2202 sepulcrum,
1267 2153 1312 2187 et
1336 2141 1494 2187 locum
1521 2143 1598 2186 ubi
1625 2153 1692 2187 est
1716 2137 1972 2187 thesaurus.
1999 2142 2098 2187 Secu
2116 2141 2201 2186 ali-

228 2210 326 2268 quis
353 2225 433 2269 per
458 2209 741 2254 intellectum
761 2223 900 2268 agens
926 2220 1077 2269 potest
1108 2223 1206 2254 esse
1235 2223 1372 2254 causa
1396 2209 1706 2254 inclinationis
1726 2210 1775 2253 in
1790 2209 1883 2254 hoe
1899 2215 2065 2264 totum,
2085 2203 2193 2269 quia

227 2275 521 2334 intelligentis
549 2276 790 2320 est‘mul'ta
817 2277 1027 2321 ordinare
1053 2277 1099 2320 in
1125 2291 1293 2331 unum;
1316 2285 1440 2335 patet
1465 2277 1588 2320 enim
1616 2276 1739 2336 quod
1772 2276 1910 2321 0113111
1942 2275 2096 2321 1101110
2115 2275 2194 2336 qui

227 2345 362 2388 sciret
386 2344 653 2388 thesaurum
690 2357 789 2388 esse
822 2344 898 2398 ibi,
930 2354 1085 2403 posset
1117 2343 1259 2387 alium
1290 2344 1581 2403 ignorantem
1618 2344 1798 2388 mittere
1836 2343 1899 2387 ad
1924 2342 2198 2388 fodiendum·

226 2411 486 2470 sepulcrum
507 2411 553 2454 in
575 2410 681 2455 loco
709 2411 889 2466 eodem,
916 2422 965 2455 ut
990 2421 1168 2470 praeter
1192 2411 1495 2455 intentionem
1513 2425 1644 2454 suam
1660 2410 1884 2455 inveniret
1907 2410 2191 2455 thesaurum.

229 2479 304 2522 Sic
345 2492 456 2537 ergo
488 2478 753 2536 hujusmodi
790 2478 965 2522 fortuiti
997 2488 1185 2522 eventus
1233 2477 1408 2522 reducti
1442 2478 1488 2521 in
1523 2491 1708 2521 causa-m
1742 2477 1944 2521 divinam
1978 2477 2193 2522 amittunt

227 2545 454 2589 rationem
480 2544 676 2599 fortuiti3
704 2545 878 2588 reducti
903 2558 1012 2588 vero
1038 2545 1086 2588 in
1113 2558 1300 2589 causam
1335 2543 1598 2598 coelestem,
1625 2558 1931 2603 nequaquam.

317 2612 404 2656 Per
421 2611 632 2655 eamdem
651 2612 787 2655 etiarn
809 2611 1033 2655 rationem
1063 2621 1250 2670 apparet
1273 2611 1395 2670 quod
1414 2611 1559 2654 horno
1577 2624 1670 2655 non
1688 2620 1839 2669 potest
1856 2621 1954 2655 esse
1970 2610 2087 2655 bene
2107 2609 2195 2655 for-

229 2688 412 2723 tunatus
449 2678 765 2722 universaliter
801 2693 855 2722 ex
890 2678 1055 2722 virtute
1089 2678 1293 2737 corporis
1331 2677 1557 2731 coelestis,
1585 2678 1671 2721 sed·
1700 2677 1850 2722 solum
1888 2676 2191 2737 quantum-ad

227 2747 335 2801 hoc,
356 2744 431 2789 vel
452 2745 574 2790 illud.
598 2746 718 2789 Dico
746 2755 900 2789 autem
923 2745 1250 2798 universaliter,
1270 2754 1318 2788 ut
1336 2745 1497 2803 aliquis
1514 2745 1660 2788 homo
1682 2744 1850 2788 habeat
1873 2744 1921 2788 111
1936 2750 2191 2788 naturasua
2209 2751 2211 2753 ’

231 2813 584 2872 impressionem
604 2811 815 2857 coelestis
834 2812 1054 2870 corporis,
1073 2823 1120 2855 ut
1140 2812 1278 2871 eligat
1304 2825 1499 2870 semper,
1518 2821 1562 2856 et
1578 2810 1625 2856 in
1644 2811 1844 2871 pluribus
1863 2810 2014 2870 aliqua
2031 2810 2194 2870 quibus

230 2881 318 2925 sint
345 2882 589 2939 conjuncta
621 2894 701 2939 per
728 2880 939 2924 accidens
968 2879 1119 2938 aliqua
1146 2879 1410 2933 commoda,
1436 2878 1510 2923 vel
1532 2878 1855 2934 incommoda3
1881 2886 2042 2922 natura
2067 2876 2191 2922 enim

229 2961 322 2991 non
349 2947 582 2991 ordinatur
603 2947 690 2991 nisi
713 2947 772 2990 ad
795 2961 951 2991 unum.
979 2946 1044 2990 Ea
1068 2957 1220 2990 autem
1243 2946 1495 2990 secundum
1523 2959 1639 3004 quae
1661 2944 1842 2989 homini
1866 2943 2033 2989 accidit
2057 2944 2188 2998 bene,

228 3012 302 3059 vel
318 3014 439 3058 male
466 3014 715 3058 secundum
743 3013 990 3066 fortunam,
1016 3027 1110 3057 non
1127 3024 1231 3057 sunt
1257 3012 1520 3056 reducibilia
1547 3013 1593 3055 in
1612 3011 1798 3071 aliquod
1813 3025 1971 3066 unum,
1989 3010 2191 3056 sed‘sunt

228 3081 576 3126 indeterminata
599 3091 643 3125 et
669 3080 857 3133 infinita,
881 3090 930 3124 ut
950 3079 1261 3139 Philosophus
1279 3079 1387 3123 dicit
1418 3079 1464 3122 in
1497 3078 1700 3122 secundo
1733 3078 1916 3138 Physic.
1943 3078 1996 3135 (t.
2018 3090 2058 3122 c.
2085 3077 2190 3136 50.),

231 3158 276 3193 et
301 3148 356 3192 ad
375 3162 560 3192 sensum
587 3157 723 3207 patet.
750 3147 858 3191 Non
885 3157 952 3191 est
969 3160 1078 3206 ergo
1106 3145 1319 3205 possibile
1343 3145 1465 3204 quod
1484 3145 1644 3203 aliquis
1668 3145 1837 3190 habeat
1856 3144 1904 3188 in
1929 3154 2092 3189 natura
2109 3149 2191 3203 sud

230 3214 396 3274 eligere
423 3229 605 3273 semper
635 3229 689 3258 ea
716 3214 772 3258 ad
799 3228 915 3273 quae
933 3215 1071 3258 etiarn
1104 3228 1184 3273 per
1217 3213 1428 3257 accidens
1461 3222 1711 3271 sequuntur
1742 3211 1899 3272 aliqua·
1926 3210 2190 3266 commoda,

231 3281 308 3325 sed
341 3292 490 3341 potest
530 3295 629 3326 esse
661 3280 784 3340 quod
818 3295 871 3325 ex
908 3280 1202 3325 inclinatione
1235 3278 1424 3324 coelesti
1455 3279 1697 3323 inclinetur
1729 3278 1784 3323 ad
1817 3277 2079 3339 eligendum
2104 3277 2209 3323 ali-v

234 3347 339 3406 quid
369 3349 442 3392 cui
475 3349 777 3407 conjungatur
809 3361 889 3407 per
921 3347 1132 3391 accidens
1166 3346 1351 3406 aliquod
1385 3346 1702 3401 commodum,
1730 3354 1776 3391 et
1805 3358 1862 3391 ex
1889 3344 1982 3390 alia*
2007 3344 2199 3391 inclinffl

232 3415 359 3458 tione
387 3414 524 3470 aliud,
553 3424 594 3459 et
622 3430 675 3459 ex
701 3415 832 3459 tertia
855 3414 1060 3468 tertium3
1087 3428 1182 3458 non
1207 3423 1359 3457 autem
1386 3413 1447 3456 ita
1470 3414 1591 3472 quod
1620 3427 1673 3458 ex
1698 3426 1790 3457 una
1814 3412 2110 3458 inclinatione
2129 3412 2203 3456 in·

234 3480 424 3525 clinetur
451 3481 703 3526 adomnia.
731 3481 796 3525 Ex
819 3495 909 3525 una
936 3490 1090 3526 autem
1112 3480 1264 3525 divina
1281 3479 1579 3539 dispositione
1605 3490 1757 3540 potest
1782 3479 1839 3524 ad
1865 3477 2025 3525 omnia
2042 3477 2189 3538 dirigi.
