2332 3854
772 189 927 229 tuma
965 189 1020 228 11.
1062 170 1183 228 cip.
1216 187 1366 227 xmn.
1945 191 2041 246 173

36 284 65 352 J
90 290 194 339 talis
219 290 457 350 acquisitio
488 289 739 335 formarum
767 292 813 335 in
839 290 1031 335 materia
1055 299 1205 351 potest
1244 290 1342 336 fieri
1367 303 1446 350 per
1471 299 1649 335 motum
1678 290 1730 334 ab
1759 290 1909 350 aliqua
1950 292 2049 336 sub-

46 405 50 414 ,
89 358 255 422 stantia
280 367 500 417 separata,
528 357 879 416 cujusmodi‘est
906 358 1109 417 angelus,
1136 357 1215 403 secl
1241 357 1316 403 vel
1347 366 1542 417 oportet,
1570 357 1692 416 quod
1719 357 1809 401 hoc
1844 357 1922 402 fiat
1958 372 2050 402 me-

47 419 59 466 s
90 425 243 472 diante
269 434 430 483 agente
457 438 696 483 corporeo,
722 423 795 467 vel
822 434 1017 479 creante,
1044 426 1119 484 qui
1147 425 1240 483 agit
1266 425 1362 470 sine
1388 434 1534 469 motu.

59 504 61 506 ·
179 491 367 536 Adhuc:
394 491 511 535 sicut
536 504 634 535 esse
661 500 728 534 est
752 492 951 548 primum
978 491 1022 534 in
1051 491 1297 545 effectibus,
1324 491 1384 535 ita
1412 490 1654 551 respondet
1675 490 1847 549 primae
1870 505 2048 546 causae,

57 556 74 588 s
90 567 141 604 ut
169 558 377 619 proprius
404 557 600 602 effectus.
630 557 738 601 Esse
766 567 918 601 autem
946 567 1012 601 est
1029 572 1107 615 per
1125 557 1337 612 formam,
1356 567 1398 602 et
1415 572 1509 602 non
1527 572 1606 616 per
1623 557 1876 601 materiam.
1895 557 2049 601 Prima

89 626 225 687 igitur
251 625 491 670 causalitas
521 624 773 669 formarum
796 625 995 668 maxime
1023 637 1089 668 est
1115 625 1287 683 primae
1315 639 1479 669 causae
1507 625 1803 669 attribuenda.

38 687 48 737 J
96 700 104 709 ·
178 692 415 752 Amplius:
444 706 548 736 cum
576 704 714 735 omne
742 704 881 747 agens
909 700 1014 748 agat
1040 691 1123 734 sibi
1149 691 1312 745 simile,
1340 692 1393 735 ab
1421 691 1501 735 illo
1529 692 1721 751 acquirit
1746 691 1933 736 effectus
1965 690 2051 736 for-

39 807 40 810 ,
90 771 216 805 mam
242 760 316 804 cui
341 773 421 819 per
444 757 643 803 formam
670 757 937 816 acquisitam
963 757 1208 811 similatur3
1237 758 1352 802 sicut
1379 758 1544 802 domus
1571 760 1615 802 in
1644 758 1848 812 materia,
1875 758 1928 802 ab
1957 768 2050 803 arte

33 832 46 861 ἑ
90 839 207 886 quae
232 835 298 870 est
329 826 503 884 species
535 825 699 868 domus
724 824 771 867 in
798 824 966 867 anima.
994 824 1083 867 Sed
1111 825 1268 867 omnia
1293 824 1548 869 similantur
1574 825 1692 879 Deo,
1718 824 1795 884 qui
1821 834 1889 869 est
1924 834 2050 869 actus

39 920 51 930 2
89 905 241 952 purus,
267 891 312 936 in
331 902 559 954 'quantum
586 891 722 935 habet
747 890 917 934 formas
951 904 1031 949 per
1046 904 1157 948 quas
1176 890 1289 934 fiunt
1305 891 1349 934 in
1369 901 1496 945 actu3
1516 902 1560 936 et
1577 892 1621 935 in
1641 901 1862 950 quantum
1878 891 2051 936 formas

91 968 319 1021 appetunt,
351 958 551 1002 divinam
579 957 922 1002 similitudinem
950 967 1160 1016 appetere
1187 957 1408 1001 dicuntur.
1437 959 1700 1002 Absurdum
1740 958 1878 1018 igitur
1899 969 1966 1003 est
1991 958 2053 1003 di-

15 1046 36 1080 4Ιῖς,
91 1037 208 1080 cere,
239 1024 361 1085 quod
388 1039 539 1068 rerum
564 1023 779 1068 formatio
809 1023 863 1067 ad
892 1023 1031 1067 alium
1059 1023 1281 1081 pertineat
1306 1038 1444 1082 quam
1471 1025 1526 1068 ad
1555 1035 1807 1069 creatorem
1840 1025 2050 1069 omnium

89 1094 256 1139 Deum.
282 1091 339 1136 Et
376 1091 482 1135 inde
523 1101 591 1135 est
623 1090 759 1149 quod,
793 1091 848 1133 ad
891 1089 1224 1134 excludendum
1264 1091 1402 1134 istum
1444 1105 1645 1135 errorem
1687 1092 1878 1150 (Genes.
1905 1092 1938 1136 I.
1976 1092 2051 1150 1.),

89 1158 275 1220 Moyses
300 1168 539 1219 postquam
578 1158 764 1211 dixerat,
801 1157 952 1201 Deum
994 1159 1039 1201 in
1071 1158 1294 1216 principio
1338 1157 1519 1202 coelum
1563 1168 1606 1203 et
1647 1168 1815 1203 terram
1858 1172 2051 1213 creasse,
2110 1199 2121 1208 ,

90 1225 238 1285 subdit
259 1226 494 1284 quomodo
521 1225 677 1269 omnia
702 1224 749 1268 in
771 1224 975 1283 proprias
997 1224 1170 1283 species
1187 1223 1428 1268 formando
1447 1225 1720 1280 distinxerit;
1738 1235 1783 1270 et
1799 1225 2052 1285 Apostolus

14 1301 30 1349 {5
89 1285 199 1339 dicit
221 1291 428 1351 (Coloss.
453 1291 525 1348 1.),
552 1291 673 1350 quod
699 1291 746 1334 in
775 1290 959 1335 Christo
988 1291 1172 1334 condita
1205 1302 1309 1335 sunt
1334 1292 1492 1336 omnia
1533 1293 1756 1347 universa,
1799 1293 1893 1338 sive
1934 1306 2051 1353 quae

88 1359 136 1405 in
162 1358 303 1404 coelis
328 1366 445 1412 sunt,
478 1358 572 1402 sive
599 1371 715 1417 quae
742 1356 787 1401 in
813 1357 956 1411 terris,
989 1357 1084 1401 sive
1110 1357 1317 1412 visibilia,
1350 1359 1444 1403 sive
1471 1359 1727 1404 invisibilia.

819 1503 1074 1561 CAPUT
1116 1492 1317 1561 XLIV.

202 1642 363 1692 QUOD
402 1642 586 1682 RERUM
625 1641 950 1681 DISTINCTIO
989 1641 1108 1681 NON
1148 1641 1445 1681 PROCESSIT
1486 1642 1558 1680 EX
1597 1642 1946 1694 MERITORUM‚

587 1717 693 1755 VEL
732 1716 1135 1755 DEMERITORUM
1169 1716 1550 1756 DIVERSITATE.

176 1828 310 1873 Nunc
336 1836 540 1887 superest
565 1825 803 1871 ostendere
830 1826 953 1885 quod
979 1839 1132 1869 rerum
1158 1825 1387 1870 distinctio
1413 1839 1508 1870 non
1534 1826 1756 1885 processit
1782 1841 1836 1871 ex
1863 1827 2051 1873 diversis

89 1895 288 1941 motibus
313 1894 444 1939 liberi
468 1892 638 1938 arbitrii
669 1892 963 1937 rationalium
989 1902 1313 1947 creaturarum,
1341 1902 1389 1937 ut
1414 1893 1566 1951 posuit
1594 1893 1821 1952 Origenes
1853 1894 1900 1938 in
1934 1894 2050 1940 libro

10 1951 46 2011 ἑέῖ,ἶ
88 1962 381 2008 Periarchon.
407 1959 581 2005 Volens
608 1960 731 2004 enim
756 1960 963 2005 resistere
990 1960 1281 2019 antiquorum
1322 1960 1659 2005 haereticorum
1704 1961 2051 2019 obiectionibus,

67 2039 136 2075 ·et
160 2028 400 2082 erroribus,
427 2027 505 2087 qui
529 2027 768 2072 ostendere
793 2027 1050 2071 nitebantur
1091 2026 1318 2072 diversam
1360 2036 1570 2071 naturam
1610 2028 1721 2072 boni
1747 2038 1791 2072 et
1817 2028 1927 2072 mali
1953 2042 2051 2074 esse

88 2097 136 2142 ln
161 2097 294 2141 rebus
320 2110 375 2140 ex
400 2094 637 2140 contrariis
663 2094 905 2148 actoribus,
927 2103 1111 2154 propter
1132 2093 1323 2138 multam
1349 2094 1607 2139 distantiam
1630 2095 1864 2139 inventam
1885 2105 1981 2140 tarn
2002 2096 2051 2141 in

89 2164 221 2210 rebus
246 2161 538 2216 naturalibus,
565 2176 701 2221 quam
733 2161 780 2205 in
805 2161 937 2205 rebus
963 2161 1189 2216 humanis,
1217 2175 1355 2220 quam
1381 2160 1507 2205 nulla
1547 2163 1710 2206 merita
1750 2163 2051 2222 praecessisse

48 2272 53 2282 ,
89 2230 320 2276 videntur:
342 2228 516 2273 scilicet
541 2228 662 2288 quod
690 2242 885 2287 corpora
906 2228 1131 2287 quaedam
1153 2238 1258 2272 sunt
1278 2228 1443 2282 lucida,
1467 2228 1694 2287 quaedam
1720 2230 1936 2284 obscura;
1959 2231 2053 2289 qui-

46 2312 59 2358 s
89 2295 197 2360 dam
214 2295 429 2341 homines
455 2308 510 2340 ex
534 2294 748 2348 barbaris,
775 2294 960 2353 quidam
987 2308 1041 2338 ex
1068 2294 1339 2339 Christianis
1366 2305 1638 2350 nascuntur3
1677 2306 1864 2341 coactus
1887 2307 1953 2341 est
1964 2311 2053 2357 .po-

88 2377 198 2409 nere
231 2376 419 2409 omnem
451 2362 759 2406 diversitatem
784 2362 831 2405 in
856 2361 989 2405 rebus
1030 2361 1264 2405 inventam
1291 2375 1344 2405 ex
1385 2362 1644 2406 diversitate
1676 2363 1947 2407 meritorum
1988 2378 2053 2409 se·

25 2427 61 2471 '²2
91 2423 291 2479 cundum
315 2429 403 2474 Dei
429 2428 646 2487 justitiam
668 2429 957 2488 processisse.
976 2428 1100 2472 Dicit
1117 2428 1254 2483 enim,
1277 2429 1398 2488 quod
1417 2429 1542 2473 Deus
1561 2443 1616 2473 ex
1633 2429 1732 2473 sola
1750 2444 1831 2474 sua
1849 2431 2051 2476 bonitate

89 2492 239 2559 primo
261 2509 422 2541 omnes
448 2505 674 2540 creaturas
697 2494 909 2554 aequales
931 2495 1156 2552 produxit,
1179 2504 1223 2539 et
1247 2509 1409 2540 omnes
1432 2496 1701 2555 spirituales,
1725 2506 1768 2541 et
1790 2497 2051 2552 rationales,

0 2559 5 2629 J
53 2600 56 2602 v
95 2624 98 2625 ⁷
121 2577 207 2612 uae
232 2577 311 2622 per
335 2562 528 2607 liberum
554 2562 787 2606 arbitrium
813 2562 1119 2606 diversimode
1145 2572 1249 2606 sunt
1280 2573 1449 2616 motae,
1489 2563 1715 2621 quaedam
1752 2564 2051 2609 adhaerentes

0 2665 2 2696 Ξ
132 2642 194 2696 ρο
219 2629 319 2690 plus
344 2628 419 2673 vel
443 2629 609 2683 minus,
636 2628 862 2688 quaedam
890 2628 943 2672 ab
988 2642 1044 2672 eo
1086 2629 1350 2673 recedentes
1381 2629 1456 2674 vel
1487 2630 1635 2687 magis
1676 2630 1749 2674 vel
1791 2631 1966 2686 minus;
2008 2641 2053 2676 et

0 2697 2 2701 ’
40 2706 52 2734 5
89 2697 343 2742 secundum
367 2696 458 2740 hoc
485 2696 649 2740 diversi
674 2695 839 2754 gradus
861 2695 908 2739 in
930 2695 1190 2740 substantiis
1208 2695 1512 2755 spiritualibus
1532 2711 1585 2740 ex
1604 2696 1756 2740 divina
1773 2698 1922 2754 justita
1947 2707 2053 2742 sunt

90 2760 373 2823 subsequuti3
395 2772 445 2806 ut
465 2762 648 2821 quidam
676 2771 826 2806 essent
852 2762 1003 2820 angeli
1025 2762 1277 2806 secundum
1304 2762 1507 2806 diversos
1535 2763 1730 2817 ordines,
1759 2763 1945 2822 quidam
1963 2764 2054 2808 ani-

0 2843 2 2845 ’
88 2825 195 2886 ittae
220 2830 449 2875 humanae
475 2829 613 2874 etiam
643 2826 897 2874 secundum
924 2828 1126 2873 diversos
1159 2839 1314 2882 status,
1343 2829 1529 2888 quidam
1556 2829 1696 2873 etiam
1730 2830 1979 2875 daemones
2005 2831 2051 2875 in

43 2891 73 2950 3,ss
89 2897 278 2944 statibus
302 2897 511 2951 diversis3
529 2906 573 2941 et
596 2905 777 2955 propter
798 2895 1105 2939 diversitatem
1127 2894 1420 2940 rationalium
1443 2905 1755 2940 creaturarum
1778 2897 1969 2952 dicebat,
1992 2897 2054 2941 di-

41 2982 48 3011 J
90 2962 351 3029 §lenitatem
376 2962 684 3022 corporalium
712 2972 1020 3007 creaturarum
1037 2963 1189 3006 Deum
1216 2962 1477 3017 instituisse,
1505 2972 1554 3007 ut
1570 2963 1870 3008 nobilioribus
1894 2978 2053 3023 corpo·

50 3032 74 3058 V
91 3029 212 3076 ribus
235 3029 482 3075 nobiliores
508 3029 762 3089 spirituales
794 3028 1070 3073 substantiae
1094 3029 1459 3087 adjungerentur,
1486 3038 1534 3073 ut
1556 3029 1863 3074 diversimode
1891 3043 2050 3089 corpo-

17 3112 61 3152 131
82 3091 196 3143 'ralis
227 3107 433 3142 creatura
463 3096 764 3156 spiritualium
801 3095 1153 3140 substantiarum
1181 3096 1429 3141 diversitati
1469 3096 1744 3155 quibuslibet
1775 3097 1925 3142 modis
1952 3096 2050 3142 aliis

93 3160 352 3211 deserviret.

19 3288 34 3294 m
121 3228 123 3230 ’
181 3231 308 3276 Haec
335 3241 487 3276 autem
514 3230 671 3291 opinio
698 3245 797 3275 esse
822 3229 936 3275 falsa
958 3230 1196 3275 manifeste
1215 3230 1514 3274 convincitur.
1536 3231 1725 3283 Quanto
1744 3230 1866 3274 enim
1884 3229 2052 3290 aliquid

95 3307 164 3362 pst
185 3298 349 3344 melius
373 3299 421 3343 in
447 3297 694 3352 effectibus,
719 3307 847 3342 tanto
875 3309 941 3342 est
965 3298 1087 3357 prius
1104 3298 1150 3341 in
1168 3298 1420 3342 intentione
1438 3299 1636 3356 agentis:
1657 3298 1881 3357 optimum
1900 3307 2051 3342 autem

90 3364 144 3412 'in
166 3366 298 3410 rebus
325 3365 486 3410 creatis
512 3374 580 3409 est
605 3363 822 3423 perfectio
849 3364 1061 3419 universi,
1088 3379 1203 3424 quae
1231 3365 1437 3408 consistit
1463 3365 1510 3407 in
1538 3364 1696 3407 ordine
1737 3364 2051 3408 distinctarum

87 3446 260 3493 ererum.
286 3432 337 3477 In
360 3432 571 3476 omnibus
596 3433 718 3475 enim
745 3430 961 3490 perfectio
994 3432 1133 3476 totius
1159 3431 1439 3490 praeeminet
1461 3430 1729 3490 perfectioni
1752 3431 2051 3491 singularium

76 3496 305 3560 partium.
330 3499 471 3558 Igitur
495 3498 727 3542 diversitas
754 3502 905 3542 rerum
932 3498 1138 3557 provenit
1164 3511 1258 3541 non
1286 3511 1340 3542 ex
1367 3497 1625 3543 diversitate
1658 3498 1944 3554 meritorum,
1971 3499 2050 3558 sed

94 3563 152 3612 ex
177 3564 414 3626 principali
437 3565 688 3611 intentione
714 3564 849 3624 primi
874 3565 1063 3624 agentis.
