2332 3854
302 188 400 246 152
987 192 1141 232 LIBER
1179 193 1235 232 11.
1278 193 1396 232 CAP.
1437 178 1566 231 xxx'.

295 303 439 348 motu,
465 307 559 338 non
584 303 762 339 tantum
789 293 1015 353 dependet
1042 309 1066 338 a
1094 309 1231 339 causa
1258 304 1436 354 agente,
1473 295 1551 340 sed
1587 295 1726 341 etiam
1766 311 1792 341 a
1828 296 2088 343 conditione
2111 297 2251 358 ipsius

294 362 423 414 moti,
451 371 495 405 et
520 362 778 420 recipientis
806 362 1036 406 actionem
1062 361 1251 420 agentis,
1279 362 1355 406 cui
1387 361 1462 406 vel
1485 361 1614 407 nullo
1640 363 1782 409 modo
1818 364 1938 409 inest
1971 365 2175 424 potentia
2198 366 2255 411 ad

293 428 607 486 recipiendum
633 428 735 472 talis
763 429 954 472 actionis
982 427 1211 482 effectum,
1239 429 1355 472 sicut
1379 428 1527 483 lanae,
1554 439 1602 474 ut
1628 445 1682 474 ex
1713 445 1767 475 ea
1791 430 1870 475 fiat
1894 445 2052 490 prora:
2083 431 2159 477 vel
2189 442 2258 478 est
2312 435 2325 489 ,ιζ’

294 495 498 552 potentia
523 495 742 553 impedita
767 509 848 553 per
875 495 1101 538 contraria
1129 495 1323 553 agentia,
1350 495 1424 540 vel
1464 498 1713 541 contrarias
1747 498 2066 556 dispositiones
2104 498 2259 544 inhae-

295 572 444 605 rentes
471 562 646 615 mobili,
675 571 751 605 aut
775 561 961 614 forma5‚
989 571 1170 606 motore
1197 562 1434 621 impedito,
1460 578 1551 622 quo
1577 564 1822 623 impeditur
1847 565 1988 610 virtus
2014 566 2189 625 agentis
2210 565 2258 611 in

298 629 493 688 agendo,
520 629 637 672 sicut
667 628 839 672 ferrum
864 642 959 671 non
985 628 1160 686 liquefit
1195 644 1221 672 a
1258 629 1395 674 debili
1437 630 1601 674 calido.
1646 631 1844 690 Oportet
1882 632 2019 691 igitur
2060 632 2116 682 ad
2149 633 2257 688 hoc,

297 697 420 755 quod
452 706 665 754 sequatur
692 695 893 749 effectus,
929 695 1050 754 quod
1091 696 1137 740 in
1179 710 1314 755 passo
1356 698 1414 741 sit
1447 699 1649 757 potentia
1686 699 1740 743 ad
1772 699 2177 759 recipiendum‚,.-l=t
2210 700 2256 744 in

299 773 461 821 agente
488 763 543 806 sit
570 763 761 805 victoria
787 776 923 820 supra
949 777 1148 821 passum,
1176 773 1224 807 ut
1245 764 1389 822 possit
1409 766 1557 823 ipsum
1577 775 1880 810 transmutare
1906 767 1963 812 ad
1982 767 2257 812 contrariam

298 829 658 887 dispositionem.
692 829 748 872 Et
770 829 807 872 si
830 829 1013 887 quidem
1040 828 1226 874 effectus
1254 845 1538 890 consequens
1565 847 1766 890 passum,
1793 847 1848 878 ex
1870 834 2063 878 victoria
2085 833 2268 893 agentis-

298 911 431 955 super
456 897 621 954 ipsum,
647 895 782 939 fuerit
819 897 1045 940 contraria
1085 897 1281 941 naturali
1307 898 1592 956 dispositioni
1627 900 1852 958 patientis,
1892 901 1978 945 erit
2014 899 2259 946 necessitas

297 963 556 1016 violentiae,
583 963 700 1006 sicut
726 977 831 1006 cum
858 962 972 1022 lapis
1001 964 1235 1022 projicitur
1271 979 1475 1010 sursum:
1503 966 1541 1010 si
1566 980 1676 1010 vero
1712 981 1807 1011 non
1841 967 1976 1012 fuerit
2010 967 2259 1012 contrarius

298 1030 493 1073 naturali
514 1029 802 1088 dispositioni
826 1029 967 1088 ipsius
994 1031 1196 1088 subJecti‚
1222 1045 1317 1075 non
1340 1032 1425 1076 erit
1444 1034 1689 1078 necessitas
1710 1033 1969 1088 violentiae,
1991 1034 2069 1080 sed
2091 1034 2259 1079 ordinis

298 1096 536 1151 naturalis;
565 1097 682 1141 sicut
708 1106 776 1141 est
801 1098 846 1140 in
879 1107 1009 1141 motu
1043 1097 1176 1150 coeli,
1203 1099 1281 1156 qui
1318 1108 1385 1143 est
1426 1113 1452 1158 a
1491 1100 1640 1158 primo
1677 1111 1840 1158 agente
1867 1101 2134 1156 extrinseco,
2165 1114 2260 1145 non

298 1175 453 1208 tamen
481 1174 547 1208 est
575 1174 734 1207 contra
758 1164 1014 1208 naturalem
1040 1164 1389 1222 dispositionem
1426 1166 1624 1222 mobilis,
1661 1178 1706 1211 et
1738 1167 1842 1212 ideo
1875 1181 1970 1213 non
2006 1177 2075 1213 est
2107 1177 2260 1212 motus

299 1231 543 1285 violentus,
570 1231 649 1275 sed
674 1231 906 1275 naturalis.
931 1230 1150 1275 Similiter
1177 1240 1243 1275 est
1268 1232 1316 1275 in
1351 1231 1617 1277 alteratione
1661 1248 1904 1293 corporum
1938 1233 2205 1279 inferiorum
2236 1248 2263 1278 a

301 1299 568 1357 corporibus
595 1297 891 1342 coelestibus:
915 1312 1023 1342 narn
1041 1297 1258 1342 naturalis
1274 1298 1511 1344 inclinatio
1529 1310 1596 1344 est
1616 1301 1664 1344 in
1690 1301 1955 1360 corporibus
1975 1300 2260 1347 inferioribus

303 1365 358 1409 ad
386 1364 696 1424 recipiendam
721 1365 1071 1423 impressionem
1099 1379 1345 1424 corporum
1382 1367 1683 1425 superiorum.
1727 1368 1803 1413 Sic
1843 1368 1981 1413 etiam
2022 1378 2090 1415 est
2116 1368 2167 1413 in
2191 1382 2264 1428 ge·

300 1432 540 1476 neratione
567 1431 927 1477 elementorum:
953 1446 1062 1476 nam
1087 1432 1237 1476 forma
1269 1433 1525 1478 inducenda
1567 1450 1647 1494 per
1679 1435 2023 1494 generationem
2057 1447 2157 1480 non
2198 1445 2266 1480 est

303 1500 530 1545 contraria
556 1500 730 1559 primae
753 1500 986 1554 materiae,
1005 1514 1121 1559 quae
1140 1511 1206 1545 est
1222 1502 1527 1560 generationis
1545 1503 1815 1562 subjectum,
1835 1502 1944 1548 licet
1963 1503 2020 1548 sit
2038 1502 2264 1548 contraria

303 1567 480 1612 formae
509 1568 811 1626 abjiciendae3
837 1582 932 1612 non
959 1568 1082 1612 enim
1109 1569 1299 1613 materia
1325 1570 1406 1613 sub
1432 1568 1580 1614 forma
1608 1571 1834 1615 contraria
1859 1571 2077 1616 exsistens
2102 1579 2171 1615 est
2193 1583 2275 1631 ge<

303 1636 550 1679 nerationis
577 1635 845 1693 subJectum.

392 1703 459 1746 Ex
493 1703 734 1760 praedictis
770 1703 907 1761 igitur
941 1712 1063 1762 patet
1099 1703 1221 1762 quod
1247 1704 1492 1749 necessitas
1518 1719 1633 1764 quae
1666 1715 1733 1750 est
1759 1720 1812 1750 ex
1839 1721 1975 1752 causa
2006 1715 2184 1766 agente,-
2208 1705 2257 1751 in

306 1770 577 1829 quibusdam
620 1770 843 1828 dependet
876 1784 930 1813 ex
971 1770 1265 1829 dispositione
1308 1772 1481 1829 agentis
1522 1781 1724 1827 tantum;
1763 1773 1811 1817 in
1851 1773 2123 1833 quibusdam
2154 1785 2265 1816 vero

305 1851 359 1882 ex
386 1837 683 1895 dispositione
703 1837 876 1895 agentis
904 1847 948 1880 et
974 1837 1196 1895 patientis.
1226 1837 1276 1881 Si
1301 1838 1437 1896 igitur
1453 1838 1554 1883 talis
1573 1840 1826 1898 dispositio,
1848 1840 2098 1886 secundum
2125 1853 2265 1900 quam

307 1905 363 1948 de
389 1905 660 1948 necessitate
680 1905 881 1962 sequitur
903 1902 1104 1957 effectus,
1129 1903 1263 1948 fuerit
1287 1906 1557 1959 necessaria,
1577 1917 1619 1950 et
1638 1906 1843 1951 absolute
1869 1907 1916 1951 in
1943 1916 2107 1966 agente
2126 1915 2173 1953 et
2193 1920 2267 1966 pa-

304 1972 457 2025 tiente,
485 1971 567 2015 erit
591 1971 837 2015 necessitas
862 1969 1070 2015 absoluta
1096 1973 1141 2015 in
1170 1985 1307 2015 causa
1334 1982 1497 2030 agente
1515 1974 1631 2017 sicut
1655 1974 1702 2017 in
1727 1974 1798 2018 his
1826 1988 1943 2033 quae
1961 1982 2103 2034 agunt
2123 1986 2177 2020 ex
2192 1987 2269 2018 ne-

305 2039 527 2091 cessitate,
555 2048 599 2082 et
623 2052 827 2097 semper3
861 2038 899 2081 si
931 2048 1086 2082 autem
1110 2052 1206 2082 non
1236 2037 1370 2082 fuerit
1404 2039 1608 2084 absolute
1639 2041 1910 2096 necessaria,
1936 2040 2016 2086 sed
2039 2039 2266 2102 possibilis

304 2105 548 2159 removeri,
574 2119 669 2148 non
696 2105 779 2149 erit
809 2105 1056 2149 necessitas
1084 2119 1139 2149 ex
1165 2119 1303 2150 causa
1331 2116 1494 2164 agente
1526 2107 1613 2152 nisi
1645 2122 1699 2151 ex
1731 2108 2043 2168 suppositione
2083 2107 2270 2167 disposi-

305 2172 441 2216 tionis
461 2172 693 2231 utriusque
712 2172 888 2216 debitae
907 2171 963 2215 ad
992 2172 1244 2230 agendum:
1273 2173 1388 2217 sicut
1412 2173 1458 2217 in
1481 2174 1551 2218 his
1579 2189 1696 2233 quae
1717 2175 2027 2235 impediuntur
2041 2174 2270 2222 interdum
2326 2202 2331 2206 Α

306 2240 352 2283 in
379 2254 459 2283 sua
487 2239 766 2298 operatione,
792 2238 867 2283 ve'l
892 2249 1075 2298 propter
1101 2239 1330 2284 defectum
1355 2240 1545 2295 virtutis,
1571 2241 1647 2286 vel
1671 2252 1857 2301 propter
1886 2242 2156 2288 violentiam
2189 2241 2269 2286 ali-
2330 2244 2332 2246 ’

308 2308 434 2365 cujus
463 2307 700 2361 contrarii3
724 2307 844 2350 unde
871 2318 966 2350 non
994 2317 1134 2365 agunt
1159 2321 1341 2365 semper
1366 2322 1419 2351 ex
1445 2309 1729 2364 necessitate,
1752 2310 1832 2354 sed
1857 2320 1906 2355 ut
1931 2312 1977 2355 in
2002 2308 2219 2370 pluribus.
2327 2301 2332 2309 ‘⁴

396 2374 462 2418 Ex
497 2388 632 2418 causa
669 2383 823 2418 autem
862 2373 987 2417 finali
1020 2375 1312 2433 consequitur
1347 2375 1394 2418 in
1430 2376 1562 2420 rebus
1598 2377 1846 2422 necessitas
1876 2373 2130 2437 dupliciter.
2157 2374 2266 2423 Uno

308 2442 494 2501 quidem
527 2441 669 2485 modo
702 2451 837 2499 prout
869 2451 936 2484 est
967 2441 1166 2499 primum
1192 2442 1239 2485 in
1265 2442 1518 2486 intentione
1552 2444 1741 2501 agentis,
1767 2453 1812 2489 et
1836 2456 2059 2504 quantum
2091 2443 2147 2489 ad
2177 2443 2270 2489 hoc

309 2509 475 2554 eodem
501 2508 643 2552 modo
671 2518 738 2552 est
762 2508 1008 2551 necessitas
1026 2522 1079 2551 ex
1101 2507 1205 2562 fine,
1225 2518 1269 2552 et
1296 2509 1348 2551 ab
1369 2519 1553 2568 agente3
1582 2525 1721 2569 agens
1749 2511 1869 2556 enim
1893 2513 1940 2556 in
1961 2521 2140 2557 tantum
2164 2509 2272 2570 agit,

309 2577 355 2620 in
382 2586 603 2635 quantum
629 2575 768 2619 finem
795 2575 1000 2628 intendit,
1023 2585 1116 2619 tam
1140 2576 1186 2618 in
1212 2576 1490 2621 naturalibus
1517 2592 1654 2636 quam
1680 2579 1727 2622 in
1752 2578 2045 2625 voluntariis:
2066 2579 2115 2624 in
2138 2578 2272 2624 rebus

311 2644 432 2687 enim
458 2642 736 2687 naturalibus
759 2643 950 2686 intentio
976 2642 1077 2686 finis
1105 2643 1322 2701 competit
1346 2644 1498 2702 agenti
1530 2645 1781 2689 secundum
1806 2660 1938 2691 suam
1962 2645 2176 2701 formam,
2194 2658 2274 2704 per

312 2725 450 2769 quam
475 2710 576 2754 finis
604 2721 671 2754 est
696 2710 780 2754 sibi
807 2711 1098 2763 conveniens,
1126 2710 1245 2754 unde
1278 2721 1471 2768 oportet,
1505 2713 1628 2770 quod
1660 2713 1912 2757 secundum
1943 2713 2155 2759 virtutem
2186 2711 2275 2756 for-

311 2792 415 2821 mae
440 2777 596 2821 tendat
627 2791 697 2821 res
729 2777 947 2821 naturalis
973 2777 1019 2820 in
1047 2776 1200 2830 finem,
1233 2777 1348 2821 sicut
1381 2792 1518 2836 grave
1550 2779 1802 2823 secundum
1834 2793 2096 2824 mensuram
2130 2778 2275 2839 gravi·

312 2845 415 2889 tatis
440 2844 585 2888 tendit
611 2844 667 2888 ad
694 2844 917 2898 medium3
944 2844 990 2887 in
1018 2844 1150 2888 rebus
1178 2854 1332 2888 autem
1357 2844 1625 2890 voluntariis
1651 2856 1830 2900 tantum
1854 2845 2067 2892 voluntas
2083 2845 2274 2892 inclinat

314 2913 369 2957 ad
397 2913 626 2971 agendum
652 2922 836 2971 propter
861 2911 999 2955 finem
1018 2926 1155 2971 quem
1172 2912 1376 2966 intendit,
1399 2912 1506 2957 licet
1524 2927 1619 2958 non
1636 2928 1816 2972 semper
1839 2923 2018 2959 tanturn
2033 2912 2275 2959 inclinetur

315 2980 370 3024 ad
398 2980 627 3039 agendum
649 2980 763 3024 haec
789 2978 864 3022 vel
890 2978 966 3022 illa
985 2993 1100 3037 quae
1119 2989 1223 3023 sunt
1244 2989 1427 3038 propter
1454 2980 1593 3024 finem
1620 2995 1757 3039 quem
1775 2981 1957 3040 appetit,
1975 2980 2157 3041 quando
2172 2979 2274 3025 finis

313 3061 409 3092 non
442 3046 592 3091 solum
624 3061 702 3106 per
734 3046 849 3090 haec
882 3046 954 3090 vel
987 3046 1064 3090 illa
1096 3047 1254 3090 haberi
1285 3057 1447 3105 potest,
1484 3048 1561 3091 sed
1595 3047 1796 3105 pluribus
1832 3049 1997 3094 modis.
2029 3046 2139 3093 Alio
2163 3059 2274 3093 vero

315 3110 473 3168 modo,
503 3124 571 3158 est
603 3129 657 3158 ex
687 3113 777 3158 fine
803 3114 1047 3158 necessitas
1081 3114 1333 3157 secundum
1361 3114 1482 3172 quod
1509 3125 1575 3159 est
1601 3115 1825 3173 posterius
1850 3115 1898 3159 in
1923 3128 2046 3169 esse3
2079 3123 2124 3159 et
2157 3114 2274 3159 haec

317 3191 384 3225 est
406 3184 653 3226 necessitas
685 3195 779 3225 non
814 3180 1035 3234 absoluta,
1062 3181 1140 3225 sed
1169 3180 1501 3225 conditionata:
1529 3182 1645 3227 sicut
1671 3182 1865 3227 dicimus
1883 3194 2079 3228 necesse
2103 3179 2201 3226 fore
2226 3189 2275 3225 ut

319 3263 439 3293 serra
467 3249 522 3294 sit
547 3248 707 3303 ferrea,
734 3248 772 3292 si
793 3247 925 3293 debet
949 3248 1118 3293 habere
1141 3261 1291 3292 serrae
1315 3261 1441 3307 opus.
