2332 3854
333 199 435 251 126
1050 211 1208 249 LIBER
1246 212 1304 250 11.
1346 211 1466 249 cap,
1507 211 1560 248 x.

325 314 484 373 patet),
506 312 799 358 manifestum
834 324 902 358 est
936 327 990 357 ex
1026 311 1269 372 praedictis
1303 311 1426 370 quod
1459 312 1662 371 potentia
1694 313 1856 358 dicitur
1890 314 1937 358 in
1970 315 2075 360 Deo
2106 329 2282 375 pet-re<-

325 391 530 440 spectum
558 380 612 424 ad
638 380 771 435 facta,
798 380 1049 424 secundum
1075 379 1141 423 rei
1165 378 1418 433 veritatem,
1443 393 1539 423 non
1563 393 1645 438 per
1669 390 1927 439 respectum
1954 381 2010 424 ad
2038 381 2286 437 actionem,-

325 447 412 491 nisi
429 447 682 492 secundum
699 447 890 491 modum
908 445 1206 503 intelligendi,
1223 454 1359 503 prout
1374 445 1629 506 intellectus
1645 457 1800 492 noster
1817 447 2004 492 diversis
2024 450 2284 508 conceptio-

323 515 455 558 nibus
490 525 732 572 utrumque
761 513 1031 565 considerat,
1058 512 1261 555 divinam
1287 511 1462 558 scilicet
1486 513 1737 572 potentiam
1763 524 1808 557 et
1834 515 1930 572 ejus
1957 515 2203 567 actionem.

415 582 551 625 Unde
565 581 601 624 si
615 580 791 639 aliquae
820 579 1024 623 actiones
1042 579 1146 622 Deo
1174 578 1462 633 conveniant,
1481 594 1597 639 quae
1618 594 1713 625 non
1729 580 1775 624 in
1792 579 1978 639 aliquod
1989 580 2162 634 factum
2173 590 2290 635 tram

325 658 467 701 seant,
494 647 572 691 sed
599 656 815 690 maneant
838 646 886 688 in
912 654 1090 702 agente,
1123 654 1331 704 respectu
1358 645 1522 690 harum
1548 660 1643 690 non
1669 647 1832 691 dicitur
1857 647 1906 691 in
1931 647 2036 692 Deo
2067 649 2286 707 potentia,

326 716 414 759 nisi
439 714 689 759 secundum
717 712 906 755 modum
929 711 1226 770 intelligendi,
1249 726 1344 756 non
1364 713 1616 757 secundum
1642 714 1706 757 rei
1731 714 1995 766 veritatem;
2022 713 2287 772 hujusmodi

329 791 482 826 autem
509 780 712 824 actiones
729 787 832 823 sunt
847 777 1102 836 intelligere
1120 788 1164 823 et
1179 777 1311 823 velle.
1335 780 1547 824 Potentia
1571 779 1707 839 igitur
1722 780 1824 834 Dei,
1841 772 2287 840 proprie-loquendo,

328 862 422 892 non
449 846 632 905 respicit
656 845 917 903 hujusmodi
946 845 1164 899 actiones,
1191 846 1270 890 sed
1297 845 1421 891 solos
1449 846 1649 891 effectus.
1678 846 1942 892 Intellectus
1971 847 2110 906 igitur
2135 857 2183 893 et
2206 862 2289 892 vo-

328 915 477 959 luntas
503 915 549 957 in
576 914 679 956 Deo
707 926 801 956 non
828 922 933 956 sunt
957 921 1007 956 ut
1031 913 1277 971 potentiae,
1304 913 1383 957 sed
1405 913 1557 957 solum
1584 915 1878 959 utfactiones.

418 981 548 1024 Patet
573 980 710 1023 etiam
738 994 791 1022 ex
816 979 1057 1038 praedictis
1084 979 1207 1038 quod
1233 979 1477 1024 multitudo
1506 981 1757 1036 actionum,
1783 996 1901 1041 quae
1917 982 2023 1027 Deo
2050 981 2294 1033 attribuun-

328 1059 412 1101 tur,
439 1057 488 1091 ut
512 1045 781 1105 intelligere,
808 1045 940 1100 velle,
967 1046 1220 1104 producere
1238 1060 1324 1100 res,
1352 1055 1396 1091 et
1417 1047 1585 1091 similia
1606 1062 1701 1092 non
1723 1058 1828 1092 sunt
1845 1048 2051 1094 diversae
2073 1062 2288 1104 res‚,cum

329 1114 554 1174 quaelibet
571 1114 734 1157 harum
752 1113 988 1157 actionum
1009 1114 1055 1157 in
1074 1114 1181 1158 Deo
1199 1113 1256 1157 sit
1276 1113 1427 1171 ipsum
1449 1115 1544 1173 ejus
1567 1128 1682 1169 esse,
1709 1115 1830 1174 quod
1846 1124 1916 1163 est
1932 1129 2075 1160 unum
2093 1125 2139 1161 et
2148 1115 2306 1168 sidem,

333 1181 586 1234 Quomodo
601 1190 755 1224 autem
768 1179 1079 1239 multiplicitas
1096 1179 1440 1239 significationis
1467 1182 1598 1226 unius
1615 1181 1697 1237 rei,
1709 1182 1871 1231 unitati
1887 1195 1982 1227 non
1998 1182 2291 1242 praejudicet,

330 1264 385 1294 ex
408 1249 480 1292 his
505 1262 622 1308 quae
647 1247 695 1291 in
721 1247 871 1306 pri-mo
898 1256 1082 1292 ostensa
1108 1256 1214 1291 sunt
1235 1247 1295 1304 (c.
1328 1247 1418 1306 31.)
1445 1247 1738 1293 manifestum
1763 1261 1863 1294 esse
1888 1257 2055 1308 potest,

1133 1472 1391 1530 CAPUT
1430 1473 1530 1529 XT.

445 1617 603 1663 QUOD
639 1616 712 1654 DE
741 1615 855 1653 DEO
889 1615 1138 1655 DICATUR
1165 1614 1399 1662 ALIQUID
1432 1614 1704 1654 RELATIVE
1735 1615 1811 1653 AD
1830 1615 2181 1660 QREATURAS.

579 1726 634 1784 (I.
651 1732 763 1786 part.
790 1733 941 1785 quaest.
964 1727 1087 1771 XIII.
1115 1732 1196 1772 art.
1231 1740 1269 1785 7.
1296 1733 1333 1771 et
1356 1727 1423 1771 De
1442 1732 1530 1786 pot.
1554 1731 1706 1785 quaest.
1733 1725 1826 1770 VII.
1850 1732 1933 1771 art.
1954 1725 2032 1785 8.).

423 1845 546 1890 Cum
568 1854 719 1888 autem
743 1844 946 1904 potentia
967 1845 1070 1888 Deo
1095 1845 1339 1889 conveniat
1360 1853 1568 1903 respectu
1587 1858 1776 1888 suorum
1793 1842 2061 1888 effectuum:
2084 1841 2289 1903 potentia

334 1923 486 1957 autem
512 1912 739 1956 rationem
766 1912 975 1971 principii
995 1912 1175 1965 habeat,
1198 1921 1247 1956 ut
1263 1911 1437 1955 dictum
1459 1921 1526 1955 est
1543 1911 1601 1969 (e.
1624 1911 1816 1970 praec.):
1840 1910 2307 1970 principium.antemv

333 1980 520 2024 relative
548 1979 604 2022 ad
630 1979 950 2038 principiatum
978 1978 1165 2033 dicitur;
1192 1978 1486 2022 manifestum
1513 1988 1580 2022 est
1605 1978 1728 2037 quod
1746 1977 1916 2038 aliquid
1932 1977 2120 2024 relative
2142 1987 2299 2039 potest

333 2047 423 2090 dici
449 2047 504 2090 de
530 2046 633 2090 Deo
659 2046 705 2089 in
732 2055 937 2103 respectu
960 2059 1146 2090 suorum
1175 2044 1435 2090 effectuum.
2094 2103 2098 2106 ᾖ

420 2114 561 2158 Item:
593 2127 689 2156 non
715 2122 866 2171 potest
886 2111 1076 2171 intellig1
1101 2112 1269 2171 aliquid
1296 2112 1480 2156 relative
1504 2111 1594 2155 dici
1612 2111 1667 2155 ad
1691 2111 1900 2166 alterum,
1916 2111 2005 2157 nisi
2021 2125 2047 2157 e
2063 2124 2307 2174 converso.

331 2181 442 2225 illud
468 2180 657 2226 relative
683 2180 908 2224 diceretur
935 2180 1023 2224 ad
1012 2194 1177 2239 ipsum.
1207 2180 1297 2224 Sed
1324 2194 1394 2224 res
1421 2179 1537 2224 aliae
1563 2179 1778 2224 relativae
1805 2179 2025 2234 dicuntur
2040 2180 2097 2224 ad
2121 2179 2289 2236 Deum,
2324 2220 2328 2222 ,

333 2259 491 2309 utpote
504 2249 755 2294 secundum
773 2263 907 2292 suum
926 2262 1025 2293 esse
1048 2248 1171 2307 quod
1185 2262 1211 2292 a
1227 2248 1330 2292 Deo
1346 2248 1530 2302 habent,
1547 2257 1596 2292 ut
1613 2257 1854 2298 ostensum
1860 2257 1928 2309 est
1944 2231 2065 2307 (Lib.
2075 2247 2110 2292 Ι.
2129 2262 2167 2292 c.
2191 2261 2256 2308 13.
2259 2249 2332 2312 )‚

333 2317 513 2376 abipso
541 2315 861 2375 dependentes.
886 2316 1011 2359 Deus
1038 2315 1175 2374 igitur
1202 2330 1226 2359 e
1254 2329 1480 2359 converso
1507 2314 1693 2359 relative
1728 2314 1784 2358 ad
1812 2323 2042 2362 creaturas
2068 2314 2256 2362 dicetur.
2291 2315 2332 2362 c}

423 2383 611 2427 Adhuc:
646 2381 896 2426 similitudo
934 2392 1002 2426 est
1035 2382 1193 2426 relatio
1237 2383 1476 2440 quaedam.
1513 2382 1639 2425 Deus
1676 2390 1844 2437 autem,
1881 2381 2000 2426 sicut
2035 2390 2084 2430 et
2115 2391 2332 2430 caetera

335 2451 529 2509 agentia,
556 2450 641 2494 sibi
663 2448 810 2494 simile
845 2450 962 2508 agit;
995 2449 1158 2493 dicitur
1189 2449 1327 2507 igitur
1360 2448 1530 2508 aliquid
1555 2447 1741 2492 relative
1769 2448 1824 2492 de
1850 2449 1965 2508 ipso.
2300 2451 2332 2491 „²

423 2517 658 2575 Amplius:
692 2516 883 2560 scientia
911 2516 966 2560 ad
993 2516 1157 2560 scitum
1180 2515 1367 2560 relative
1402 2516 1577 2559 dicitur.
1604 2516 1730 2559 Deus
1757 2525 1911 2560 autem
1935 2529 2030 2560 non
2053 2514 2211 2568 solum
2225 2516 2332 2574 sui.s

333 2585 487 2644 ipsius,
514 2584 591 2628 sed
619 2583 757 2628 etiam
785 2583 980 2627 aliorum
1006 2583 1244 2628 scientiam
1270 2583 1431 2637 habet;
1462 2583 1600 2641 igitur
1626 2570 1795 2641 aliquid
1820 2581 2008 2628 relative
2041 2582 2205 2634 dicitur
2230 2583 2332 2632 dei}

335 2653 438 2695 Deo
466 2651 521 2695 ad
550 2650 650 2694 alia.

425 2718 611 2762 Adhuc:
645 2731 837 2762 movens
864 2717 1028 2761 dicitur
1053 2716 1239 2761 relative
1273 2717 1329 2761 ad
1361 2727 1556 2770 motum,
1596 2726 1641 2760 et
1677 2729 1818 2774 agens
1856 2716 1924 2760 ad
1947 2715 2134 2761 factum.
2167 2691 2332 2762 Deus

337 2795 490 2830 autem
518 2795 585 2830 est
611 2799 778 2861 agens&
792 2794 836 2829 et
862 2798 1071 2838 movens,
1095 2799 1191 2828 non
1218 2784 1377 2838 factus,
1399 2794 1448 2828 ut
1474 2793 1708 2828 ostensum
1736 2794 1803 2828 est
1823 2783 1944 2843 (Lib.
1966 2783 2001 2828 I.
2028 2797 2067 2828 c.
2095 2797 2144 2844 13
2150 2784 2283 2842 .);c11¹
2304 2825 2307 2827 ,

337 2863 497 2897 cuntur
523 2852 660 2911 igitur
687 2852 778 2896 de
768 2866 868 2911 1pso
896 2851 1155 2896 relationes.
2299 2894 2303 2896 ,
2326 2899 2327 2902 Ἰ

426 2920 565 2964 Item:
584 2919 782 2978 primum
799 2918 1069 2963 relationem
1089 2919 1345 2978 quandam'
1334 2928 1572 2996 importat3
1591 2917 1797 2962 similiter
1813 2927 1858 2963 et
1874 2931 2122 2970 summum.
2133 2907 2332 2965 osten-5⁸

337 3002 439 3032 sum
463 2996 529 3031 est
555 2997 708 3030 autern
737 2987 796 3044 (c.
831 3001 895 3046 13.
924 2997 967 3030 et
997 2987 1091 3043 41.)
1118 2987 1165 3030 in
1191 2986 1340 3045 primo
1366 2986 1516 3045 ipsum
1544 3000 1642 3030 esse
1667 2986 1868 3044 primum
1889 2999 1984 3042 ens,
2002 2995 2046 3031 et
2062 2999 2323 3032 summum

301 3098 303 3100 .
336 3057 533 3111 bonum3
566 3065 690 3116 patet
715 3055 852 3115 igitur
879 3055 1001 3115 quod
1029 3054 1172 3099 multa
1195 3054 1250 3099 de
1277 3055 1379 3099 Deo
1405 3053 1594 3099 relative
1622 3053 1845 3098 dicuntur.

2230 3606 2261 3648 ¹⁴77*
2223 3562 2253 3580 εἷ
2255 3437 2257 3439 .

2267 3609 2302 3666 «ὲέ
2262 3415 2310 3589 &Qwrp
2307 3249 2312 3255 Δ
2306 3100 2313 3111 v.
2314 3051 2326 3070 J

2329 3605 2331 3608 Α
2325 3464 2332 3557 amm*
2315 3381 2318 3386 '¹
2317 3308 2319 3311 >
2317 3283 2319 3285 ·
2316 3242 2319 3246 Δ
2317 3132 2329 3189 ww..
2312 3093 2321 3115 γἰ·
