2332 3854
0 0 23 128 ΜῇὟἬ

798 267 952 307 LIBER
990 267 1066 306 111.
1107 266 1228 306 CAP.
1267 264 1400 306 xcu-
1972 264 2043 320 42
2048 265 2076 319 5

125 367 410 427 parationem
437 366 492 412 ad
517 366 686 411 Deum.
716 366 837 411 Nam
854 380 933 425 per
949 368 1343 427 comparationem
1362 365 1417 410 ad
1434 365 1585 425 ipsum
1600 377 1694 408 non
1712 363 1863 411 solum
1881 363 1927 408 in
1950 364 2083 408 rebus

122 434 354 489 humanis,
380 434 459 478 sed
485 447 570 478 nec
603 434 650 477 in
682 432 883 492 qualibet
923 433 1012 478 alia
1037 448 1085 478 re
1112 442 1261 492 potest
1299 445 1397 477 esse
1430 430 1600 490 aliquid
1642 430 1823 474 casuale
1850 439 1893 475 et
1917 430 2085 488 impro-

125 499 291 544 visum.

245 565 369 618 Quia
389 579 498 610 vero
520 564 705 609 fortuita
730 575 834 609 sunt
860 579 974 624 quae
992 576 1094 609 sunt
1112 575 1288 624 praeter
1320 564 1638 616 intentionem,
1662 562 1785 607 bona
1807 572 1958 606 autem
1985 575 2084 606 mo·

122 631 234 676 ralia
260 642 439 691 praeter
463 631 764 676 intentionem
791 645 890 676 esse
915 645 1009 675 non
1036 642 1239 690 possunt,
1267 645 1372 676 cum
1400 632 1445 687 in
1469 630 1693 676 electione
1720 629 1985 682 consistant,
2017 642 2081 672 re-

123 708 280 756 spectu
308 712 468 743 eorum
490 712 583 741 non
600 707 749 756 potest
765 697 854 741 dici
877 697 1036 756 aliquis
1063 698 1193 751 bene,
1220 697 1292 742 vel
1310 697 1430 741 male
1447 696 1716 749 fortunatus,
1742 694 1849 740 licet
1873 704 2083 754 respectu

125 778 286 809 eorum
318 764 463 823 possit
488 764 648 823 aliquis
674 763 763 808 dici
788 764 918 817 bene,
950 764 1024 807 vel
1057 764 1177 808 male
1209 774 1357 818 natus,
1383 764 1567 822 quando
1595 777 1648 807 ex
1674 762 1870 807 naturali
1894 761 2081 820 disposi-

114 830 250 885 tione
266 831 469 889 corporis
486 840 553 874 est
570 840 700 889 aptus
726 830 782 874 ad
808 829 1057 874 electiones
1082 831 1316 883 virtutum,
1342 829 1416 873 vel
1436 830 1667 873 vitiorum.
1685 829 1911 887 Respectu
1930 837 2085 872 autem

126 896 401 941 exteriorum
426 897 669 950 bonorum,
696 910 811 955 quae
836 906 1015 956 praeter
1047 897 1348 941 intentionem
1374 896 1554 940 homini
1574 895 1755 939 evenire
1780 904 1985 954 possunt,
2007 908 2086 953 po-

126 972 215 1008 test
236 963 326 1007 dici
346 963 492 1007 homo
513 972 559 1007 et
584 963 699 1007 bene
724 972 869 1017 natus,
897 973 942 1007 et
965 963 1080 1007 bene
1101 962 1372 1016 fortunatus,
1400 972 1446 1006 et
1471 976 1497 1006 a
1522 963 1625 1006 Deo
1653 961 1944 1020 gubernatus,
1967 971 2012 1006 et
2028 961 2082 1005 ab

41 1046 46 1053 ·
76 1057 78 1060 >
127 1029 299 1088 angelis
325 1029 591 1074 custoditus.

216 1095 524 1154 Consequitur
550 1105 702 1139 autem
729 1109 784 1138 ex
808 1095 1114 1154 superioribus
1141 1097 1288 1139 causis
1315 1104 1359 1139 et
1386 1094 1507 1138 aliud
1531 1095 1751 1139 auxilium
1777 1105 1999 1154 quantum
2026 1093 2083 1137 ad

127 1160 270 1206 exitus
300 1174 484 1205 suarum
518 1161 765 1205 actionum.
801 1162 921 1206 Cum
958 1162 1081 1206 enirn
1118 1162 1264 1206 homo
1302 1171 1346 1205 et
1384 1161 1551 1219 eligere
1585 1162 1766 1215 habeat,
1799 1171 1844 1206 et
1868 1160 2083 1220 prosequi

131 1227 256 1286 quod
282 1226 434 1286 elegit,
459 1228 505 1271 in
532 1237 724 1286 utroque
751 1241 776 1270 a
809 1228 956 1272 causis
982 1228 1288 1286 superioribus
1316 1227 1554 1285 adjuvatur
1574 1228 1816 1282 interdum,
1841 1227 1915 1271 vel
1946 1226 2083 1271 etiam

126 1293 396 1352 impeditur;
422 1295 675 1338 secundum
707 1294 983 1338 electionem
1015 1295 1215 1353 quidem,
1248 1303 1296 1338 ut
1328 1295 1501 1338 dictum
1527 1304 1609 1348 est,
1636 1294 1905 1352 inquantum
1937 1293 2083 1337 homo

126 1359 202 1404 t’rel
217 1359 473 1418 disponitur
490 1361 546 1403 ad
566 1360 734 1419 aliquid
753 1359 1013 1418 eligendum
1032 1374 1111 1419 per
1134 1360 1351 1405 coelestia
1372 1374 1580 1419 corpora,
1596 1360 1670 1404 vel
1691 1360 1821 1419 quasi
1837 1359 2085 1404 illustratur

114 1438 207 1485 *per
232 1425 501 1484 angelorum
524 1427 794 1480 custodiam,
817 1426 890 1470 vel
907 1427 1045 1471 etiam
1071 1427 1314 1470 inclinatur
1331 1441 1411 1485 per
1429 1427 1744 1485 operationem
1770 1426 1986 1470 divinam.
2009 1425 2086 1469 Se-

125 1493 325 1536 cundum
352 1494 693 1537 exsecutionem
719 1507 828 1536 vero
854 1493 901 1536 in
928 1504 1148 1552 quantum
1180 1493 1327 1536 homo
1369 1493 1661 1551 consequitur
1694 1507 1748 1537 ex
1782 1493 1933 1551 aliqua
1958 1506 2085 1550 supe·

125 1558 235 1604 riori
261 1573 398 1603 causa
424 1560 577 1613 robur,
603 1569 648 1603 et
673 1558 926 1603 efficaciam
942 1559 997 1603 ad
1019 1558 1302 1618 implendum
1322 1559 1444 1618 quod
1467 1559 1629 1618 elegit;
1651 1573 1767 1618 quae
1790 1559 1975 1618 quidem
1990 1571 2086 1601 non

127 1624 279 1669 solum
306 1638 333 1669 a
357 1626 461 1670 Deo
489 1621 535 1670 et
559 1625 732 1684 angelis
760 1639 858 1670 esse
890 1635 1053 1683 potest,
1080 1626 1158 1670 sed
1192 1625 1331 1670 etiam
1365 1639 1390 1668 a
1423 1626 1688 1684 corporibus
1721 1625 2008 1678 coelestibus,
2038 1624 2085 1667 in

127 1701 350 1750 quantum
380 1690 484 1736 talis
510 1686 713 1736 efficacia
738 1692 784 1736 in
806 1706 999 1751 corpore
1025 1693 1109 1736 sita
1135 1702 1215 1736 est.
1240 1691 1536 1736 Manifestum
1563 1702 1631 1736 est
1656 1693 1780 1735 enim
1806 1691 1928 1750 quod
1946 1691 2084 1735 etiam

127 1758 378 1802 inanimata
403 1772 597 1817 corpora
623 1758 845 1817 quasdam
870 1759 989 1803 vires
1022 1768 1065 1802 et
1091 1757 1317 1803 efficacias
1335 1773 1361 1801 a
1384 1758 1657 1802 coelestibus
1685 1758 1950 1816 corporibus
1978 1771 2086 1800 con-

129 1834 392 1884 sequuntur,
418 1825 557 1869 etiam
583 1835 760 1883 praeter
786 1839 862 1869 eas
895 1839 1010 1884 quae
1042 1825 1099 1869 ad
1132 1821 1371 1883 qualitates
1398 1825 1569 1868 activas
1595 1835 1639 1869 et
1660 1825 1861 1884 passivas
1889 1824 2087 1868 elemen-

127 1901 281 1936 torum
308 1903 660 1951 consequuntur,
687 1906 799 1951 quas
816 1893 954 1936 etiam
976 1906 1071 1936 non
1098 1902 1165 1936 est
1190 1892 1378 1936 dubium
1405 1892 1680 1936 coelestibus
1702 1885 1968 1951 corporibus
1986 1904 2085 1935 esse

126 1958 377 2016 subjectas;
402 1959 519 2003 sicut
539 1959 660 2018 quod
679 1973 869 2018 magnes
887 1960 1070 2003 attrahit
1098 1959 1285 2012 ferrum,
1316 1959 1456 2002 habet
1481 1972 1535 2002 ex
1566 1959 1730 2002 virtute
1757 1958 1967 2003 coelestis
1990 1971 2086 2001 cor-

128 2027 267 2084 poris,
285 2035 329 2069 et
344 2024 517 2084 lapides
535 2026 736 2084 quidam,
763 2036 807 2070 et
831 2026 1000 2070 herbae
1018 2027 1130 2070 alias
1148 2026 1352 2074 occultas
1367 2026 1569 2070 virtutes.
1598 2026 1731 2070 Unde
1746 2026 1862 2070 nihil
1877 2025 2086 2084 prohibet

126 2092 250 2150 quod
282 2093 421 2136 etiam
443 2091 604 2151 aliquis
630 2092 775 2136 homo
801 2092 968 2137 habeat
998 2107 1055 2137 ex
1075 2093 1377 2152 impressione
1404 2093 1614 2137 coelestis
1648 2093 1852 2152 corporis
1883 2092 2085 2151 aliquam

128 2157 380 2202 efficaciam
412 2159 459 2202 in
493 2158 716 2217 aliquibus
748 2159 962 2218 operibus
986 2159 1220 2214 faciendis,
1253 2174 1365 2218 quas
1399 2160 1512 2204 alius
1544 2174 1639 2204 non
1670 2160 1827 2204 habet:
1855 2170 1963 2218 puta
1995 2173 2086 2203 me·

132 2225 259 2270 dicus
285 2227 331 2269 in
353 2225 574 2279 sanando,
600 2236 645 2269 et
670 2226 872 2283 agricola
895 2227 941 2270 in
967 2227 1231 2285 plantando,
1264 2237 1309 2270 et
1333 2226 1465 2271 miles
1488 2227 1534 2270 in
1562 2228 1824 2285 pugnando.
1851 2226 1982 2270 Hanc
2010 2240 2086 2270 au-

123 2300 220 2336 tem
241 2289 437 2336 efficiam
463 2291 610 2336 multo
642 2291 882 2350 perfectius
915 2294 1039 2337 Deus
1066 2294 1330 2337 hominibus
1363 2293 1552 2351 largitur
1579 2295 1635 2337 ad
1661 2308 1742 2337 sua
1768 2306 1906 2352 opera
1934 2291 2084 2336 effica-

128 2357 241 2402 citer
265 2358 565 2417 exsequenda.
595 2358 833 2410 Quantum
858 2373 967 2418 ergo
991 2360 1047 2404 ad
1073 2361 1272 2419 primum
1291 2361 1523 2414 auxilium,
1546 2361 1668 2419 quod
1692 2371 1759 2405 est
1783 2361 1830 2404 in
1857 2359 2084 2418 eligendo,

131 2424 295 2468 dicitur
309 2425 436 2469 Deus
451 2425 691 2469 hominem
714 2426 933 2484 dirigere;
959 2438 1178 2485 quantum
1197 2441 1307 2471 vero
1326 2428 1380 2470 ad
1403 2427 1654 2471 secundum
1674 2427 1906 2481 auxilium,
1923 2427 2086 2471 dicitur

125 2491 367 2543 hominem
401 2491 683 2547 confortare3
709 2502 754 2536 et
784 2492 898 2537 haec
932 2493 1098 2538 auxilia
1122 2503 1367 2552 tanguntur
1393 2494 1529 2538 simul
1562 2495 1607 2537 in
1639 2494 1759 2539 Psal.
1786 2492 1951 2537 XXVI.
1980 2494 2084 2550 (1.),

130 2557 206 2601 ubi
238 2558 422 2602 dicitur:
455 2560 666 2604 Dominus
690 2559 944 2605 illuminatio
967 2575 1073 2614 mea,
1097 2567 1135 2605 et
1154 2562 1262 2605 salus
1282 2575 1389 2614 mea,
1424 2576 1542 2618 quem
1566 2562 1751 2606 timebo?
1776 2570 1997 2619 quantum
2024 2560 2080 2603 ad

131 2624 358 2684 primum:
389 2626 507 2670 Deus
526 2632 740 2685 protector
762 2628 875 2671 vitae
896 2641 1036 2673 meae:
1059 2642 1085 2671 a
1106 2642 1185 2685 quo
1209 2627 1451 2686 trepidabo?
1475 2637 1696 2685 quantum
1730 2629 1785 2671 ad
1812 2626 2079 2672 secundum.

217 2691 308 2736 Sed
337 2691 456 2736 inter
479 2692 595 2736 haec
622 2692 712 2736 duo
737 2693 901 2736 auxilia
927 2705 995 2737 est
1019 2693 1271 2738 differentia
1293 2693 1470 2752 duplex.
1489 2694 1641 2738 Prima
1669 2694 1869 2752 quidem,
1896 2693 2000 2751 quia
2026 2706 2082 2736 ex

127 2757 295 2802 auxilio
331 2758 480 2816 primo
513 2759 749 2816 adjuvatur
779 2759 924 2803 homo
955 2769 1051 2803 tarn
1077 2760 1123 2803 in
1154 2760 1226 2803 his
1252 2773 1368 2818 quae
1400 2760 1553 2803 virtuti
1578 2760 1780 2803 hominis
1814 2760 2080 2813 subduntur,

127 2837 265 2882 quam
290 2823 337 2867 in
364 2823 475 2868 aliis.
503 2824 592 2868 Sed
620 2825 872 2868 secundum
905 2825 1120 2869 auxilium
1150 2826 1204 2869 ad
1237 2825 1314 2869 illa
1340 2836 1515 2869 tantum
1549 2839 1597 2869 se
1630 2826 1841 2879 extendit,
1875 2825 1930 2869 ad
1964 2839 2080 2883 quae

126 2891 267 2935 virtus
290 2890 494 2934 hominis
524 2890 670 2944 valet3
695 2892 817 2949 quod
851 2891 975 2936 enim
1001 2893 1145 2936 homo
1171 2892 1348 2936 fodiens
1381 2892 1640 2950 sepulcrum
1672 2893 1872 2937 inveniat
1904 2892 2083 2936 thesau-

127 2971 245 3010 rum,
271 2970 324 3000 ex
349 2956 474 3000 nulla
500 2956 700 3000 hominis
731 2959 895 3002 virtute
921 2959 1139 3017 procedit.
1160 2959 1292 3002 Unde
1320 2969 1526 3017 respectu
1559 2959 1660 3003 talis
1687 2969 1932 3017 proventus
1960 2958 2081 3017 adju-

126 3024 223 3068 vari
254 3034 401 3082 potest
426 3023 571 3067 homo
597 3024 644 3067 in
670 3024 760 3067 hoc
787 3026 908 3082 quod
935 3026 1173 3083 instigetur
1199 3026 1254 3068 ad
1282 3026 1591 3083 quaerendum
1619 3026 1695 3068 ubi
1721 3036 1788 3069 est
1813 3026 2079 3077 thesaurus;

127 3103 224 3134 non
251 3099 404 3134 autem
430 3090 475 3133 in
502 3090 592 3133 hoc
629 3090 750 3148 quod
778 3093 817 3134 ei
851 3091 1001 3149 aliqua
1031 3092 1172 3135 virtus
1199 3092 1327 3135 detur
1364 3093 1419 3135 ad
1453 3092 1716 3135 thesaurum
1742 3091 2081 3135 inveniendum.

127 3155 180 3201 In
196 3155 288 3200 hoc
315 3167 467 3200 autem
494 3157 615 3214 quod
638 3156 842 3201 medicus
868 3168 1010 3212 sanet,
1031 3158 1105 3202 vel
1133 3157 1263 3201 miles
1285 3158 1331 3201 in
1354 3172 1507 3216 pugna
1523 3159 1689 3211 vincat,
1713 3169 1860 3216 potest
1882 3157 2084 3215 adjuvari

125 3221 173 3266 in
204 3223 295 3266 hoc
328 3222 451 3281 quod
477 3222 615 3280 eligat
651 3224 969 3268 convenientia
1005 3225 1060 3267 ad
1094 3224 1245 3277 finem,
1278 3235 1321 3268 et
1347 3225 1392 3268 in
1415 3224 1506 3269 hoc
1533 3224 1656 3282 quod
1684 3223 1926 3269 efficaciter
1958 3237 2083 3268 exse-

128 3298 289 3347 quatur
314 3302 393 3347 per
418 3290 630 3332 virtutem
659 3302 684 3332 a
709 3291 929 3347 superiori
956 3304 1093 3334 causa
1120 3291 1346 3349 adeptam.
1390 3291 1523 3335 Unde
1546 3291 1743 3348 primum
1772 3290 1988 3334 auxilium
2017 3300 2085 3334 est

126 3354 437 3400 universalius.
466 3355 677 3399 Secunda
709 3355 959 3400 differentia
994 3367 1074 3410 est,
1107 3357 1212 3415 quia
1239 3358 1491 3401 secundum
1514 3357 1732 3401 auxilium
1759 3357 1886 3401 datut
1912 3357 1966 3400 ad
1984 3370 2083 3414 pro·

127 3422 409 3480 sequendum
434 3420 679 3466 efficaciter
705 3435 757 3465 ea
784 3436 900 3480 quae
935 3423 1140 3467 intendit.
1180 3423 1313 3467 Unde
1346 3438 1452 3467 cum
1484 3423 1668 3467 fortuita
1705 3424 1792 3467 sint
1819 3433 1995 3482 praeter
2020 3423 2084 3467 in·

128 3489 397 3542 tentionem,
424 3503 478 3532 ex
508 3487 588 3532 tali
614 3488 781 3532 auxilio
812 3494 905 3534 n'on
930 3500 1078 3548 potest
1105 3489 1192 3534 dici
1215 3491 1374 3545 homo,
1392 3491 1572 3549 proprie
1598 3489 1846 3549 loquendo,
1863 3491 1979 3535 bene
1994 3489 2083 3534 for-

130 3564 328 3608 tunatus,
351 3556 466 3599 sicut
482 3565 632 3613 potest
657 3555 746 3599 dici
772 3569 825 3599 ex
850 3556 1015 3615 primo,
1032 3566 1081 3600 ut
1098 3571 1231 3614 supra
1264 3567 1498 3601 ostensum
1525 3566 1606 3601 est.

219 3621 461 3679 Contingit
488 3631 640 3666 autem
666 3621 844 3666 homini
868 3622 999 3677 bene,
1025 3622 1098 3667 vel
1124 3622 1244 3667 male
1271 3623 1523 3668 secundum
1548 3622 1779 3668 fortunam
1804 3624 2080 3683 quandoque
