2332 3854
332 214 435 269 144
1013 213 1169 251 LIBER
1209 213 1264 250 11.
1308 213 1428 250 cAP.
1468 212 1597 252 xxv.

412 315 673 360 Praeterea:
702 330 807 360 cum
824 315 1043 375 principia
1061 314 1363 374 quarumdam
1385 314 1691 369 scientiarum,
1709 325 1758 359 ut
1772 314 1967 375 logicae,
1987 317 2282 374 geometriae,

324 395 368 427 et
394 383 722 436 arithmeticae,
749 393 985 426 sumantur
1013 396 1066 425 ex
1092 380 1201 425 solis
1227 381 1458 441 principiis
1484 381 1751 426 formalibus
1777 397 1943 436 rerum,
1962 398 2015 427 ex
2042 383 2202 442 quibus
2220 398 2285 429 es-

322 450 466 494 sentia
493 451 559 493 rei
585 450 829 507 dependet;
858 449 1058 507 sequitur
1075 447 1197 507 quod
1215 448 1442 492 contraria
1459 447 1623 492 horum
1643 450 1966 508 principiorum
1989 450 2114 494 Deus
2133 449 2284 496 fecere
2326 481 2330 485 ·

321 530 415 559 non
442 517 598 575 possit,
622 518 736 560 sicut
763 516 885 574 quod
913 530 1055 573 genus
1082 529 1175 558 non
1202 515 1259 558 sit
1283 514 1585 573 praedicabile
1612 516 1667 559 de
1694 517 1858 574 specie,
1885 516 1956 559 vel
1991 517 2112 575 quod
2134 516 2284 562 lineae

323 583 484 626 ductae
513 597 537 625 a
564 593 720 627 centro
746 583 799 625 ad
825 581 1240 625 circumferentiam
1266 595 1360 626 non
1393 582 1481 626 sint
1514 582 1739 641 aequales,
1775 594 1851 626 aut
1882 584 2004 642 quod
2029 583 2284 643 triangulus

322 650 582 693 rectilineus
608 664 698 694 non
732 650 898 692 habeat
924 658 1013 692 tres
1041 647 1234 707 angulos
1263 648 1475 707 aequales
1501 650 1678 693 duobus
1705 650 1852 694 rectis.

412 717 531 761 Hinc
544 717 680 760 etiam
700 727 836 775 patet,
856 715 977 774 quod
995 716 1121 759 Deus
1137 730 1231 759 non
1248 726 1397 774 potest
1412 715 1561 760 facere
1579 716 1701 775 quod
1719 717 2011 775 praeteritum
2028 731 2124 762 non
2135 716 2284 773 fuerit,

322 798 430 827 nam
457 785 547 827 hoc
581 784 718 827 etiam
753 781 1163 826 contradictionem
1194 782 1406 828 includit:
1440 783 1644 840 eiusdem
1675 797 1874 842 namque
1905 784 2189 830 necessitatis
2218 795 2286 830 est

324 849 492 908 aliquid
521 864 617 893 esse
645 850 753 892 dum
781 859 861 903 est,
889 859 934 893 et
959 849 1128 908 aliquid
1154 849 1291 893 fuisse
1318 849 1427 893 dum
1453 849 1550 894 fuit.

412 918 527 960 Sunt
553 917 691 960 etiam
717 918 943 974 quaedam
969 930 1085 975 quae
1112 927 1368 976 repugnant
1393 917 1558 960 rationi
1585 917 1698 961 entis
1723 916 1846 972 facti,
1872 918 1919 962 in
1952 928 2174 978 quantum
2205 919 2286 964 hu·

321 985 534 1042 jusmodi,
562 998 677 1042 quae
705 984 842 1027 etiam
870 985 995 1028 Deus
1021 983 1171 1028 facere
1204 998 1299 1028 non
1331 993 1501 1043 potest3
1535 997 1643 1027 nam
1677 998 1817 1029 omne
1846 985 1972 1043 quod
2005 984 2111 1030 facit
2141 986 2283 1041 Deus,

321 1062 503 1110 oportet
534 1065 633 1094 esse
659 1050 846 1094 factum.

409 1118 475 1162 Ex
500 1118 591 1162 hoc
619 1127 772 1161 autem
797 1126 919 1176 patet
945 1118 1067 1176 quod
1089 1118 1215 1162 Deus
1241 1131 1334 1161 non
1351 1127 1501 1176 potest
1524 1117 1674 1162 facere
1700 1118 1867 1162 Deum.
1886 1119 2006 1163 Nam
2033 1119 2089 1164 de
2106 1120 2283 1165 ratione

319 1186 434 1230 entis
459 1185 567 1228 facti
593 1194 661 1228 est
687 1185 809 1243 quod
836 1198 936 1228 esse
963 1199 1097 1228 suurn
1124 1199 1179 1228 ex
1206 1184 1292 1228 alia
1320 1198 1458 1228 causa
1484 1185 1751 1243 dependeat,
1783 1185 1906 1244 quod
1939 1197 2008 1230 est
2033 1197 2193 1231 contra
2217 1201 2285 1231 ra·

317 1254 492 1297 tionem
520 1254 615 1310 ejus
642 1251 765 1310 quod
792 1251 954 1295 dicitur
979 1251 1120 1306 Deus,
1148 1261 1197 1295 ut
1223 1265 1277 1295 ex
1303 1251 1609 1309 superioribus
1636 1252 1756 1309 (Lib.
1782 1252 1817 1296 I.
1845 1266 1884 1296 c.
1915 1253 2005 1311 13.)
2038 1262 2175 1312 patet.

407 1319 580 1363 Eadem
608 1319 748 1362 etiam
773 1318 951 1362 ratione
977 1332 1072 1362 non
1098 1328 1248 1376 potest
1272 1318 1399 1362 Deus
1430 1317 1784 1377 facere‘aliquid
1817 1319 2007 1378 aequale
2036 1320 2144 1364 sibi:
2174 1334 2283 1365 nam

318 1387 363 1431 id
389 1387 517 1449 cujuqs
544 1399 642 1429 esse
671 1386 725 1429 ab
754 1384 846 1429 alio
869 1399 964 1429 non
991 1385 1230 1444 dependet,
1258 1385 1380 1444 prius
1408 1394 1475 1428 est
1498 1384 1547 1428 in
1574 1385 1765 1429 essendo
1799 1394 1844 1430 et
1875 1388 1921 1430 in
1948 1386 2110 1431 ceteris
2140 1386 2287 1447 digni-

317 1453 497 1506 tatibus,
527 1466 583 1496 eo
610 1451 732 1511 quod
760 1452 814 1495 ab
842 1451 934 1495 alio
961 1451 1199 1510 dependet,
1227 1452 1348 1510 quod
1377 1451 1433 1495 ad
1460 1452 1686 1496 rationem
1712 1453 1827 1496 entis
1851 1451 1961 1497 facti
1985 1453 2195 1512 pertinet.

410 1519 629 1564 Similiter
655 1519 794 1563 etiam
819 1519 945 1563 Deus
968 1518 1119 1562 facere
1143 1532 1239 1562 non
1266 1529 1416 1577 potest
1441 1519 1564 1577 quod
1592 1519 1760 1578 aliquid
1794 1529 2088 1564 conservetur
2111 1520 2158 1565 in
2184 1535 2284 1566 esse

318 1589 415 1632 sine
440 1587 566 1645 ipso:
594 1599 704 1629 nam
732 1586 1020 1630 conservatio
1048 1599 1146 1629 esse
1173 1586 1528 1645 uniuscujusque
1554 1587 1776 1645 dependet
1809 1601 1835 1631 a
1867 1599 2006 1632 causa
2035 1601 2132 1643 sua,
2163 1590 2284 1634 unde

320 1663 500 1713 oportet
513 1654 634 1712 quod
647 1663 824 1698 remota
842 1667 993 1708 causa,
1010 1663 1302 1697 removeatur
1325 1653 1524 1698 effectus.
1545 1653 1595 1698 Si
1614 1654 1752 1712 igitur
1768 1668 1839 1699 res
1856 1654 2005 1714 aliqua
2022 1656 2166 1714 possit
2183 1668 2284 1702 esse

320 1736 436 1781 quae
464 1736 489 1765 a
514 1722 616 1765 Deo
644 1734 739 1764 non
766 1730 1109 1765 conservaretur
1134 1720 1181 1763 in
1205 1734 1319 1774 esse,
1346 1734 1439 1764 non
1457 1731 1576 1764 esset
1601 1720 1787 1766 effectus
1814 1722 1926 1779 ejus.
2186 1743 2187 1746 ¹

409 1788 605 1832 Rursus:
634 1788 740 1845 quia
765 1787 862 1845 ipse
888 1797 956 1831 est
981 1801 1061 1844 per
1084 1786 1366 1831 voluntatem
1390 1800 1543 1845 agens,
1569 1787 1649 1830 illa
1679 1801 1774 1832 non
1807 1798 1957 1847 potest
1986 1788 2136 1840 facere
2165 1803 2283 1849 quae

319 1870 413 1900 non
440 1864 588 1914 potest
614 1853 744 1898 velle.
776 1854 910 1906 Quae
937 1865 1091 1897 autem
1112 1853 1230 1898 velle
1253 1868 1347 1897 non
1364 1854 1520 1912 possit,
1547 1854 1827 1898 considerari
1850 1864 2014 1913 potest,
2035 1856 2075 1900 si
2095 1857 2286 1916 accipia÷

320 1937 422 1966 mus
448 1921 676 1980 qualiter
665 1936 712 1964 1n
745 1921 897 1964 divina
929 1921 1162 1965 voluntate
1194 1921 1439 1965 necessitas
1473 1935 1571 1965 esse
1602 1922 1768 1979 possit;
1801 1936 1910 1966 nam
1942 1923 2067 1982 quod
2096 1936 2284 1969 necesse

321 2000 389 2035 est
414 2003 527 2042 esse,
554 2002 742 2032 necesse
769 1998 836 2032 est
861 2002 955 2032 non
982 2002 1094 2032 esse.

409 2057 540 2100 Patet
565 2065 717 2099 autem
747 2069 801 2099 ex
828 2055 918 2099 hoc
946 2055 1068 2114 quod
1095 2069 1189 2099 non
1211 2064 1362 2114 potest
1385 2054 1513 2099 Deus
1545 2054 1696 2100 facere
1729 2069 1778 2100 se
1810 2069 1906 2100 non
1937 2070 2051 2111 esse,
2081 2018 2175 2102 vel
2186 2072 2282 2104 non

321 2139 419 2169 esse
444 2125 633 2176 bonum,
662 2132 739 2166 aut
759 2122 968 2176 beatum;
995 2122 1101 2181 quia
1123 2122 1178 2166 de
1204 2122 1473 2166 necessitate
1501 2121 1597 2166 vult
1613 2137 1661 2166 se
1678 2137 1790 2178 esse,
1811 2123 2002 2178 bonum,
2018 2134 2064 2169 et
2082 2124 2283 2180 beatum,

320 2201 369 2236 ut
393 2191 439 2235 in
466 2192 615 2249 primo
642 2190 703 2247 (c.
731 2188 824 2246 80.)
851 2198 1085 2234 ostensum
1112 2199 1192 2233 est.

408 2260 545 2302 Item:
569 2267 805 2302 ostensum
832 2267 900 2301 est
924 2272 1059 2316 supra
1086 2258 1204 2316 (Lib.
1231 2258 1265 2300 Ι.
1294 2271 1332 2300 c.
1357 2257 1450 2317 95.)
1477 2257 1600 2316 quod
1626 2257 1753 2301 Deus
1777 2271 1872 2302 non
1897 2267 2048 2316 potest
2067 2258 2189 2304 velle
2207 2259 2285 2309 ali·

320 2325 442 2384 quod
468 2324 657 2379 malum,
683 2325 802 2368 unde
830 2335 953 2383 patet
978 2325 1100 2383 quod
1122 2325 1248 2368 Deus
1275 2338 1466 2382 peccare
1492 2338 1587 2368 non
1613 2333 1775 2383 potest.
2170 2324 2208 2356 Ν

409 2392 629 2437 Similiter
654 2402 892 2436 ostensum
910 2401 977 2435 est
994 2406 1129 2450 supra
1155 2391 1275 2450 (Lib.
1303 2392 1337 2435 Ι.
1365 2405 1404 2436 c.
1437 2405 1483 2435 1
1467 2420 1502 2450 >·
1492 2392 1526 2448 .)
1554 2392 1676 2451 quod
1699 2392 1852 2436 divina
1867 2391 2080 2438 voluntas
2095 2406 2191 2438 non
2206 2408 2285 2454 po-

318 2470 406 2505 test
432 2474 530 2504 esse
552 2458 806 2513 mutabilis3
833 2460 898 2503 sic
921 2459 1058 2518 igitur
1083 2473 1177 2502 non
1202 2469 1353 2517 potest
1377 2459 1527 2503 facere
1544 2459 1605 2513 id,
1623 2459 1746 2519 quod
1765 2470 1834 2505 est
1849 2474 1876 2504 a
1891 2473 1940 2505 se
1960 2459 2171 2516 volitum,
2185 2475 2281 2506 non

319 2526 2238 2587 impleri..

409 2593 659 2639 Sciendum
685 2603 855 2647 tamen,
884 2593 1007 2652 quod
1039 2593 1128 2637 hoc
1157 2592 1247 2637 alio
1281 2592 1423 2636 modo
1450 2592 1612 2637 dicitur
1644 2607 1738 2637 non
1770 2607 1906 2653 posse
1937 2608 1965 2638 a
1994 2595 2282 2654 praemissis;

319 2676 427 2706 nam
453 2661 704 2720 praemissa
729 2659 994 2719 simpliciter
1020 2660 1147 2705 Deus
1169 2674 1255 2704 nec
1280 2658 1413 2713 velle,
1439 2674 1524 2703 nec
1549 2660 1700 2704 facere
1724 2670 1887 2720 potest.
1907 2661 2188 2720 Hujusmodi
2209 2677 2283 2707 au-

318 2739 412 2774 tem
438 2729 563 2772 Deus
586 2736 735 2787 potest
761 2727 945 2786 quidem
972 2725 1046 2771 vel
1071 2726 1236 2780 facere,
1262 2726 1335 2770 vel
1362 2726 1494 2780 velle,
1528 2727 1566 2770 si
1593 2729 1688 2785 ejus
1716 2727 1944 2781 voluntas,
1976 2728 2052 2772 vel
2072 2730 2282 2787 potentia

320 2795 525 2840 absolute
551 2795 877 2848 consideretur,
903 2808 998 2838 non
1026 2804 1179 2838 autem
1205 2794 1243 2838 si
1265 2794 1576 2838 consideretur
1601 2796 1944 2853 praesupposita
1967 2794 2204 2840 voluntate
2225 2796 2282 2841 dc

318 2863 556 2922 opposit03
582 2876 691 2905 nam
718 2861 930 2905 voluntas
944 2860 1096 2904 divina
1114 2870 1320 2919 respectu
1348 2871 1658 2904 creaturarum
1679 2861 1998 2906 necessitatem
2022 2875 2119 2906 non
2144 2862 2284 2908 habet

316 2930 403 2974 nisi
429 2944 483 2973 ex
508 2929 836 2988 suppositione,
865 2935 912 2971 'ut
937 2928 983 2971 in
1009 2929 1156 2985 primo
1186 2937 1420 2971 ostensum
1449 2938 1516 2972 est
1541 2930 1606 2986 (c.
1632 2928 1739 2987 83.).
1767 2928 1825 2972 Et
1849 2928 1956 2974 ideo
1981 2942 2144 2974 omnes
2167 2929 2283 2975 istae

317 2997 597 3042 locutiones:
625 2997 750 3040 Deus
763 3009 856 3039 non
870 3005 1020 3053 potest
1033 2994 1185 3039 facere
1204 2995 1430 3039 contraria
1447 2995 1518 3039 his
1535 3009 1651 3053 quae
1669 2995 1891 3072 disposuit
1906 2994 2072 3049 facere,
2089 3005 2136 3040 et
2150 3007 2284 3056 quae—

311 3077 515 3140 cumque
541 3062 748 3107 similiter
773 3062 999 3115 dicuntur,
1026 3061 1341 3120 intelliguntur
1367 3063 1648 3120 composite:
1675 3062 1739 3106 sic
1774 3062 1896 3106 enim
1927 3060 2166 3121 implicant
2185 3077 2286 3123 sup·

318 3131 594 3206 positionem
621 3130 800 3174 divinae
826 3128 1074 3173 voluntatis
1100 3129 1155 3172 de
1174 3129 1401 3187 opposito.
1421 3128 1471 3172 Si
1489 3139 1640 3172 autern
1667 3128 1978 3188 intelligantur
1999 3129 2155 3184 divise,
2180 3140 2286 3175 sunt

316 3198 470 3251 falsae,
497 3198 603 3256 quia
629 3198 875 3256 respiciunt
900 3197 1152 3255 potentiam
1180 3205 1224 3240 et
1239 3195 1526 3239 voluntatem
1553 3197 1638 3240 Dei
1667 3196 1887 3241 absolute.

410 3265 538 3310 Sicut
564 3274 715 3308 autem
748 3265 874 3309 Deus
902 3264 994 3322 agit
1020 3276 1098 3322 per
1128 3262 1428 3316 voluntatem,
1460 3263 1522 3307 ita
1556 3273 1598 3306 et
1630 3277 1710 3321 per
1740 3263 2036 3318 intellectum,
2066 3273 2115 3309 et
2135 3264 2285 3309 scien·

319 3334 444 3387 tiam,
472 3342 521 3375 ut
547 3342 782 3376 ostensum
809 3341 876 3375 est
897 3333 958 3389 (c.
979 3343 1047 3387 23.
1071 3339 1115 3382 et
1131 3329 1247 3386 24.);
1266 3330 1362 3388 pari
1378 3330 1514 3388 igitur
1530 3331 1704 3375 ratione
1721 3344 1816 3375 non
1832 3339 1982 3390 potest
1995 3329 2146 3376 facete
2166 3343 2286 3391 quae

320 3413 368 3443 se
393 3398 619 3443 facturum
645 3413 739 3443 non
765 3398 1019 3458 praescivit,
1047 3406 1124 3441 aut
1155 3397 1382 3440 dimittere
1409 3411 1524 3455 quae
1551 3411 1599 3441 se
1630 3397 1856 3442 facturum
1887 3397 2143 3457 praescivit,
2163 3398 2282 3458 ‘quia

320 3479 414 3510 non
441 3475 590 3523 potest
613 3465 762 3510 facere
791 3478 908 3523 quae
933 3464 1082 3508 facere
1112 3477 1207 3507 non
1233 3462 1343 3517 vult,
1376 3473 1453 3507 aut
1485 3464 1711 3509 dimittere
1737 3475 1854 3523 quae
1884 3462 1994 3509 vult.
2027 3463 2086 3510 Et
2112 3463 2309 3515 eodem

323 3531 464 3577 modo
492 3532 757 3576 conceditur
775 3542 819 3576 et
834 3542 1028 3590 negatur
1045 3541 1301 3589 utrumque,
1319 3539 1368 3575 ut
1384 3529 1558 3575 scilicet
1579 3531 1920 3589 praedictanon
1935 3541 2071 3592 posse
2089 3530 2282 3586 dicam,

323 3613 416 3645 non
444 3599 627 3659 quidem
655 3598 874 3653 absolute,
899 3598 978 3644 sed
1005 3598 1085 3644 sub
1115 3597 1391 3652 conditione,
1417 3597 1491 3642 vel
1517 3598 1844 3658 suppositione.
2328 3583 2332 3614 ¹
