2332 3854
0 321 16 369 *ig-v*
0 300 10 313 ..-
0 208 9 294 xJ-wxu
0 188 3 203 ν-
8 132 15 150 ‚A
14 102 16 106 .

831 249 985 288 LmER
1023 247 1100 288 111.
1142 249 1261 289 CAP.
1302 248 1391 288 xc·
1970 247 2072 303 421

904 494 1158 551 CAPUT
1199 495 1321 552 XC.

410 634 569 683 QUOD
608 633 951 674 BLECTIONES
991 635 1061 672 ET
1102 633 1470 674 VOLUNTATES
1511 631 1779 673 HUMANAE

583 708 912 748 SUBDANTUR
950 708 1176 748 DIVINAE
1215 708 1643 747 PROVIDENTIAE.

695 817 753 875 (I.
766 822 882 876 part.
900 821 1051 874 quaest.
1068 816 1207 861 XXII.
1228 822 1310 861 art.
1330 830 1370 862 2.
1389 814 1443 860 ad
1457 815 1537 874 4.).

226 932 292 978 Ex
324 948 415 993 quo
447 944 584 994 patet,
611 934 733 994 quod
759 944 940 993 oportet
965 935 1101 979 etiam
1129 934 1386 979 voluntates
1418 934 1657 987 humanas,
1683 942 1728 978 et
1753 932 2000 984 electiones
2033 931 2098 977 di·

136 1000 269 1044 vinae
299 1000 610 1059 providentiae
642 1001 843 1046 subditas
875 1015 987 1046 esse.
1022 1001 1195 1046 Omnia
1227 1002 1350 1045 enim
1382 1014 1498 1060 quae
1530 1001 1656 1045 Deus
1697 999 1804 1058 agit,
1837 1013 1890 1044 ex
1933 999 2095 1044 ordine

136 1066 445 1126 providentiae
477 1082 586 1112 suae
619 1070 724 1126 agit.
759 1069 882 1113 Cum
914 1068 1049 1126 igitur
1089 1068 1185 1126 ipse
1217 1068 1275 1112 sit
1317 1082 1454 1111 causa
1496 1066 1732 1111 electionis
1765 1076 1810 1111 et
1847 1065 2095 1111 voluntatis

135 1142 334 1188 nostrae,
365 1132 612 1181 electiones
645 1145 689 1179 et
719 1134 977 1179 voluntates
1009 1145 1192 1178 nostrae
1227 1134 1405 1178 divinae
1432 1133 1743 1193 providentiae
1769 1133 2032 1177 subduntur.

225 1199 453 1259 Amplius,
485 1201 642 1245 omnia
675 1201 931 1260 corporalia
957 1214 1036 1260 per
1062 1200 1311 1259 spiritualia
1338 1201 1720 1254 administrantur,
1754 1200 1870 1244 sicut
1890 1199 2095 1258 superius

136 1265 199 1323 (c.
224 1265 319 1324 78.)
341 1276 410 1311 est
430 1277 679 1312 ostensum.
708 1267 969 1326 Spiritualia
991 1277 1145 1311 autem
1172 1277 1312 1325 agunt
1336 1268 1383 1310 in
1411 1266 1666 1325 corporalia
1690 1280 1771 1324 per
1794 1266 2094 1310 voluntatem.

136 1330 188 1376 Si
210 1331 349 1390 igitur
374 1332 623 1378 electiones
656 1344 700 1378 et
732 1344 884 1378 motus
909 1332 1198 1377 voluntatum
1239 1333 1616 1377 intellectualium
1652 1332 2004 1377 substantiarum
2037 1332 2095 1376 ad

133 1397 223 1442 Dei
254 1399 586 1458 providentiam
618 1414 712 1444 non
738 1401 976 1460 pertinent,
1009 1400 1210 1458 sequitur
1242 1400 1363 1458 quod
1386 1400 1525 1443 etiam
1552 1398 1807 1458 corporalia
1832 1398 1972 1458 ipsius
1997 1411 2097 1458 pro-

132 1464 358 1510 videntiae
389 1466 723 1520 subtrahantur,
758 1477 803 1511 et
833 1467 899 1511 sic
932 1467 1130 1511 totaliter
1160 1466 1285 1510 nulla
1314 1467 1396 1510 erit
1427 1467 1725 1525 providentia.

222 1531 362 1576 Item:
397 1543 568 1591 quanto
595 1533 744 1591 aliqua
761 1543 865 1578 sunt
881 1533 1107 1576 nobiliora
1133 1533 1179 1576 in
1206 1533 1433 1586 universo,
1452 1543 1578 1576 tanto
1598 1542 1777 1590 oportet
1802 1532 1924 1591 quod
1946 1533 2094 1591 magis

134 1598 403 1658 participent
423 1600 631 1644 ordinem
658 1602 704 1643 in
731 1615 821 1659 quo
844 1602 1018 1644 bonum
1043 1600 1241 1643 universi
1267 1600 1485 1643 consistit.
1510 1600 1643 1643 Unde
1661 1598 1932 1644 Aristoteles
1957 1600 2005 1643 in
2031 1613 2096 1643 se·

135 1664 286 1709 cundo
312 1665 496 1724 Physic.
523 1667 575 1723 (t.
603 1681 641 1710 c.
668 1668 762 1722 44.)
791 1670 938 1726 arguit
969 1666 1178 1724 antiquos
1205 1666 1522 1725 philosophos,
1555 1666 1632 1725 qui
1664 1667 1895 1725 ponebant
1937 1680 2094 1711 casum

134 1741 179 1776 et
208 1731 440 1776 fortunam
470 1733 517 1776 in
550 1734 874 1778 constitutione
906 1732 1175 1777 coelestium
1211 1747 1471 1791 corporum,
1504 1747 1598 1776 non
1642 1742 1794 1776 autem
1835 1733 1882 1775 in
1914 1732 2094 1777 inferio-

132 1798 256 1843 ribus
287 1798 433 1844 rebus.
466 1799 755 1844 Substantiae
778 1810 931 1844 autem
952 1798 1282 1843 intellectuales
1309 1808 1411 1842 sunt
1434 1798 1682 1843 nobiliores
1715 1799 1974 1842 substantiis
1998 1812 2093 1842 cor-

131 1865 376 1924 poralibus.
409 1865 459 1910 Si
483 1866 619 1925 igitur
643 1867 920 1911 substantiae
955 1865 1215 1924 corporales
1247 1876 1468 1923 quantum
1507 1866 1562 1908 ad
1599 1879 1702 1910 suas
1736 1865 2008 1909 substantias
2050 1875 2095 1909 et

132 1931 336 1976 actiones
367 1933 535 1977 cadunt
565 1933 645 1977 sub
680 1933 839 1980 ordine
880 1933 1060 1977 divinae
1092 1932 1419 1991 providentiae,
1451 1932 1597 1976 multo
1633 1932 1780 1991 magis
1812 1932 2090 1976 substantiae

132 1998 474 2045 intellectuales.

221 2065 481 2111 Praeterea:
514 2079 569 2110 ea
600 2079 716 2126 quae
748 2075 851 2110 sunt
881 2065 1208 2125 propinquiora
1239 2065 1318 2109 fini
1364 2065 1512 2123 magis
1536 2065 1700 2109 cadunt
1726 2066 1806 2110 sub
1835 2065 1994 2109 ordine
2016 2066 2093 2124 qui

132 2142 200 2178 est
232 2133 288 2177 ad
320 2132 474 2187 finem,
506 2147 615 2177 nam
647 2134 711 2178 eis
745 2134 1048 2177 mediantibus
1082 2133 1218 2176 etiam
1252 2131 1341 2176 alia
1372 2133 1637 2176 ordinantur
1668 2133 1715 2176 in
1747 2133 1900 2177 finem.
1938 2132 2092 2176 Actio-

131 2212 214 2245 nes
242 2210 396 2245 autem
428 2200 779 2244 substantiarum
810 2199 1189 2244 intellectualium
1222 2199 1518 2258 propinquius
1550 2199 1817 2243 ordinantur
1853 2199 1899 2243 in
1933 2198 2088 2243 Deum

131 2267 248 2310 sicut
277 2266 324 2310 in
344 2265 499 2320 finem,
521 2281 659 2326 quam
693 2267 896 2311 actiones
931 2267 1122 2311 aliarum
1154 2281 1321 2320 rerum,
1348 2266 1463 2310 sicut
1495 2280 1630 2325 supra
1653 2268 1712 2323 (c.
1745 2266 1834 2323 50.)
1856 2276 2091 2310 ostensum

131 2341 213 2378 est.
237 2333 388 2392 Magis
413 2332 550 2391 igitur
581 2333 747 2378 cadunt
779 2334 984 2378 actiones
1015 2332 1392 2377 intellectualium
1426 2333 1780 2377 substantiarum
1813 2333 1894 2377 sub
1928 2332 2088 2377 ordine

130 2399 440 2460 providentiae
472 2414 561 2459 qua
591 2401 718 2445 Deus
751 2401 907 2445 omnia
938 2401 985 2444 in
1017 2401 1217 2459 seipsum
1250 2401 1443 2454 ordinat,
1477 2415 1615 2459 quam
1653 2402 1856 2444 actiones
1898 2399 2091 2444 aliarum

129 2480 298 2512 rerum.

220 2534 411 2579 Adhuc:
443 2533 709 2592 gubernatio
740 2534 1052 2593 providentiae
1079 2548 1134 2578 ex
1157 2548 1313 2578 amore
1337 2533 1491 2578 divino
1510 2534 1728 2592 procedit,
1752 2548 1844 2592 quo
1870 2534 1996 2578 Deus
2018 2547 2090 2578 res

131 2613 160 2644 a
178 2613 227 2646 se
243 2610 417 2645 creatas
435 2611 586 2655 amat;
609 2601 655 2644 in
681 2601 771 2645 hoc
793 2601 915 2645 enim
942 2601 1183 2659 praecipue
1200 2601 1405 2645 consistit
1427 2615 1571 2655 amor,
1594 2601 1715 2659 quod
1748 2615 1907 2644 amans
1934 2611 2090 2645 amato

129 2666 302 2712 bonum
333 2667 456 2712 velit.
477 2667 665 2720 Quanto
688 2681 798 2725 ergo
821 2668 948 2711 Deus
966 2667 1116 2726 aliqua
1139 2668 1284 2725 magis
1304 2677 1440 2721 amat,
1462 2677 1590 2711 tanto
1613 2668 1760 2725 magis
1778 2667 1860 2710 sub
1879 2668 1974 2724 ejus
1992 2681 2091 2726 pro-

129 2733 329 2793 videntia
359 2734 538 2778 cadunt.
566 2734 668 2778 Hoc
692 2744 843 2778 autem
871 2734 1009 2777 etiam
1032 2748 1161 2778 sacra
1188 2733 1421 2791 Scriptura
1446 2734 1580 2778 docet
1601 2733 1740 2791 (Psal.
1762 2730 1966 2778 CXLIV.
1995 2734 2089 2791 20.)

131 2799 309 2845 dicens:
337 2799 526 2845 Custodit
550 2801 759 2845 Dominus
784 2815 921 2844 omnes
946 2801 1151 2858 diligentes
1181 2815 1248 2852 se,·
1283 2811 1328 2844 et
1359 2801 1497 2844 etiam
1535 2800 1844 2858 Philosophus
1876 2800 2012 2843 tradit
2042 2800 2089 2843 in

129 2867 313 2912 decimo
344 2867 490 2911 Ethic.
523 2868 583 2924 (c.
612 2868 699 2924 ιο.)
732 2867 902 2921 dicens,
936 2867 1058 2926 quod
1090 2868 1216 2910 Deus
1243 2868 1441 2911 maxime
1465 2878 1589 2911 curat
1613 2868 1668 2910 de
1694 2867 1764 2910 his
1789 2867 1866 2925 qui
1892 2866 2090 2922 diligunt

129 2933 428 2987 intellectum,
454 2944 690 2992 tamquam
718 2935 773 2978 de
798 2934 890 2978 suis
918 2934 1091 2978 amicis.
1119 2934 1183 2977 Ex
1215 2948 1307 2992 quo
1341 2935 1476 2978 etiam
1512 2934 1701 2977 habetur
1733 2934 1854 2992 quod
1888 2933 2089 2976 maxime

131 3000 403 3045 substantias
436 2999 766 3044 intellectuales
798 3010 933 3044 amat.
969 3000 1061 3043 Sub
1096 3001 1190 3057 ejus
1222 3001 1358 3058 igitur
1397 3001 1683 3059 providentia
1727 3001 1892 3045 cadunt
1928 3014 2089 3044 eorum

129 3066 388 3112 voluntates
419 3077 464 3111 et
495 3066 755 3111 electiones.

218 3132 454 3192 Amplius:
485 3133 606 3177 bona
637 3133 852 3177 interiora
883 3133 1099 3185 hominis,
1117 3147 1232 3191 quae
1260 3147 1313 3177 ex
1338 3133 1572 3177 voluntate
1606 3142 1651 3177 et
1677 3133 1900 3177 electione
1920 3133 2089 3192 depen-

132 3199 253 3253 dent,
284 3209 388 3245 sunt
418 3200 565 3258 magis
598 3200 778 3259 propria
810 3200 990 3244 homini
1022 3214 1159 3258 quam
1191 3200 1267 3243 illa
1302 3214 1418 3258 quae
1451 3211 1573 3244 extra
1600 3200 1748 3258 ipsum
1776 3204 1892 3253 sunt,
1920 3210 1968 3243 ut
1991 3200 2090 3244 ade-

130 3267 225 3325 ptio
258 3266 531 3318 divitiarum,
563 3265 636 3310 vel
676 3266 714 3310 si
756 3266 863 3325 quid
897 3267 1017 3310 aliud
1060 3276 1128 3310 est
1170 3267 1448 3322 hujusmodi.
1492 3267 1624 3310 Unde
1670 3280 1749 3326 per
1789 3267 1902 3310 haec
1942 3267 2088 3310 homo

131 3332 294 3376 dicitur
324 3346 404 3376 ens
435 3333 599 3389 bonus,
639 3345 733 3376 non
767 3342 919 3376 autem
962 3347 1040 3391 per
1082 3333 1173 3376 illa.
1208 3333 1257 3376 Si
1297 3334 1432 3391 igitur
1475 3332 1722 3377 electiones
1768 3333 2013 3386 humanae,
2045 3343 2091 3377 et

129 3398 376 3443 voluntatis
407 3409 561 3443 motus
591 3413 686 3443 non
719 3399 885 3443 cadunt
916 3401 996 3443 sub
1030 3400 1181 3442 divina
1214 3400 1512 3456 providentia,
1545 3399 1623 3443 sed
1657 3399 1807 3443 solum
1840 3400 2086 3444 exteriores

131 3475 390 3525 proventus,
422 3466 573 3510 verius
604 3466 688 3511 erit
719 3466 840 3524 quod
860 3479 931 3510 res
946 3466 1176 3510 humanae
1195 3468 1282 3510 sint
1299 3476 1420 3510 extra
1440 3467 1785 3525 providentiam,
1807 3480 1944 3525 quam
1964 3466 2087 3525 quod

131 3532 441 3591 providentiae
473 3526 660 3577 subsint.
695 3532 835 3585 Quod
867 3533 1052 3591 quidem
1079 3546 1133 3577 ex
1174 3546 1368 3592 persona
1403 3532 1820 3591 blasphemantium
1860 3533 2090 3577 inducitur

131 3596 234 3656 (Job
266 3598 412 3643 XXII.
454 3598 570 3656 14.):
616 3598 746 3645 Circa
787 3599 972 3645 cardines
1014 3600 1114 3645 coeli
1139 3600 1423 3659 perambulat,
1457 3614 1528 3645 nec
1562 3605 1707 3645 nostra
1748 3599 1975 3645 considerat
1984 3614 2002 3653 ;
2045 3609 2090 3644 et
