2332 3854
809 262 962 303 LIBER
1001 262 1077 301 111.
1119 261 1239 302 CAP.
1281 259 1464 317 CLXIII,
2014 259 2118 315 537

868 498 1122 556 CAPUT
1163 498 1419 564 CLXIII-

514 642 672 698 Quor)
713 641 1085 692 DssustEmm
1124 643 1225 682 EST
1268 642 1444 681 cAusA
1482 640 1839 694 pacamur-55„

184 787 187 790 ¹
265 765 490 820 Quamvis
522 777 675 812 autem
701 764 930 827 quosdam
957 775 1222 826 peccatores
1253 766 1380 811 Deus
1413 766 1468 810 ad
1501 780 1549 811 se
1575 780 1670 811 non
1696 766 1946 818 conisa-tat,
1971 763 2051 809 sed
2078 761 2127 808 in

167 834 373 895 peccatis
403 833 653 878 secundum
687 847 848 878 eorum
879 833 1038 877 merita
1071 846 1150 877 eos
1176 832 1415 892 relinquat,
1441 846 1534 877 non
1566 843 1722 878 tamen
1749 845 1830 877 eos
1856 831 1913 877 ad
1938 845 2127 890 peccan-

163 900 284 946 dum
313 900 501 944 inducit.
2014 952 2017 953 7

265 966 490 1027 Homines
521 967 644 1012 enim
676 976 868 1027 peccant
899 980 979 1026 per
1009 966 1099 1011 hoc
1127 967 1249 1026 quod
1283 966 1464 1011 deviant
1497 966 1550 1012 ab
1583 967 1700 1026 ipso,
1733 967 1809 1026 qui
1841 975 1910 1012 est
1941 965 2127 1011 ultimus

174 1031 290 1088 finis,
321 1043 372 1078 ut
402 1047 456 1078 ex
487 1034 791 1094 superioribus
824 1035 885 1092 (c.
924 1046 1019 1087 144.
1047 1043 1093 1078 et
1119 1033 1236 1091 158.)
1270 1044 1406 1093 patet.
1443 1033 1601 1086 Quum
1635 1043 1789 1078 autern
1814 1047 1952 1078 omne
1988 1046 2129 1091 agens

175 1110 283 1162 agat
311 1101 369 1146 ad
398 1102 633 1161 proprium
664 1100 802 1145 finem
843 1110 887 1145 et
918 1100 1003 1146 sibi
1035 1101 1401 1154 convenientem,
1433 1100 1715 1160 impossibile
1748 1110 1817 1150 est
1857 1099 1994 1158 quod,
2027 1099 2129 1143 Deo

163 1177 355 1227 agente,
387 1166 523 1227 aliqui
556 1177 814 1212 avertantur
848 1168 900 1211 ab
934 1167 1097 1212 ultimo
1138 1167 1241 1222 fine,
1274 1168 1351 1228 qui
1391 1168 1519 1213 Deus
1552 1178 1632 1213 est.
1665 1165 1955 1226 Impossibile
1994 1166 2132 1224 igitur

175 1243 247 1280 est
274 1235 396 1294 quod
426 1234 552 1280 Deus
585 1234 762 1294 aliquos
794 1249 984 1294 peccare
1015 1233 1165 1280 faciat.

265 1302 403 1362 Item;
435 1301 610 1347 bonum
652 1315 790 1347 causa
830 1301 940 1346 mali
973 1316 1071 1348 esse
1109 1316 1204 1346 non
1236 1312 1399 1361 potest,
1433 1302 1524 1347 Sed
1549 1311 1792 1361 peccatum
1828 1310 1897 1345 est
1929 1297 2133 1344 hominis

176 1366 374 1423 malum3
406 1369 707 1413 contrariatur
738 1369 863 1413 enim
894 1369 1076 1428 proprio
1103 1369 1312 1414 hominis
1342 1370 1482 1424 bono,
1516 1368 1639 1428 quod
1680 1378 1747 1414 est
1777 1367 1932 1413 vivere
1961 1379 2130 1411 secun·-

175 1434 287 1481 dum
316 1420 556 1485 rationem.
582 1434 870 1495 Impossibile
902 1445 970 1480 est
1000 1435 1136 1494 igitur
1168 1436 1291 1495 quod
1321 1436 1447 1481 Deus
1480 1436 1537 1481 sit
1571 1435 1707 1480 alicui
1732 1448 1868 1480 causa
1894 1431 2130 1494 peccandi

262 1492 528 1547 Praeterea:
561 1502 712 1548 omnis
744 1502 964 1562 sapientia
995 1513 1039 1547 et
1069 1502 1248 1547 bonitas
1279 1502 1483 1548 hominis
1515 1501 1742 1547 derivatur
1773 1516 1800 1546 a
1834 1499 2055 1560 sapientia
2088 1508 2132 1544 et

173 1568 377 1614 bonitate
400 1560 567 1624 divina,
593 1568 710 1614 sicut
730 1569 955 1628 quaedam
981 1569 1269 1614 similitudo
1259 1570 1411 1629 ipsius.
1438 1569 1680 1628 Repugnat
1707 1578 1860 1614 autem
1885 1565 2132 1626 sapientiae

176 1645 222 1682 et
243 1635 435 1681 bonitati
455 1635 686 1697 humanae
708 1635 831 1696 quod
849 1635 1045 1695 aliquem
1065 1650 1255 1696 peccare
1271 1636 1420 1681 faciat.
1438 1635 1744 1695 Igitur-multo
1767 1635 1913 1694 magis
1939 1633 2132 1679 divinae.

263 1702 454 1762 Adhuc:
486 1712 729 1762 peccatum
756 1717 894 1747 omne
921 1717 975 1747 ex
998 1702 1150 1762 aliquo
1174 1702 1354 1749 defectu
1380 1703 1590 1762 provenit
1612 1702 1807 1762 proximi
1829 1701 2020 1761 agentis,
2038 1713 2133 1749 non

176 1778 330 1832 autem
355 1784 410 1832 ex
432 1768 669 1814 influentia
690 1769 826 1829 primi
847 1770 1050 1828 agentis3
1075 1769 1191 1814 sicut
1212 1780 1453 1829 peccatum
1477 1769 1823 1814 claudicationis
1849 1767 2058 1827 provenit
2080 1772 2135 1812 ex

165 1835 473 1898 *dispositione
493 1836 644 1891 tibiae,
665 1850 760 1881 non
783 1846 936 1880 autem
956 1850 1009 1880 ex
1032 1836 1195 1881 virtute
1223 1837 1410 1892 motiva,
1437 1851 1579 1895 quum
1605 1846 1760 1880 tamen
1784 1850 1838 1879 ex
1860 1849 1913 1878 ea
1934 1834 1993 1885 sit
2013 1833 2137 1893 quid-

176 1901 283 1965 quid
315 1902 373 1960 de
396 1901 677 1961 perfectione
702 1909 854 1951 motus
880 1903 927 1963 in
950 1902 1282 1948 claudicatione
1306 1916 1503 1963 apparet.
1527 1903 1797 1948 Proximum
1819 1913 1972 1946 autem
1994 1914 2135 1961 agens

174 1969 352 2030 peccati
380 1968 573 2013 humani
614 1978 681 2014 est
719 1969 943 2015 voluntas.
977 1969 1056 2014 Est
1087 1970 1224 2029 igitur
1256 1969 1459 2015 defectus
1498 1970 1675 2030 pecc-ati
1708 1984 1764 2014 ex
1788 1968 2025 2013 voluntate
2056 1967 2136 2011 ho-

175 2035 326 2090 minis,
355 2050 452 2081 non
483 2046 636 2081 autem
663 2051 718 2081 ex
750 2037 868 2091 Dec,
901 2036 980 2096 qui
1011 2046 1077 2081 est
1102 2037 1275 2096 primus
1299 2051 1452 2096 agens,
1481 2052 1506 2081 a
1537 2051 1629 2096 quo
1647 2046 1802 2081 tamen
1828 2046 1896 2082 est
1917 2034 2135 2095 quidquid

177 2103 234 2149 ad
264 2102 590 2164 perfectionem
621 2104 815 2149 actionis
847 2105 1039 2164 pertinet
1068 2104 1116 2148 in
1148 2115 1251 2150 actu
1285 2107 1474 2163 peccati

266 2170 389 2216 Hinc
418 2181 486 2216 est
515 2171 638 2230 quod
669 2171 829 2216 dicitur
862 2171 1025 2229 (Eccli.
1058 2170 1161 2217 XV.
1198 2172 1312 2228 12.)
1346 2172 1444 2216 Non
1475 2171 1615 2216 dicas:
1650 2171 1727 2216 Ille
1757 2186 1821 2216 me
1851 2170 2134 2230 implanavit;

171 2252 260 2284 non
287 2239 399 2296 enim
430 2240 648 2283 necessarii
672 2245 765 2284 sunt
789 2240 827 2282 ei
855 2239 1037 2283 homines
1068 2240 1219 2298 impii;
1233 2248 1293 2283 et
1316 2237 1431 2282 infra
1464 2238 1543 2297 (ib.
1579 2237 1680 2295 21):
1717 2237 1887 2283 Nemini
1912 2236 2135 2281 mandavit

168 2294 303 2368 fingi}
324 2319 464 2364 agere,
480 2310 519 2351 et
539 2307 697 2350 nemini
727 2304 837 2350 dedit
859 2307 1042 2365 spatium
1056 2305 1285 2364 peccandi;
1315 2315 1360 2350 et
1384 2305 1561 2382 (Jacob.
1589 2305 1622 2348 1.
1653 2305 1740 2364 13.)
1768 2304 1952 2349 dicitur:
1986 2304 2134 2356 Nem0,

174 2386 303 2433 quum
327 2378 523 2434 tentatur,
550 2371 661 2417 dicat
685 2374 887 2432 quoniam
911 2386 938 2416 a
964 2373 1055 2416 Deo
1083 2378 1288 2426 tentetur;
1316 2373 1431 2417 Deus
1446 2374 1555 2416 enim
1582 2374 1810 2417 intentator
1830 2370 2042 2415 malorum
2068 2377 2137 2415 est.

264 2438 560 2484 Inveniuntur
585 2449 740 2484 tamen
771 2439 998 2500 quaedam
1030 2441 1077 2484 in
1105 2439 1361 2516 Scripturis,
1390 2454 1444 2483 ex
1469 2439 1630 2498 quibus
1652 2439 1830 2483 videtur
1861 2437 1983 2498 quod
2010 2437 2137 2482 Deus

177 2505 235 2567 sit
264 2498 486 2565 aliquibus
519 2520 655 2552 causa
686 2506 934 2565 peccandi;
966 2507 1126 2551 dicitur
1159 2506 1281 2550 enim
1315 2505 1492 2563 (Exod.
1512 2505 1569 2549 X.
1599 2505 1682 2563 1.):
1710 2506 1799 2564 Ego
1832 2504 2035 2549 induravi
2067 2518 2139 2548 cor

177 2575 262 2631 ejus
287 2571 583 2630 (Pharaonis)
604 2579 643 2618 et
664 2587 880 2618 servorum
905 2573 1040 2626 illius;
1075 2581 1119 2617 et
1140 2572 1247 2631 (Isa.
1273 2572 1352 2616 V1.
1385 2573 1482 2630 10).
1516 2573 1707 2617 Excaeca
1735 2587 1807 2617 cor
1828 2571 1975 2631 populi
1996 2571 2135 2629 hujus,

178 2645 215 2683 et
245 2652 364 2684 aures
388 2642 474 2698 ejus
505 2653 708 2698 aggrava,
730 2646 766 2684 et
788 2641 923 2685 oculos
943 2642 1028 2698 ejus
1053 2639 1211 2693 claude,
1235 2655 1284 2684 ne
1300 2640 1413 2699 sorte
1430 2639 1571 2685 videat
1596 2641 1724 2684 oculis
1750 2641 1854 2684 suis.
1871 2673 1881 2683 .
1897 2672 1960 2693 ..,
1983 2645 2021 2684 et
2042 2653 2138 2682 con-

177 2711 384 2758 vertatur,
417 2711 453 2750 et
483 2720 622 2750 sanem
652 2721 773 2756 eum:
805 2715 849 2750 et
880 2706 987 2763 (Isa.
1026 2706 1185 2750 LXIII.
1221 2707 1331 2764 17.):
1369 2707 1528 2751 Errore
1560 2721 1632 2751 nos
1654 2707 1798 2765 fecisti
1829 2705 1874 2750 de
1914 2706 1996 2749 viis
2026 2706 2104 2749 tuis
2120 2719 2136 2756 ;

178 2770 384 2816 indurasti
424 2786 495 2816 cor
534 2778 735 2826 nostrum,
776 2788 825 2817 ne
867 2774 1102 2817 timeremus
1149 2779 1211 2824 te,·
1260 2782 1305 2816 et
1352 2772 1508 2830 (Rom.
1536 2772 1569 2818 Ι.
1597 2773 1689 2830 28.)
1722 2773 1907 2816 dicitur:
1944 2770 2140 2816 Tradidit

179 2837 272 2883 illos
302 2839 418 2883 Deus
448 2839 492 2882 in
518 2840 743 2897 reprobum
768 2854 940 2892 sensum,
968 2845 1014 2883 ut
1035 2839 1202 2897 faciant
1228 2853 1274 2883 ea
1300 2854 1403 2898 quae
1425 2854 1508 2883 non
1536 2841 1796 2884 conveniunt.
1826 2838 1960 2891 Quae
1983 2837 2140 2883 omnia

179 2904 431 2949 secundum
461 2905 552 2949 hoc
579 2904 875 2963 intelligenda
906 2914 1024 2958 sunt,
1051 2905 1173 2964 quod
1200 2905 1325 2950 Deus
1353 2904 1576 2964 aliquibus
1600 2920 1695 2950 non
1718 2904 1894 2951 confert
1921 2904 2140 2949 auxilium

181 2971 238 3017 ad
262 2971 498 3017 vitandum
533 2983 787 3030 peccatum,
815 2972 938 3031 quod
965 2971 1062 3016 aliis
1090 2971 1359 3031 quibusdam
1393 2972 1581 3017 confert.

269 3038 370 3083 Hoc
405 3049 558 3083 autem
590 3038 808 3083 auxilium
837 3050 904 3084 est
938 3052 1031 3083 non
1064 3038 1215 3084 solum
1241 3037 1408 3083 infusio
1442 3040 1629 3098 gratiae,
1664 3039 1741 3083 sed
1774 3039 1912 3083 etiam
1945 3037 2142 3083 exterior

181 3104 403 3159 custodia,
435 3119 515 3165 per
546 3119 684 3164 quarn
711 3105 980 3150 occasiones
1013 3106 1233 3164 peccandi
1258 3105 1439 3150 homini
1471 3120 1526 3150 ex
1558 3106 1709 3150 divina
1742 3104 2026 3165 providentia
2059 3102 2143 3149 tol·

180 3171 334 3216 luntur
358 3182 404 3216 et
434 3172 731 3231 provocantia
754 3172 810 3216 ad
842 3182 1084 3231 peccatum
1112 3172 1503 3231 comprimuntur3
1537 3172 1721 3231 adjuvat
1749 3172 1887 3216 etiam
1910 3172 2036 3216 Deus
2063 3171 2144 3215 ho-

182 3238 356 3282 minem
388 3248 547 3283 contra
576 3249 817 3298 peccatum
849 3253 929 3299 per
960 3238 1164 3283 naturale
1191 3238 1348 3283 lumen
1380 3239 1568 3284 rationis
1590 3248 1636 3284 et
1658 3238 1746 3283 alia
1772 3237 1996 3283 naturalia
2019 3237 2142 3282 bona

183 3318 299 3363 quae
330 3304 510 3349 homini
542 3303 732 3350 confert.
767 3304 926 3358 Quum
959 3320 1069 3365 ergo
1096 3305 1210 3349 haec
1235 3304 1399 3350 auxilia
1428 3304 1650 3365 aliquibus
1687 3305 1908 3350 subtrahit
1944 3318 2027 3363 pro
2051 3318 2142 3348 me-

181 3370 268 3414 rito
301 3384 408 3415 suae
441 3371 645 3427 actionis,
677 3372 928 3416 secundum
961 3372 1082 3431 quod
1103 3373 1198 3430 eius
1229 3371 1399 3431 fustitia
1431 3372 1583 3431 exigit,
1607 3371 1768 3417 dicitur
1791 3385 1871 3416 eos
1901 3370 2140 3426 obdurare,

182 3435 257 3481 vel
283 3450 544 3493 excaecare,
575 3436 649 3483 vel
681 3436 850 3497 aliquid
882 3453 1044 3484 eorum
1077 3453 1193 3498 quae
1225 3437 1344 3484 dicta
1369 3448 1488 3484 sunt.
