2332 3854
851 268 1005 307 LIBER
1044 267 1121 308 111.
1163 267 1284 307 cap,
1324 267 1418 307 vn.
2001 265 2104 321 295

240 370 379 415 Item:
396 368 511 415 nihil
526 369 670 415 tendit
694 369 750 414 ad
776 383 910 414 suum
931 371 1232 425 contrarium3
1260 368 1618 428 unumquodque
1646 367 1768 412 enim
1793 366 1962 426 appetit
1985 367 2109 426 quod

152 447 220 483 est
250 437 334 481 sibi
360 436 508 482 simile
537 447 580 481 et
613 437 901 481 conveniens.
931 437 1086 482 Omne
1119 447 1272 482 autem
1306 451 1384 481 ens
1419 435 1598 495 agendo
1625 434 1815 479 intendit
1842 434 2029 486 bonum,
2063 443 2112 477 ut

151 513 384 548 ostensum
417 514 484 548 est
509 504 567 561 (c.
606 504 680 563 3.).
706 503 896 548 Nullum
924 504 1058 561 igitur
1091 518 1183 556 ens,
1211 504 1257 547 in
1279 513 1500 562 quantum
1521 501 1799 559 hujusmodi,
1826 510 1893 544 est
1920 499 2107 543 malum.

239 570 425 615 Adhuc:
457 571 607 615 omnis
640 570 834 615 essentia
867 580 933 614 est
965 570 1101 613 alicui
1129 571 1192 614 rei
1227 570 1470 628 naturalis;
1509 568 1546 614 si
1580 568 1703 613 enim
1746 577 1813 612 est
1853 568 1899 610 in
1942 581 2110 625 genere

151 637 438 690 substantiae,
464 647 531 681 est
556 637 653 696 ipsa
677 647 837 680 natura
863 636 953 690 rei;
976 637 1013 680 si
1034 651 1143 680 vero
1162 637 1219 681 sit
1236 637 1281 680 in
1300 650 1465 695 genere
1492 635 1755 688 accidentis,
1782 643 1964 693 oportet
1985 633 2109 692 quod

150 717 206 748 ex
230 703 460 763 principiis
493 703 682 761 alicujus
717 703 991 748 substantiae
1026 713 1248 756 causetur,
1276 714 1320 747 et
1345 705 1410 747 sic
1443 702 1507 746 illi
1542 701 1819 746 substantiae
1864 700 1947 744 erit
1987 710 2114 743 natu·

148 769 272 824 ralis,
297 768 404 814 licet
434 769 550 814 forte
578 769 705 814 alteri
731 770 1009 814 substantiae
1035 783 1129 813 non
1156 771 1211 813 sit
1238 770 1471 823 naturalis,
1498 770 1613 813 sicut
1643 767 1850 812 cali'ditas
1883 777 1950 811 est
1981 776 2108 810 natu-

150 835 256 879 ralis
286 835 395 894 igni,
421 835 527 881 licet
551 837 608 881 sit
632 835 896 880 innaturalis
925 850 1081 894 aquae.
1119 835 1258 887 Quod
1287 846 1438 880 autem
1466 846 1533 880 est
1559 835 1811 879 secundum
1849 848 1897 879 se
1935 832 2111 877 malum

147 915 243 958 non
267 912 416 960 potest
443 916 541 947 esse
564 902 697 946 alicui
725 902 955 956 naturale3
979 902 1033 946 de
1060 903 1236 946 ratione
1264 903 1387 946 enim
1417 903 1526 946 mali
1553 912 1619 947 est
1644 902 1837 961 privatio
1865 903 1962 960 ejus
1985 900 2107 960 quod

150 978 218 1014 est
242 968 377 1013 alicui
407 979 566 1014 natum
597 970 746 1014 inesse
774 979 818 1014 et
849 969 1052 1014 debitum
1089 971 1155 1023 ei;
1189 969 1362 1012 malum
1400 970 1548 1028 igitur,
1578 983 1718 1028 quum
1751 969 1808 1013 sit
1849 969 1944 1027 ejus
1987 965 2111 1027 quod

149 1044 216 1080 est
241 1035 446 1080 naturale
473 1036 681 1094 privatio,
707 1050 801 1080 non
828 1046 977 1095 potest
1009 1050 1107 1080 esse
1149 1035 1285 1079 alicui
1318 1035 1542 1090 naturale3
1576 1035 1695 1079 unde
1727 1033 1945 1094 quidquid
1986 1043 2112 1078 natu-

147 1101 299 1146 raliter
322 1102 440 1146 inest
463 1102 601 1146 alicui
626 1113 695 1147 est
718 1103 907 1158 bonum,
934 1113 978 1147 et
1005 1102 1178 1147 malurn
1212 1102 1250 1146 si
1276 1103 1318 1146 ei
1341 1102 1467 1147 desit.
1496 1101 1636 1147 Nulla
1657 1102 1793 1160 igitur
1816 1100 2011 1146 essentia
2045 1109 2114 1145 est

148 1168 399 1213 secundum
423 1183 471 1213 se
498 1169 634 1214 mala.

238 1234 472 1295 Amplius:
500 1236 716 1295 quidquid
742 1236 879 1280 habet
901 1237 1145 1292 essentiam
1173 1235 1388 1295 aliquam,
1415 1246 1492 1280 aut
1517 1237 1711 1295 ipsamet
1743 1245 1811 1279 est
1835 1234 1998 1289 forma,
2033 1245 2108 1279 aut

148 1301 287 1346 habet
309 1301 508 1346 formam
535 1302 761 1362 aliquam;
788 1317 865 1362 per
891 1302 1088 1347 formam
1117 1303 1239 1347 enim
1277 1302 1531 1347 collocatur
1572 1302 1932 1360 unumquodque
1964 1301 2011 1345 in
2038 1315 2115 1360 ge-

147 1382 271 1423 nere,
295 1368 369 1413 vel
395 1370 562 1428 specie.
594 1370 763 1414 Forma
790 1379 958 1424 autem,
985 1370 1031 1414 in
1065 1380 1288 1429 quantum
1315 1369 1593 1427 hujusmodi,
1624 1369 1762 1413 habet
1783 1368 2010 1412 rationem
2035 1369 2114 1412 bo-

146 1436 313 1491 nitatis,
339 1450 479 1494 quum
506 1437 562 1480 sit
593 1437 865 1496 principium
900 1437 1089 1481 actionis
1117 1446 1161 1480 et
1185 1436 1287 1480 finis
1313 1449 1448 1494 quem
1476 1436 1667 1480 intendit
1694 1449 1832 1479 omne
1854 1434 2041 1489 faciens,
2064 1444 2108 1478 et

70 1554 73 1556 ,
149 1511 276 1547 actus
308 1516 400 1561 quo
432 1503 792 1562 unumquodque
824 1504 998 1547 habens
1038 1501 1237 1546 fo'rmam
1280 1501 1532 1561 perfectum
1566 1512 1646 1546 est.
1697 1501 1933 1560 Quidquid
1975 1500 2111 1559 igitur

148 1569 287 1613 habet
311 1569 555 1613 essentiam
582 1569 797 1628 aliquam,
824 1570 871 1612 in
903 1579 1122 1629 quantum
1148 1569 1428 1628 hujusmodi,
1456 1579 1523 1613 est
1547 1569 1735 1613 bonum.
1763 1567 1939 1612 Malum
1974 1567 2112 1626 igitur

150 1649 244 1680 non
269 1635 407 1680 habet
432 1636 676 1680 essentiam
704 1636 918 1695 aliquam.

237 1702 374 1747 Item:
401 1717 481 1747 ens
507 1717 586 1762 per
612 1713 764 1747 actum
797 1713 841 1747 et
872 1703 1126 1760 potentiam
1153 1702 1377 1763 dividitur.
1406 1703 1549 1748 Actus
1593 1713 1761 1756 autem,
1793 1702 1840 1745 in
1881 1711 2103 1760 quantum

148 1770 427 1828 hujusmodi,
453 1770 626 1814 bonum
649 1780 728 1824 est,
751 1770 870 1829 quia,
890 1770 1141 1814 secundum
1167 1770 1289 1828 quod
1317 1770 1486 1829 aliquid
1513 1779 1580 1814 est
1607 1780 1725 1823 actu,
1749 1769 1999 1813 secundum
2022 1768 2114 1812 hoc

153 1836 320 1896 aliquid
355 1846 422 1880 est
446 1836 724 1897 perfectum3
754 1837 957 1895 potentia
984 1837 1123 1881 etiam
1148 1837 1323 1881 bonum
1360 1837 1528 1896 aliquid
1563 1846 1652 1892 est3
1694 1836 1839 1880 tendit
1879 1835 2002 1879 enim
2034 1849 2112 1894 po-

155 1903 296 1948 tentia
331 1903 387 1947 ad
414 1912 581 1956 actum,
609 1913 657 1947 ut
681 1903 727 1947 in
754 1903 957 1962 quolibet
987 1913 1116 1947 motu
1151 1914 1349 1963 apparet,
1382 1914 1427 1948 et
1452 1904 1590 1948 etiam
1618 1913 1685 1947 est
1712 1903 1834 1947 actui
1858 1901 2111 1961 proportio-

152 1979 273 2023 nata,
298 1983 393 2014 non
425 1970 466 2013 ei
493 1970 734 2024 contraria,
762 1980 806 2014 et
832 1981 898 2014 est
923 1970 969 2014 in
997 1970 1162 2014 eodem
1189 1984 1356 2029 genere
1390 1985 1496 2014 cum
1539 1979 1657 2023 actu,
1699 1979 1743 2014 et
1783 1969 1976 2027 privatio
2017 1982 2111 2012 non

112 2036 119 2041 ’
153 2037 374 2095 competit
398 2037 440 2080 ei
465 2036 555 2081 nisi
580 2050 659 2095 per
685 2036 909 2081 accidens.
940 2037 1095 2081 Omne
1120 2037 1258 2095 igitur
1284 2038 1406 2096 quod
1434 2046 1515 2091 est,
1542 2050 1835 2096 quocumque
1868 2035 2010 2079 modo
2038 2035 2109 2089 sit,

149 2103 197 2147 in
219 2113 439 2162 quantum
467 2111 535 2147 est
559 2117 653 2156 ens,
680 2103 854 2147 bonum
871 2113 951 2148 est.
979 2103 1155 2147 Malum
1172 2103 1308 2162 igitur
1332 2118 1427 2148 non
1453 2103 1589 2147 habet
1616 2103 1816 2162 aliquam
1849 2102 2111 2147 essentiam.

239 2169 473 2229 Amplius:
496 2170 738 2228 probatum
765 2180 832 2214 est
856 2170 903 2213 in
925 2170 1126 2214 secundo
1154 2170 1286 2228 huJus
1313 2172 1374 2230 (c.
1402 2169 1461 2225 6.)
1500 2171 1622 2229 quod
1666 2184 1805 2215 omne
1847 2183 1960 2224 esse,
2002 2183 2110 2228 quo-

150 2250 347 2296 cumque
372 2236 513 2280 modo
545 2236 616 2291 sit,
644 2247 712 2281 est
738 2251 763 2280 a
785 2237 903 2281 Deo.
925 2238 1078 2280 Deum
1106 2247 1260 2281 autem
1287 2251 1386 2282 esse
1408 2237 1658 2296 perfectam
1684 2237 1938 2281 bonitatem
1962 2245 2108 2281 osten-

149 2304 299 2348 dimus
324 2303 445 2362 (Lib.
471 2303 505 2347 Ι.
533 2317 573 2348 c.
598 2304 707 2360 41.).
737 2303 896 2356 Quum
927 2304 1065 2362 igitur
1097 2304 1207 2348 boni
1239 2303 1426 2349 effectus
1469 2304 1643 2349 malum
1677 2318 1775 2349 esse
1816 2318 1912 2348 non
1953 2303 2111 2363 possit,

147 2369 430 2430 irnpossibile
457 2379 525 2413 est
550 2369 735 2428 aliquod
763 2384 855 2424 ens,
882 2370 929 2414 in
957 2380 1176 2429 quantum
1204 2381 1272 2416 est
1295 2386 1388 2426 ens,
1417 2385 1514 2415 esse
1542 2371 1730 2415 malum.

237 2436 356 2480 Hinc
395 2445 464 2480 est
495 2436 617 2495 quod
651 2436 790 2494 (Gen.
823 2437 857 2481 Ι.
895 2437 997 2496 31.).
1033 2437 1218 2481 dicitur:
1270 2437 1384 2483 Vidit
1423 2439 1537 2482 Deus
1569 2445 1719 2483 cuncta
1750 2453 1854 2497 quae
1871 2438 2048 2497 fecerat,
2078 2443 2115 2481 et

149 2509 268 2548 orant
301 2502 422 2547 valde
458 2504 590 2556 bona;
625 2514 669 2548 et
710 2503 870 2561 (Eccli.
903 2504 983 2547 III.
1031 2503 1146 2561 11.):
1193 2503 1356 2549 Cuncta
1374 2506 1478 2563 fecit
1511 2506 1619 2549 bona
1651 2507 1695 2549 in
1729 2512 1912 2564 tempore
1942 2519 2044 2557 suo,·
2070 2513 2115 2548 et

150 2569 205 2626 (Ι.
234 2568 357 2613 Tim.
388 2569 467 2616 IV.
500 2571 588 2627 4.):
627 2571 777 2615 Omnis
816 2577 1011 2615 creatura
1051 2572 1135 2615 Dei
1167 2572 1275 2615 bona
1301 2578 1370 2616 est.
1405 2571 1460 2615 Et
1491 2571 1742 2630 Dionysius
1775 2571 1876 2630 (IV.
1910 2585 2009 2630 cap.
2041 2570 2114 2614 De

149 2632 238 2680 dlv.
269 2636 468 2694 nomin.)
509 2636 631 2690 dicit,
664 2636 787 2695 quod
822 2654 845 2679 c<
871 2636 1046 2680 malum
1079 2651 1173 2681 non
1206 2647 1274 2682 est
1306 2638 1523 2682 exsistens
1566 2637 1763 2695 (scilicet
1793 2653 1873 2697 per
1909 2638 1994 2695 se),
2027 2651 2112 2681 nec

150 2702 319 2762 aliquid
351 2703 397 2748 in
425 2703 742 2748 exsistentibus
774 2704 903 2763 quasi
930 2704 1156 2758 accidens,
1189 2705 1306 2749 sicut
1337 2705 1500 2750 albedo
1533 2705 1608 2750 vel
1641 2706 1831 2764 nigredo
1860 2722 1901 2749 ».

226 2771 326 2815 -Per
357 2770 448 2815 hoc
481 2780 633 2815 autem
667 2770 919 2816 excluditur
950 2785 1076 2815 error
1107 2771 1485 2816 Manichaeorum
1515 2774 1785 2831 ponentium
1814 2771 1987 2831 aliquas
2024 2786 2110 2828 res,

150 2837 403 2883 secundum
429 2851 532 2882 suas
563 2847 762 2891 naturas,
795 2836 940 2882 malas
966 2851 1078 2882 esse.

905 3036 1159 3093 CAPUT
1199 3037 1354 3092 VIII.

448 3177 718 3218 RATIONES
753 3178 978 3219 CONTRA
1009 3180 1347 3218 PRAEMISSAM
1388 3179 1839 3220 CONCLUSIONEM.

241 3293 431 3339 Videtur
456 3305 608 3339 autem
640 3295 910 3354 quibusdam
935 3297 1182 3340 rationibus
1205 3296 1462 3355 praedictae
1485 3296 1732 3341 sententiae
1755 3310 1889 3355 posse
1916 3295 2106 3340 obviari.

243 3360 309 3405 Ex
335 3362 515 3420 propria
541 3355 663 3406 enim
686 3362 936 3407 differentia
958 3363 1171 3422 specifica
1198 3363 1556 3422 unumquodque
1579 3364 1780 3422 speciem
1803 3364 1999 3407 sortitur.
2022 3363 2115 3407 Ma-

156 3427 253 3473 lum
280 3438 429 3472 autem
463 3438 531 3472 est
556 3427 806 3472 differentia
832 3429 1044 3488 specifica
1072 3433 1116 3474 in
1144 3430 1366 3489 aliquibus
1400 3430 1653 3488 generibus,
1680 3429 1854 3474 scilicet
1885 3430 1931 3473 in
1957 3429 2114 3473 habiti-

155 3494 237 3539 bus
270 3504 315 3539 et
346 3494 518 3539 actibus
551 3494 824 3550 moralibus3
857 3495 972 3540 sicut
1004 3497 1127 3540 enim
1154 3497 1309 3550 virtus,
1348 3497 1599 3541 secundum
1633 3510 1762 3541 suam
1797 3496 2011 3556 speciem,
2047 3506 2115 3540 est

154 3559 301 3606 bonus
332 3561 524 3614 habitus,
566 3561 627 3605 ita
668 3562 946 3606 contrarium
988 3563 1148 3607 vitium
1190 3573 1256 3607 est
1290 3562 1436 3607 malus
1468 3563 1664 3620 habitus,
1698 3563 1950 3607 secundum
1982 3577 2112 3607 suam

157 3626 380 3686 speciem;
413 3637 458 3672 et
481 3627 686 3673 similiter
712 3627 767 3673 de
794 3628 967 3674 actibus
993 3632 1209 3674 virtutum
1232 3639 1277 3674 et
1300 3630 1528 3674 vitiorum.
1552 3629 1726 3674 Malum
1750 3630 1886 3688 igitur
1912 3640 1980 3675 est
2001 3630 2112 3674 dans
