2332 3854
226 208 299 259 26
938 219 1093 258 LIBER
1132 220 1168 257 1.
1211 220 1330 258 cAP.
1370 218 1462 256 xx.

227 321 531 381 corruptibile,
565 321 687 380 quod
719 331 787 366 est
824 320 1106 380 impossibile
1138 320 1390 365 secundum
1425 322 1588 380 ipsum.
1621 320 1677 366 Et
1709 320 1814 365 ideo
1845 321 1941 379 ipse
1966 321 2014 364 in
2054 321 2177 373 hunc

224 390 415 433 modum
447 390 711 448 respondet:
738 389 860 448 quod
887 391 932 433 in
958 402 1149 447 corpore
1176 388 1377 443 coelesti,
1404 389 1554 433 omnis
1575 389 1777 447 potentia
1802 401 1919 447 quae
1945 398 2027 443 est,
2051 388 2178 434 finita

226 466 305 500 est.
331 456 438 500 Non
464 466 618 500 tamen
644 465 823 515 oportet
840 456 960 514 quod
983 455 1150 499 habeat
1170 468 1359 500 omnem
1376 455 1652 515 potentiam3
1679 465 1746 500 est
1766 456 1890 499 enim
1915 455 1962 498 in
1985 468 2178 513 corpore

226 521 426 576 coelesti,
448 523 700 566 secundum
715 521 1025 576 Aristotelem,
1038 522 1084 565 in
1102 531 1265 566 octavo
1283 522 1537 582 Metaphys.
1557 523 1609 579 (t.
1623 536 1661 566 c.
1679 535 1694 566 1
1705 523 1782 579 2.)‚
1798 522 2000 581 potentia
2017 521 2073 566 ad
2089 522 2177 574 ubi,

223 589 302 632 sed
328 603 422 632 non
450 589 504 632 ad
531 604 622 643 esse,
651 599 695 633 et
719 589 783 632 sic
816 603 910 632 non
933 597 1109 647 oportet
1135 588 1258 647 quod
1283 588 1390 633 insit
1415 589 1457 633 ei
1481 589 1684 647 potentia
1716 589 1771 633 ad
1802 601 2028 632 non-esse.

314 655 562 699 Sciendum
589 665 744 699 tamen
771 655 892 713 quod
918 655 1032 698 haec
1058 655 1293 714 responsio
1319 655 1707 700 Commentatoris
1728 669 1821 699 non
1844 665 1911 699 est
1935 653 2178 711 sufficiens,

225 722 330 781 quia
360 723 399 766 si
426 723 555 766 detur
581 722 702 780 quod
728 722 774 765 in
801 735 994 780 corpore
1021 721 1208 766 coelesti
1232 736 1325 766 non
1351 723 1407 767 sit
1423 723 1626 781 potentia
1651 722 1780 781 quasi
1795 722 1976 781 passiva
1992 721 2048 766 ad
2065 728 2179 776 esse,

224 802 341 847 quae
374 798 441 833 est
465 791 668 848 potentia
695 788 926 842 materiae,
951 797 1019 832 est
1042 798 1197 833 tamen
1222 789 1269 833 in
1296 803 1352 834 eo
1378 789 1582 848 potentia
1613 789 1742 848 quasi
1775 789 1936 844 activa,
1968 802 2085 848 quae
2111 797 2181 834 est

223 856 365 899 virtus
391 855 582 908 essendi,
604 869 708 899 cum
734 868 944 913 expresse
961 855 1233 900 Aristoteles
1249 855 1371 900 dicat
1389 857 1436 900 in
1452 856 1600 913 primo
1619 855 1754 900 Coeli
1771 866 1816 900 et
1836 855 1996 900 mundi
2020 856 2081 913 (c.
2100 855 2179 899 IX.

224 932 255 966 t.
283 936 321 966 c.
349 923 530 980 20-23.),
558 921 679 980 quod
708 919 887 966 coelum
914 922 1052 966 habet
1075 922 1290 967 virtutem
1321 932 1371 967 ut
1401 923 1458 967 sit
1488 936 1682 982 semper,
1715 932 1759 966 et
1789 922 1892 967 ideo
1924 921 2089 966 melius
2119 922 2182 966 di-

227 989 420 1033 cendum
440 998 519 1042 est,
542 988 663 1046 quod
691 1002 795 1031 cum
813 988 1015 1046 potentia
1037 989 1211 1033 dicatur
1227 988 1283 1033 ad
1297 998 1464 1044 actum,
1482 998 1662 1048 oportet
1685 989 1885 1047 judicare
1902 989 1958 1033 de
1977 989 2180 1048 potentia

223 1055 474 1099 secundum
500 1055 690 1098 modum
718 1064 859 1098 actus.
884 1055 1037 1099 Motus
1065 1065 1233 1110 autem,
1259 1055 1511 1100 secundum
1526 1056 1596 1116 sui
1617 1055 1859 1111 rationem,
1881 1055 2179 1115 quantitatem

223 1122 361 1165 habet
387 1131 430 1165 et
457 1121 784 1175 extensionem,
812 1121 930 1165 unde
953 1121 1129 1165 duratio
1163 1123 1259 1180 eius
1284 1121 1459 1166 infinita
1490 1123 1675 1181 requirit
1700 1123 1822 1181 quod
1847 1117 2051 1182 thentia
2081 1136 2180 1167 rno-

223 1203 334 1233 vens
352 1189 409 1232 sit
424 1188 612 1232 infinita.
630 1189 742 1232 Esse
765 1198 918 1232 autem
934 1202 1028 1232 non
1044 1188 1183 1232 habet
1204 1188 1403 1248 aliquam
1432 1190 1743 1234 extensionem
1765 1189 2041 1249 quantitatis,
2058 1203 2182 1248 prae-

225 1257 355 1314 cipue
377 1256 424 1299 in
449 1269 497 1299 re
524 1256 652 1314 cujus
677 1269 776 1299 esse
793 1265 860 1299 est
880 1254 1160 1310 invariabile,
1181 1255 1298 1300 sicut
1314 1254 1520 1311 coelum3
1548 1266 1592 1300 et
1616 1256 1721 1300 ideo
1746 1270 1841 1300 non
1862 1265 2042 1316 oportet
2058 1255 2181 1316 quod

222 1323 363 1367 virtus
393 1323 571 1366 essendi
596 1322 653 1367 sit
676 1322 852 1366 infinita
877 1323 925 1366 in
953 1336 1144 1382 corpore
1169 1322 1313 1376 finito,
1339 1322 1448 1367 licet
1472 1323 1519 1366 in
1544 1322 1772 1367 infinitum
1796 1322 1938 1378 duret,
1966 1325 2181 1383 quianon

225 1388 372 1433 differt
397 1389 518 1448 quod
545 1403 626 1448 per
650 1388 778 1433 illam
804 1389 1018 1434 virtutem
1047 1389 1215 1448 aliquid
1242 1389 1408 1433 duret
1396 1404 1443 1433 m
1469 1403 1562 1433 uno
1588 1390 1774 1434 instanti
1793 1390 1866 1435 vel
1888 1399 2097 1450 tempore
2116 1390 2182 1435 in-

223 1455 367 1510 finito,
395 1470 501 1500 cum
527 1470 627 1500 esse
651 1455 763 1499 illud
789 1455 1054 1500 invariabile
1079 1470 1174 1500 non
1201 1455 1446 1515 attingatur
1471 1470 1498 1500 a
1524 1466 1731 1516 tempore
1747 1456 1834 1501 nisi
1855 1470 1935 1515 per
1956 1457 2181 1503 accidens.

315 1523 490 1576 Quarta
517 1523 712 1581 obiectio
747 1532 813 1567 est
839 1523 894 1567 de
929 1523 1036 1578 hoc,
1071 1523 1193 1582 quod
1228 1537 1323 1567 non
1355 1523 1534 1568 videtur
1569 1537 1668 1568 esse
1702 1523 2027 1578 necessarium,
2059 1523 2182 1583 quod

221 1589 348 1644 illud,
375 1590 498 1648 quod
520 1599 678 1634 movet
702 1599 910 1648 tempore
935 1589 1128 1643 infinito,
1153 1590 1319 1634 habeat
1349 1590 1602 1667 potentiam
1633 1589 1858 1634 infinitam
1888 1591 1936 1635 in
1965 1588 2058 1635 illis
2087 1603 2184 1635 mo-

223 1657 446 1711 ventibus,
473 1670 590 1715 quae
615 1658 846 1701 movendo
873 1670 967 1700 non
995 1656 1264 1712 alterantur3
1291 1658 1397 1716 quia
1423 1657 1526 1702 talis
1552 1666 1705 1702 motus
1730 1657 1845 1702 nihil
1871 1657 2102 1702 consumit
2125 1657 2182 1702 de

222 1724 426 1783 potentia
451 1738 637 1768 eorum:
661 1724 781 1767 unde
801 1737 896 1768 non
913 1723 1081 1767 minori
1096 1734 1302 1783 tempore
1319 1738 1506 1768 movere
1528 1734 1731 1783 possunt,
1756 1734 2001 1785 postquam
2028 1723 2182 1784 aliquo

222 1801 430 1850 tempore
456 1800 712 1844 moverunt,
739 1804 877 1848 quam
904 1800 1032 1844 ante3
1059 1790 1175 1835 sicut
1196 1790 1306 1835 solis
1327 1791 1470 1835 virtus
1495 1791 1622 1836 finita
1648 1801 1730 1846 est,
1749 1801 1794 1836 et
1817 1792 1924 1851 quia
1939 1791 1987 1835 in
2003 1790 2182 1850 agendo
2258 1813 2266 1815 ἡ

225 1858 320 1915 ejus
345 1857 486 1901 virtus
513 1857 661 1900 activa
685 1871 780 1900 non
806 1857 1038 1911 minuitur,
1069 1857 1245 1901 infinito
1267 1867 1475 1917 tempore
1501 1867 1651 1917 potest
1683 1872 1818 1917 agere
1849 1859 1905 1902 in-
1927 1857 2044 1905 haec
2074 1857 2185 1903 infe-

221 1924 344 1968 riora
369 1924 621 1968 secundum
652 1933 878 1968 naturam.

309 1991 366 2035 Et
388 1991 444 2034 ad
469 1991 558 2034 hoc
587 1990 794 2044 dicimus,
821 1990 942 2049 quod
971 2005 1135 2050 corpus
1159 2004 1254 2035 non
1276 2001 1447 2046 movet,
1468 1992 1555 2036 nisi
1576 2002 1771 2046 motum,
1793 2001 1843 2036 ut
1857 1991 2102 2050 probatum
2113 2001 2185 2037 est

222 2059 283 2115 (c.
316 2058 425 2116 13.);
452 2067 497 2101 et
521 2057 641 2111 ideo,
668 2057 707 2101 si
739 2058 975 2115 contingat
1001 2071 1164 2116 corpus
1183 2057 1366 2117 aliquod
1383 2071 1477 2102 non
1494 2059 1684 2113 moveri,
1701 2059 1904 2118 sequitur
1917 2058 2069 2118 ipsum
2089 2070 2184 2105 non

222 2138 421 2168 movere.
448 2125 501 2167 In
527 2123 656 2168 omni
682 2134 838 2168 autem
862 2124 984 2183 quod
1003 2135 1226 2180 movetur,
1254 2135 1321 2169 est
1337 2127 1541 2184 potentia
1558 2125 1615 2169 ad
1632 2126 1856 2185 opposita,
1874 2126 1981 2185 quia
2000 2125 2186 2171 termini

221 2202 373 2236 motus
395 2201 500 2235 sunt
526 2190 746 2250 oppositi;
775 2201 820 2235 et
839 2191 959 2245 ideo,
988 2201 1208 2250 quantum
1235 2202 1304 2236 est
1329 2193 1385 2237 de
1408 2206 1470 2247 se,
1489 2206 1627 2236 omne
1647 2206 1812 2251 corpus
1829 2193 1952 2252 quod
1973 2201 2186 2238 movetur

220 2258 434 2318 possibile
461 2267 529 2302 est
547 2272 641 2302 non
667 2258 868 2313 moveri3
895 2268 940 2302 et
965 2259 1087 2318 quod
1114 2260 1328 2318 possibile
1356 2269 1424 2304 est
1445 2273 1540 2303 non
1567 2261 1758 2314 moveri,
1783 2273 1878 2304 non
1899 2259 2118 2304 habet-de
2134 2272 2184 2304 se

221 2338 270 2369 ut
295 2335 512 2385 perpetuo
535 2335 741 2384 tempore
759 2334 1012 2380 moveatur,
1031 2335 1075 2369 et
1099 2327 1162 2370 sic
1190 2340 1274 2371 nec
1302 2326 1425 2385 quod
1449 2327 1497 2370 in
1524 2336 1742 2386 perpetuo
1759 2338 1968 2386 tempore
1984 2335 2184 2372 moveat.

220 2392 435 2436 Procedit
461 2406 570 2450 ergo
596 2392 826 2450 praedicta
859 2393 1194 2437 demonstratio.
1214 2393 1270 2437 de
1301 2394 1505 2452 potentia
1530 2393 1657 2437 finita
1683 2393 1889 2453 corporis
1911 2392 2041 2447 finiti,
2064 2406 2184 2455 quae

220 2474 313 2503 non
336 2469 486 2518 potest
511 2460 566 2503 de
592 2473 641 2503 se
658 2473 843 2503 movere
859 2469 1066 2518 tempore
1084 2459 1274 2505 infinito,
1296 2460 1386 2504 Sed
1405 2474 1568 2520 corpus
1595 2461 1717 2520 quod
1739 2461 1795 2504 de
1816 2474 1864 2505 se
1884 2458 2100 2520 possibile
2115 2469 2186 2507 est

221 2526 399 2570 moveri
420 2535 464 2570 et
477 2540 572 2570 non
593 2527 785 2580 moveri,
803 2540 991 2571 movere
1018 2536 1062 2570 et
1086 2541 1179 2570 non
1198 2541 1399 2581 movere,
1419 2527 1653 2586 acquirere
1669 2536 1820 2586 potest
1835 2527 2184 2587 perpetuitatem

222 2602 374 2637 motus
394 2593 448 2636 ab
471 2593 639 2652 aliquo,
657 2593 779 2652 quod
797 2603 978 2652 oportet
1003 2607 1102 2637 esse
1118 2594 1440 2652 incorporeum
1456 2610 1467 2650 ;
1486 2604 1530 2638 et
1545 2593 1650 2638 ideo
1670 2603 1850 2652 oportet
1866 2593 2067 2654 primum
2082 2606 2184 2638 mo-

220 2675 331 2705 vens
349 2674 446 2705 esse
463 2660 812 2720 incorporeum3
840 2671 884 2705 et
908 2661 973 2705 sic
998 2660 1114 2705 nihil
1139 2662 1362 2720 prohibet,
1385 2662 1635 2706 secundum
1652 2670 1878 2716 naturam,
1904 2674 2069 2721 corpus
2089 2659 2186 2706 fini-

220 2738 333 2783 tum,
366 2728 488 2787 quod
521 2729 713 2787 acquirit
739 2728 792 2772 ab
821 2729 910 2772 alio
937 2729 1284 2787 perpetuitatem
1310 2730 1357 2773 in
1384 2729 1574 2782 moveri,
1600 2729 1768 2772 habere
1794 2728 1932 2772 etiam
1957 2727 2185 2788 perpetui-

220 2805 362 2839 tatem
384 2795 430 2839 in
448 2808 648 2850 movere.
665 2795 788 2847 Nam
816 2805 860 2839 et
883 2795 1033 2853 ipsum
1055 2796 1252 2854 primum
1281 2810 1443 2855 corpus
1462 2795 1674 2849 coeleste,
1691 2794 1943 2840 secundum
1956 2803 2183 2850 naturam,

221 2872 370 2921 potest
390 2872 610 2921 perpetuo
643 2872 772 2906 motu
803 2861 1019 2906 inferiora
1045 2877 1238 2921 corpora
1266 2862 1481 2907 coelestia
1507 2861 1757 2916 revolvere,
1782 2861 2035 2907 secundum
2059 2861 2183 2921 quod

222 2930 415 2987 sphaera
440 2939 597 2974 movet
617 2929 872 2988 sphaeram.
892 2929 991 2973 Nec
1020 2939 1085 2974 est
1107 2930 1450 2984 inconveniens,
1474 2930 1726 2974 secundum
1754 2929 2183 2974 Commentatorem

222 2995 443 3055 (Metaph.
459 2996 560 3040 XII.
573 3006 604 3040 t.
619 3010 657 3041 c.
670 2996 780 3052 41.),
799 2996 920 3055 quod
936 2995 1061 3050 illud,
1081 2997 1202 3055 quod
1220 2997 1274 3041 de
1293 3011 1342 3041 se
1366 3006 1433 3041 est
1456 2997 1502 3040 in
1519 2996 1722 3055 potentia
1749 2995 1805 3039 ad
1831 2995 2008 3040 moveri
2029 3005 2075 3040 et
2088 3009 2183 3040 non

222 3062 412 3117 moveri,
430 3063 632 3121 acquirat
645 3063 697 3107 ab
717 3062 807 3107 alio
826 3063 1171 3122 perpetuitatem
1189 3073 1362 3118 motus;
1380 3065 1495 3108 sicut
1512 3063 1767 3122 ponebatur
1783 3075 1882 3107 esse
1899 3061 2182 3122 impossibile

222 3130 277 3173 de
311 3127 606 3188 perpetuitate
639 3130 828 3174 essendi.
855 3129 977 3173 Nam
1005 3140 1157 3174 motus
1185 3139 1254 3174 est
1280 3130 1466 3188 quidam
1493 3129 1695 3174 defluxus
1722 3143 1747 3173 a
1774 3137 1988 3174 movente
2012 3129 2061 3173 in
2086 3142 2184 3174 mo-

221 3194 334 3250 bile3
368 3206 412 3239 et
442 3196 546 3240 ideo
573 3206 723 3256 potest
749 3196 932 3255 aliquod
965 3197 1135 3241 mobile
1163 3197 1396 3256 acquirere
1423 3196 1477 3240 ab
1512 3196 1602 3240 alio
1635 3196 1982 3255 perpetuitatem
2012 3205 2183 3251 monus,

221 3276 359 3320 quam
380 3276 473 3306 non
495 3263 631 3307 habet
657 3263 712 3308 de
739 3277 801 3308 se.
828 3263 940 3308 Esse
967 3274 1119 3308 autem
1143 3274 1210 3308 est
1237 3263 1404 3322 aliquid
1431 3263 1571 3307 fixum
1605 3273 1648 3307 et
1674 3264 1877 3322 quietum
1909 3263 1957 3308 in
1982 3273 2110 3318 ente3
2137 3273 2182 3309 et

221 3329 338 3382 ideo,
362 3329 482 3387 quod
505 3330 560 3373 de
586 3344 633 3375 se
660 3340 728 3375 est
749 3332 794 3375 in
821 3332 1022 3390 potentia
1048 3331 1103 3375 ad
1127 3344 1351 3385 non-esse,
1374 3342 1468 3374 non
1494 3339 1656 3389 potest,
1675 3340 1724 3375 ut
1748 3330 1845 3390 ipse
1876 3330 1999 3387 dicit,
2020 3340 2181 3376 secun·-

220 3395 328 3439 dum
346 3396 468 3439 viam
491 3406 692 3451 naturae,
721 3397 952 3456 acquirere
980 3398 1033 3441 ab
1062 3397 1151 3441 alio
1179 3397 1526 3457 perpetuitatem
1558 3397 1750 3441 essendi.

311 3461 488 3514 Quinta
511 3463 707 3521 objectio
735 3474 814 3518 est,
840 3464 964 3523 quod
990 3477 1068 3524 per
1094 3464 1375 3523 praedictum
1401 3477 1669 3523 processum
1703 3477 1797 3509 non
1821 3463 2001 3511 videtur
2031 3464 2182 3524 major

220 3529 351 3583 ratio,
378 3542 518 3588 quare
543 3543 636 3574 non
663 3530 718 3574 sit
746 3530 947 3588 potentia
973 3529 1183 3576 infinita
1172 3545 1219 3575 in
1245 3530 1575 3591 magnitudine,
1602 3544 1741 3590 quam
1764 3539 1889 3576 extra
1908 3529 2182 3622 mgnitudi-

220 3609 355 3650 nem;
381 3609 490 3641 nam
516 3596 752 3656 utrobique
780 3598 993 3657 sequitur,
1019 3597 1142 3657 quod
1169 3606 1356 3644 moveat
1378 3609 1474 3644 non
1499 3596 1546 3642 in
1571 3607 1793 3657 tempore.
