2332 3854
185 189 216 242 8
910 201 1065 241 LtssER
1105 202 1140 240 1.
1182 202 1304 240 cAP.
1343 201 1416 240 vr.

272 304 332 346 Hi
358 317 482 356 vero,
509 303 584 361 qui
609 312 756 347 sectas
782 316 987 346 errorum
1014 301 1373 356 introduxerunt,
1396 296 1716 360 processerunt
1735 302 1809 346 via
1831 301 2073 355 contraria,
2089 310 2139 345 ut

183 379 305 429 patet
331 371 376 413 in
402 370 680 422 Mahumete‚
707 369 797 428 qui,
831 368 1083 412 carnalium
1108 367 1397 427 voluptatum
1427 369 1679 428 promissis,
1713 369 1767 412 ad
1800 382 1996 427 quorum
2028 367 2141 412 desi-

183 436 358 479 derium
386 435 576 480 carnalis
605 435 972 494 concupiscentia
997 435 1193 492 instigat,
1220 434 1416 493 populos
1441 434 1595 479 illexit.
1621 435 1871 494 Praecepta
1895 435 2034 478 etiam
2055 443 2143 478 tra-

185 502 296 546 didit
334 503 570 560 promissis
612 501 881 554 conformia,
921 501 1144 558 voluptati
1184 500 1355 544 carnali
1394 501 1596 546 habenas
1637 501 1857 555 relaxans,
1892 501 2053 559 quibus
2092 500 2139 544 in

184 579 396 627 promptu
424 580 490 613 est
516 584 540 612 a
568 568 820 612 carnalibus
843 567 1105 612 hominibus
1132 567 1319 612 obediri.
1346 568 1638 612 Documenta
1664 568 1803 612 etiam
1823 568 2024 612 veritatis
2045 579 2139 610 non

185 634 345 685 attulit,
371 635 456 679 nisi
484 649 599 693 quae
626 636 680 678 de
706 634 828 678 facili
854 648 878 677 a
906 633 1109 691 quolibet
1140 633 1432 678 mediocriter
1463 634 1680 693 sapiente,
1711 633 1908 678 naturali
1938 634 2140 692 ingenio,

185 701 405 759 cognosci
431 702 627 760 possint;
655 701 761 759 quin
788 700 938 758 potius
964 713 1070 743 vera
1097 714 1213 759 quae
1240 700 1396 744 docuit
1426 699 1580 744 multis
1612 700 1775 744 fabulis
1809 710 1853 745 et
1882 699 2140 744 falsissimis

183 767 399 811 doctrinis
427 768 685 811 immiscuit.
715 767 855 824 Signa
883 766 1021 810 etiam
1047 780 1141 810 non
1169 766 1372 810 adhibuit
1396 766 1795 826 supernaturaliter
1819 765 1952 821 facta,
1979 765 2141 825 quibus

183 833 335 877 solum
362 833 540 876 divinae
567 833 848 892 inspirationi
876 833 1153 877 conveniens
1178 833 1492 878 testimonium
1520 834 1772 888 adhibetur,
1798 834 1910 877 dum
1934 832 2140 892 operatio

183 899 383 952 visibilis,
412 914 526 957 quae
550 914 643 943 non
671 909 819 957 potest
845 913 942 943 esse
969 899 1055 943 nisi
1082 899 1248 953 divina,
1276 900 1471 945 ostendit
1499 901 1738 945 doctorem
1765 900 1968 945 veritatis
1992 890 2143 944 invisi-

183 966 331 1009 biliter
347 967 635 1023 inspiratum3
662 966 739 1010 sed
758 966 868 1010 dixit
885 980 931 1010 se
948 967 994 1010 in
1015 980 1247 1011 armorum
1263 970 1465 1026 potentia
1485 969 1696 1023 missum3
1725 981 1841 1027 quae
1857 968 1987 1026 signa
2004 969 2142 1012 etiam

183 1033 431 1076 latronibus
460 1043 503 1077 et
527 1033 729 1091 tyrannis
755 1047 849 1076 non
876 1033 1049 1077 desunt.
1076 1033 1130 1076 Ei
1157 1034 1295 1077 etiam
1321 1048 1415 1078 non
1444 1034 1582 1093 aliqui
1604 1035 1830 1094 sapientes
1854 1034 1901 1078 in
1927 1034 2060 1079 rebus
2081 1032 2145 1078 di·

184 1100 315 1153 vinis,
333 1109 377 1143 et
401 1100 457 1143 de
483 1100 644 1143 divinis
671 1109 715 1143 et
740 1099 952 1143 humanis
971 1100 1215 1153 exercitati,
1234 1114 1259 1143 a
1275 1101 1498 1160 principio
1518 1101 1817 1156 crediderunt,
1834 1100 1912 1145 sed
1929 1100 2143 1146 homines

183 1166 391 1210 bestiales
418 1167 463 1209 in
491 1162 676 1210 desertis
715 1176 961 1219 morantes,
989 1166 1138 1211 omnis
1172 1167 1405 1210 doctrinae
1444 1167 1623 1212 divinae
1659 1168 1849 1226 prorsus'
1873 1166 2033 1226 ignari,
2063 1181 2144 1226 per

183 1247 377 1291 quorum
404 1232 742 1276 multitudinem
770 1232 898 1286 alios,
917 1246 1150 1276 armorum
1166 1231 1400 1286 violentia,
1426 1233 1471 1276 in
1498 1247 1630 1278 suam
1651 1233 1804 1292 legem
1822 1234 1986 1293 coegit.
2004 1233 2144 1278 Nulla

185 1299 323 1343 etiam
350 1299 500 1342 divina
527 1298 711 1343 oracula
734 1299 1103 1357 praecedentium
1126 1299 1454 1358 prophetarum
1477 1301 1519 1343 ei
1541 1300 1856 1344 testimonium
1878 1298 2144 1358 perhibent3

185 1366 293 1424 quin
329 1367 477 1424 potius
513 1366 642 1424 quasi
675 1365 832 1409 omnia
863 1365 1043 1410 Veteris
1077 1375 1121 1409 et
1155 1366 1278 1410 Novi
1306 1365 1593 1410 Testamenti
1625 1366 1903 1411 documenta
1935 1365 2145 1412 fabulosa

184 1433 443 1477 narratione
470 1433 699 1492 depravat,
732 1443 781 1477 ut
812 1443 937 1491 patet
970 1436 1067 1492 ejus
1103 1433 1258 1491 legem
1289 1433 1558 1492 inspicienti.
1595 1434 1729 1479 Unde
1766 1443 1914 1479 astuto
1951 1433 2145 1479 consilio

183 1499 322 1543 libros
348 1500 525 1543 Veteris
551 1510 596 1543 et
620 1500 742 1543 Novi
770 1498 1056 1543 Testamenti
1081 1502 1171 1544 suis
1199 1500 1467 1559 sequacibus
1493 1515 1587 1545 non
1613 1501 1796 1560 reliquit
1826 1500 2063 1560 legendos,
2087 1514 2146 1545 ne

186 1579 264 1623 per
291 1579 370 1609 eos
396 1565 601 1610 falsitatis
630 1578 904 1625 argueretur.
932 1566 988 1610 Et
1013 1567 1076 1611 sic
1103 1576 1239 1626 patet,
1266 1566 1388 1625 quod
1422 1568 1518 1626 ejus
1546 1567 1676 1612 dictis
1709 1567 1848 1612 fidem
1880 1566 2146 1612 adhibentes

186 1632 344 1676 leviter
370 1633 571 1676 credunt.

955 1781 1214 1836 CAPUT
1254 1781 1382 1837 VII.

351 1916 503 1962 QUOD
537 1900 795 1955 VERITATI
828 1917 976 1954 FIDEI
1010 1916 1374 1956 CHRISTIANAE
1406 1917 1523 1957 NON
1559 1916 1986 1956 CONTRARIATUR

892 1990 1124 2030 VERITAS
1166 1991 1437 2031 RATIONIS.

278 2099 502 2152 Quamvis
529 2109 681 2143 autem
712 2099 942 2158 praedicta
967 2100 1133 2144 veritas
1160 2099 1264 2143 fidei
1292 2100 1564 2144 christianae
1594 2100 1826 2144 humanae
1856 2099 2045 2145 rationis
2078 2113 2148 2144 ca-

186 2166 430 2223 pacitatem
456 2165 656 2222 excedat,
682 2166 797 2210 haec
823 2177 993 2220 tamen,
1021 2181 1136 2225 quae
1162 2167 1278 2211 ratio
1305 2166 1568 2211 naturaliter
1592 2167 1734 2212 indita
1765 2166 1917 2222 habet,
1943 2165 2050 2212 huic
2075 2175 2149 2211 ve-

185 2233 306 2277 ritati
332 2234 558 2277 contraria
585 2247 682 2277 esse
708 2247 804 2277 non
830 2243 1034 2292 possunt.

282 2313 316 2344 1.
343 2299 409 2343 Ea
435 2300 573 2354 enim,
601 2314 717 2359 quae
751 2300 1017 2344 naturaliter
1052 2300 1218 2344 rationi
1245 2309 1349 2344 sunt
1374 2302 1521 2354 insita,
1547 2301 1782 2345 verissima
1819 2314 1918 2345 esse
1953 2308 2149 2356 constat,

186 2367 233 2411 in
259 2376 435 2410 tantum
461 2376 510 2410 ut
534 2381 619 2410 nec
638 2381 691 2411 ea
709 2381 807 2411 esse
825 2366 938 2412 falsa
961 2367 1018 2411 sit
1042 2367 1258 2426 possibile
1277 2367 1504 2425 cogitare3
1532 2382 1616 2412 nec
1639 2367 1684 2411 id
1707 2368 1829 2426 quod
1846 2367 1935 2412 fide
1954 2376 2148 2421 tenetur,

188 2448 328 2492 quum
353 2442 450 2477 tam
475 2434 707 2478 evidenter
729 2434 941 2478 divinitus
969 2434 1292 2478 confirmatum
1325 2435 1394 2488 sit,
1421 2433 1487 2478 fas
1521 2444 1588 2479 est
1619 2434 1802 2479 credere
1836 2448 1935 2479 esse
1965 2433 2147 2479 falsum.

190 2501 314 2553 Quia
339 2501 476 2558 igitur
501 2500 653 2545 solum
679 2500 846 2547 falsum
871 2515 980 2545 vero
1009 2502 1288 2546 contrarium
1325 2511 1405 2555 est,
1440 2511 1490 2546 ut
1522 2515 1576 2546 ex
1611 2515 1772 2546 eorum
1805 2500 2146 2546 diffinitionibus

187 2568 400 2627 inspectis
427 2567 665 2612 manifeste
693 2579 891 2627 apparet,
918 2568 1198 2627 impossibile
1225 2578 1293 2613 est
1317 2567 1405 2612 illis
1428 2568 1673 2627 principiis,
1697 2582 1813 2627 quae
1834 2567 1950 2613 ratio
1971 2577 2151 2613 natura-

187 2635 288 2679 liter
314 2635 566 2693 cognoscit,
594 2635 872 2694 praedictam
899 2635 1139 2680 veritatem
1165 2635 1270 2679 fidei
1297 2635 1572 2679 contrariam
1600 2649 1711 2680 esse.
2151 2689 2153 2692 ι

276 2715 316 2745 2.
344 2703 482 2746 Item:
509 2701 621 2746 illud
638 2702 775 2756 idem,
794 2703 915 2761 quod
937 2703 1149 2747 indicitur
1165 2703 1211 2746 in
1231 2703 1432 2747 animam
1451 2702 1659 2762 discipuli
1677 2717 1702 2746 a
1719 2701 1928 2756 docente,
1946 2701 2148 2747 doctoris

188 2769 376 2813 scientia
403 2770 617 2823 continet,
644 2770 731 2813 nisi
757 2770 921 2813 doceat
946 2769 1072 2824 ficte;
1100 2770 1223 2829 quod
1250 2770 1304 2814 de
1330 2769 1433 2814 Deo
1459 2769 1586 2813 nefas
1614 2778 1681 2813 est
1706 2769 1869 2814 dicere.
1895 2768 2148 2828 Principio-

189 2850 289 2879 rum
318 2846 470 2880 autem
496 2835 759 2880 naturaliter
780 2845 995 2880 notorum
1015 2837 1218 2895 cognitio
1245 2836 1376 2881 nobis
1403 2836 1614 2880 divinitus
1633 2846 1700 2880 est
1720 2835 1876 2890 indita,
1894 2849 2036 2895 quum
2051 2835 2148 2895 ipse

188 2902 313 2946 Deus
339 2904 394 2947 sit
420 2913 578 2946 auctor
603 2913 784 2948 nostrae
811 2914 1013 2947 naturae.
1041 2904 1167 2948 Haec
1196 2918 1304 2962 ergo
1332 2903 1552 2962 prIncipia
1579 2903 1716 2947 etiam
1743 2902 1896 2947 divina
1914 2902 2149 2963 Sapientia

190 2970 404 3014 continet.
444 2969 678 3028 Quidquid
714 2969 851 3027 igitur
886 2970 1119 3028 principiis
1155 2970 1420 3028 hujusmodi
1458 2970 1735 3014 contrarium
1769 2979 1849 3023 est,
1877 2979 1943 3014 est
1969 2968 2149 3014 divinae

190 3035 435 3093 sapientiae
463 3037 767 3091 contrarium3
791 3050 884 3080 non
908 3036 1044 3095 igitur
1071 3051 1096 3079 a
1121 3037 1224 3080 Deo
1253 3051 1350 3081 esse
1378 3046 1539 3095 potest.
1564 3037 1631 3080 Ea
1651 3036 1787 3095 igitur
1804 3049 1935 3095 quae,
1953 3050 2009 3081 ex
2028 3049 2150 3081 reve-

190 3101 360 3146 latione
388 3102 554 3156 divina,
582 3117 661 3161 per
686 3102 823 3147 fidem
849 3113 1072 3157 tenentur,
1098 3117 1191 3147 non
1219 3113 1409 3163 possunt
1433 3103 1628 3148 naturali
1651 3103 1903 3161 cognitioni
1930 3116 2030 3148 esse
2046 3117 2151 3151 con·

190 3179 340 3217 traria.

143 3231 148 3239 '
282 3249 319 3291 3.
347 3236 535 3280 Adhuc:
565 3236 802 3281 contrariis
828 3237 1077 3282 rationibus
1103 3236 1358 3282 intellectus
1391 3248 1547 3283 noster
1579 3237 1758 3297 ligatur,
1786 3247 1835 3282 ut
1867 3238 1923 3282 ad
1948 3237 2045 3284 veri
2076 3249 2150 3282 co-

192 3302 445 3360 gnitionem
473 3303 717 3362 procedere
744 3314 951 3362 nequeat.
981 3304 1029 3347 Si
1056 3305 1190 3363 igitur
1213 3304 1465 3348 contrariae
1503 3304 1790 3362 cognitiones
1822 3304 1956 3363 nobis
1988 3312 2014 3348 a'
2044 3303 2149 3350 Deo

190 3370 554 3423 immitterentur,
587 3383 641 3413 ex
666 3370 755 3414 hoc
785 3385 810 3414 a
836 3371 1035 3414 veritatis
1062 3370 1325 3430 cognitione
1350 3370 1606 3416 intellectus
1638 3381 1794 3416 noster
1827 3369 2149 3431 impedit-etun

192 3437 313 3495 quod
341 3451 365 3480 a
392 3437 494 3480 Deo
522 3450 620 3480 esse
645 3450 739 3481 non
766 3447 928 3495 potest.
2038 3460 2041 3461 ⁷
2080 3458 2084 3461 ·

279 3515 322 3557 4.
349 3503 581 3562 Amplius:
611 3517 663 3547 ea
687 3518 802 3562 quae
825 3514 928 3549 sunt
953 3503 1175 3549 naturalia
1198 3504 1364 3549 mutari
1385 3518 1479 3548 non
1502 3514 1705 3564 possunt,
1726 3515 1889 3550 natura
1909 3513 2148 3562 manente3

192 3570 445 3615 contrariae
463 3580 613 3614 autem
636 3571 873 3629 opiniones
891 3571 1028 3615 simul
1046 3571 1194 3616 eidem
1222 3571 1369 3616 inesse
1387 3585 1482 3616 non
1499 3581 1711 3631 possunt;
1727 3585 1821 3617 non
1838 3571 1975 3632 igitur
1990 3579 2148 3619 contra
