2332 3854
872 210 1027 249 mmm
1065 209 1120 248 11.
1164 210 1283 250 cap,
1324 210 1411 248 Lx,
1510 249 1512 251 ,
2010 211 2114 266 205

163 311 279 362 fluis.
305 311 354 356 Si
380 321 532 356 autem
559 310 733 355 dicatur
758 311 881 371 quod
907 311 1166 355 substantiis
1194 311 1410 370 separatis
1423 324 1526 355 non
1553 310 1679 355 adest
1706 312 1910 370 cognitio
1937 312 2113 357 sensibi-

164 376 293 435 lium,
310 377 470 423 saltem
491 376 715 440 oportebit
734 369 882 421 dicere
907 377 1027 436 quod
1056 379 1120 423 eis
1142 377 1258 423 adsit
1276 376 1408 421 altior
1434 377 1652 437 cognitio,
1671 392 1808 436 quam
1826 388 2006 437 oportet
2025 392 2119 423 non

163 437 319 489 deesse
346 443 593 488 intellectui
621 443 837 502 possibili,
864 444 899 487 si
927 444 1178 503 praedictas
1204 442 1478 489 substantias
1504 443 1728 503 intelligit.
1757 444 1952 488 Habebit
1982 446 2119 504 igitur

151 510 394 571 duplicem
419 511 672 565 scientiam,
695 524 833 555 unam
859 525 939 570 per
967 511 1156 555 modum
1183 511 1536 556 substantiarum
1566 521 1892 570 separatarum,
1921 510 2058 558 aliam
2094 527 2119 555 a

161 578 366 640 sensibus
393 588 652 637 acceptam;
681 591 872 637 quarum
900 577 1039 622 altera
1067 577 1374 642 superflueret.

248 645 512 690 Praeterea:
551 644 808 693 intellectus
846 643 1075 704 possibilis
1106 654 1175 688 est
1210 659 1302 703 quo
1338 643 1551 704 intelligit
1592 644 1759 699 anima,
1792 654 1842 689 ut
1877 644 2040 689 dicitur
2073 645 2119 689 in

155 711 292 771 tertio
318 711 390 756 De
417 712 568 755 anima
590 712 642 768 (t.
672 724 710 755 c.
742 710 815 767 5.).
841 710 890 753 Si
915 710 1053 768 igitur
1078 709 1334 755 intellectus
1361 711 1586 769 possibilis
1609 710 1820 770 intelligit
1846 711 2118 756 substantias

160 770 403 838 separatas,
430 787 475 822 et
490 791 574 823 nos
591 775 885 836 intelligimus
909 790 1009 830 eas;
1028 777 1149 835 quod
1177 787 1298 836 patet
1325 791 1423 821 esse
1441 777 1606 822 falsum
1621 794 1632 832 ;
1649 777 1870 823 habemus
1888 778 2011 822 enim
2032 792 2118 822 nos

157 845 218 896 ad
245 858 321 893 eas
347 843 463 888 sicut
483 842 644 889 oculus
669 854 866 887 noctuae
895 843 948 886 ad
976 842 1138 896 solem,
1165 853 1214 886 ut
1240 843 1509 888 Aristoteles
1542 844 1648 890 dicit
1679 844 1880 890 secundo
1913 845 2114 905 Metaph.

159 912 214 970 (t.
246 925 284 959 c.
320 909 395 967 1.).

249 977 331 1021 His
362 986 514 1020 autern
559 974 871 1035 respondetur,
912 976 1163 1020 secundum
1204 977 1476 1036 positionem
1521 978 1814 1037 praedictam.
1856 978 2116 1024 Intellectus

159 1038 284 1090 enim
309 1043 549 1103 possibilis,
576 1043 828 1087 secundum
856 1042 978 1101 quod
1002 1053 1069 1087 est
1090 1043 1136 1087 in
1163 1057 1210 1087 se
1237 1043 1498 1099 subsistens,
1524 1044 1737 1103 intelligit
1757 1045 2027 1090 substantias
2054 1060 2118 1091 se-

156 1103 352 1172 Paratas,
379 1120 424 1155 et
449 1120 516 1155 est
540 1110 587 1153 in
603 1110 806 1168 potentia
835 1109 888 1153 ad
908 1124 983 1153 eas
1001 1110 1116 1154 sicut
1133 1110 1412 1168 diaphanum
1431 1111 1485 1154 ad
1503 1110 1653 1155 lucem
1668 1127 1678 1166 ;
1696 1112 1943 1157 secundum
1965 1122 2116 1157 autem

149 1177 284 1239 'quod
311 1177 602 1222 continuatur
627 1177 758 1220 nobis
787 1191 811 1219 a
836 1176 1074 1235 principio,
1102 1187 1168 1221 est
1193 1177 1238 1220 in
1265 1178 1468 1236 potentia
1495 1178 1549 1221 ad
1582 1177 1754 1222 formas
1781 1193 1805 1222 a
1831 1179 2120 1239 phantasma-

155 1243 278 1289 ,tibus
304 1243 576 1298 abstractas;
602 1243 722 1287 unde
747 1257 833 1287 nos
861 1258 885 1287 a
912 1243 1133 1303 principio
1161 1258 1254 1288 non
1279 1243 1577 1303 intelligimus
1603 1259 1682 1304 per
1709 1259 1812 1290 eum
1840 1246 2113 1298 substantias

161 1319 405 1371 separatas.
434 1309 524 1354 Sed
549 1310 639 1353 hoc
667 1319 786 1354 stare
812 1324 905 1353 non
933 1320 1094 1369 potest.

249 1375 512 1426 Intellectus
530 1377 652 1421 enim
669 1376 893 1434 possibilis
912 1391 965 1420 ex
991 1376 1081 1421 hoc
1106 1377 1282 1432 dicitur,
1301 1378 1552 1421 secundum
1577 1393 1671 1432 eos,
1699 1379 1955 1423 continuari
1970 1380 2117 1434 nobis,

160 1443 284 1506 quod
308 1443 538 1504 perficitur
564 1458 642 1504 per
668 1443 842 1503 species
882 1443 1189 1502 intelligibiles
1226 1458 1250 1487 a
1277 1444 1668 1503 phantasmatibus
1696 1446 1955 1491 abstractas.
1987 1447 2117 1492 Prius

145 1503 293 1572 ⁸igitur
319 1520 386 1556 est
412 1511 699 1556 considerare
725 1510 1007 1556 intellectum
1036 1521 1083 1555 ut
1108 1511 1154 1554 in
1180 1513 1382 1570 potentia
1412 1512 1465 1556 ad
1490 1511 1753 1570 hujusmodi
1776 1514 1950 1572 species
1977 1528 2115 1573 quam

156 1586 206 1622 ut
230 1577 521 1622 continuetur
545 1578 690 1622 nobis.
717 1578 825 1621 Non
851 1578 1003 1635 igitur,
1030 1591 1109 1637 per
1134 1577 1224 1622 hoc
1252 1579 1374 1637 quod
1394 1579 1684 1624 continuatur
1705 1580 1854 1635 nobis,
1880 1591 1948 1626 est
1972 1582 2018 1625 in
2039 1595 2118 1641 po·

155 1644 295 1702 tentia
327 1644 383 1689 ad
420 1644 683 1702 hujusmodi
710 1644 897 1702 species.
1036 1703 1039 1707 .

244 1708 506 1756 Praeterea:
554 1711 805 1756 secundum
851 1711 956 1766 hoc,
990 1724 1088 1755 esse
1129 1711 1175 1755 in
1203 1711 1404 1770 potentia
1437 1711 1493 1755 ad
1526 1712 1779 1771 praedictas
1811 1714 1985 1773 species
2018 1729 2112 1760 non

157 1786 276 1833 esset
296 1777 339 1822 ei
362 1777 615 1822 secundum
642 1791 690 1821 se
717 1778 1010 1832 conveniens,
1029 1778 1106 1822 sed
1129 1792 1208 1838 per
1235 1777 1370 1822 aliud.
1388 1779 1476 1823 Per
1500 1793 1552 1823 ea
1580 1789 1733 1824 autem
1755 1794 1870 1840 quae
1892 1795 1987 1837 non
2010 1796 2117 1827 con-

154 1844 342 1889 veniunt
367 1842 501 1888 alicui
528 1843 778 1888 secundum
805 1858 868 1897 se,
895 1859 988 1888 non
1015 1844 1148 1888 debet
1181 1844 1348 1903 aliquid
1383 1844 1575 1890 diffiniri.
1608 1847 1715 1890 Non
1741 1847 1877 1906 igitur
1909 1848 2024 1893 ratio
2052 1850 2117 1895 in-

149 1910 362 1972 tellectus
393 1911 619 1972 possibilis
647 1921 714 1955 est
741 1926 797 1956 ex
820 1910 926 1966 hoc,
953 1912 1075 1971 quod
1099 1913 1143 1954 in
1176 1912 1379 1971 potentia
1405 1921 1474 1956 est
1499 1913 1555 1956 ad
1580 1913 1834 1972 praedictas
1857 1917 2044 1973 species,
2067 1926 2116 1961 ut

156 1975 318 2023 diffinit
347 1977 497 2037 ipsum
528 1976 796 2022 Aristoteles
829 1978 874 2021 in
906 1979 1038 2022 tertio
1070 1978 1142 2021 De
1169 1978 1322 2022 anima
1348 1980 1400 2037 (t.
1427 1993 1465 2022 c.
1503 1993 1540 2038 3.
1568 1988 1610 2024 et
1635 1979 1789 2038 infra).

235 2040 437 2089 Adhuc:
462 2044 743 2104 impossibile
781 2054 847 2088 est
881 2043 1163 2088 intellectum
1193 2044 1458 2105 possibilem
1492 2045 1629 2091 simul
1665 2047 1809 2092 multa
1843 2047 2113 2108 intelligere,

161 2109 247 2156 nisi
273 2125 415 2155 unum
442 2125 523 2169 per
548 2110 669 2155 aliud
692 2109 937 2170 intelligat;
963 2125 1056 2155 non
1084 2111 1206 2156 enim
1225 2126 1314 2155 una
1332 2114 1533 2170 potentia
1560 2113 1696 2157 simul
1720 2114 1922 2174 pluribus
1940 2116 2113 2163 actibus

159 2177 403 2239 perficitur,
442 2178 530 2223 nisi
559 2179 812 2222 secundum
846 2178 1068 2223 ordinem.
1107 2178 1156 2223 Si
1181 2179 1319 2239 igitur
1345 2179 1601 2224 intellectus
1631 2181 1857 2240 possibilis
1889 2182 2114 2243 intelligat

144 2244 427 2309 „substantias
453 2254 683 2304 separatas
711 2254 755 2289 et
780 2245 954 2304 species
995 2240 1437 2305 a'phantasmatibus
1465 2247 1727 2302 abstractas,
1770 2259 1950 2311 oportet
1990 2251 2112 2310 quod

95 2330 109 2347 ν
146 2332 162 2375 χ
185 2310 479 2378 §intelligat
502 2326 583 2370 per
618 2311 792 2371 species
832 2311 1095 2371 hujusmodi
1133 2312 1405 2357 substantias
1435 2324 1678 2372 separatas,
1704 2314 1778 2366 vel
1811 2331 1833 2360 e
1873 2330 2112 2364 converso.

205 2377 497 2437 tiodcumque
524 2388 675 2422 autem
704 2378 846 2432 detur,
873 2380 1073 2437 sequitur
1095 2379 1217 2438 quod
1248 2393 1333 2423 nos
1361 2378 1657 2438 intelligimus
1694 2382 1964 2429 substantias
1990 2398 2115 2444 sepa-

148 2453 290 2522 ,fataffi
311 2445 432 2504 quia,
457 2445 495 2489 si
519 2459 605 2489 nos
631 2444 930 2502 intelligimus
957 2454 1140 2490 naturas
1167 2445 1465 2500 sensibilium,
1488 2447 1534 2490 in
1559 2457 1779 2506 quantum
1805 2449 2018 2510 intelligit
2035 2465 2112 2496 eas

153 2510 410 2556 intellectus
435 2510 663 2570 possibilis
689 2510 967 2570 (intellectus
991 2522 1143 2556 autem
1169 2512 1396 2572 possibilis
1418 2512 1630 2572 intelligit
1656 2529 1748 2570 eas,
1770 2531 1848 2575 per
1869 2517 1960 2561 hoc
1988 2518 2112 2578 quod

30 2609 40 2627 .
96 2582 103 2594 ·’
154 2576 365 2637 intelligit
388 2579 661 2622 substantias
687 2578 953 2637 separatas),
980 2579 1186 2623 similiter
1213 2589 1256 2623 et
1288 2594 1371 2623 nos
1404 2580 1725 2639 intelligimus;
1760 2593 1804 2626 et
1835 2584 2043 2629 similiter
2075 2585 2113 2629 si

14 2647 15 2650 ’
154 2645 213 2691 sit
237 2659 263 2690 e
289 2659 524 2690 converso.
554 2646 655 2689 Hoc
692 2655 843 2690 autern
871 2656 938 2690 est
963 2645 1201 2690 manifeste
1228 2646 1407 2690 falsum.
1434 2647 1541 2692 Non
1568 2649 1702 2706 igitur
1724 2649 1981 2695 intellectus
2006 2666 2109 2711 pos-

153 2711 295 2757 sibilis
319 2711 529 2771 intelligit
553 2712 825 2757 substantias
851 2722 1111 2771 separatas3
1134 2727 1227 2758 non
1255 2724 1322 2758 est
1342 2714 1476 2772 igitur
1499 2715 1746 2760 substantia
1769 2728 1989 2776 separata.

913 2865 1183 2924 CAPUT
1204 2866 1351 2922 LXI.

53 2997 77 3052 -ζ
147 2999 310 3046 ,quon
349 2998 661 3039 PRABDICTA
690 3000 915 3041 Posrrto
948 3002 1049 3040 EST
1084 3003 1308 3042 CONTRA
1342 2984 1696 3044 SENTENTIAM
1727 3005 2105 3047 Amsrorsstts.
2159 2984 2171 3020 ²

244 3106 334 3152 Sed
373 3106 481 3167 quia
519 3106 626 3153 huic
659 3109 875 3168 positioni
906 3110 1134 3155 Averroes
1173 3121 1402 3171 praestare
1435 3113 1572 3157 robur
1615 3113 1894 3161 auctoritatis
1934 3115 2104 3172 nititur,

152 3182 339 3232 propter
363 3171 453 3221 hoc
481 3175 603 3235 quod
629 3174 738 3221 dicit
762 3175 1059 3221 Aristotelem
1081 3177 1142 3222 ita
1168 3178 1377 3234 sensisse,
1404 3179 1698 3224 ostendemus
1730 3181 1967 3228 manifeste
1985 3184 2106 3244 quod

144 3240 383 3302 *praedicta
407 3240 573 3300 positio
601 3251 668 3286 est
694 3252 852 3289 contra
878 3245 1150 3289 sententiam
1180 3245 1453 3290 Aristotelis.

8 3317 69 3369 ju,
118 3310 125 3317 '
245 3304 402 3352 Primo
428 3306 627 3367 quidem,
664 3309 768 3367 quia
791 3309 1074 3364 Aristoteles,
1101 3312 1147 3355 in
1171 3313 1372 3357 secundo
1409 3313 1480 3357 De
1507 3314 1660 3358 anima
1687 3315 1739 3374 (t.
1767 3329 1804 3359 c.
1841 3314 1919 3374 7.)‚
1946 3316 2108 3363 diffinit

8 3371 70 3435 ἐξ
147 3370 373 3428 ⁴affimant,
398 3372 553 3419 dicens
579 3375 700 3433 quod
727 3386 795 3420 est
823 3392 847 3418 «
870 3386 995 3422 actus
1021 3378 1191 3439 primus
1218 3379 1393 3437 physici
1421 3380 1638 3438 corporis,
1665 3381 1885 3440 organici,
1903 3384 2106 3443 potentia

19 3489 35 3518 a
158 3438 298 3503 vitam
323 3438 530 3485 habentis
541 3454 599 3505 ο»;
616 3450 660 3485 et
684 3451 844 3501 postea
869 3443 1099 3503 subJungit
1126 3446 1173 3502 (t.
1194 3458 1231 3488 c.
1260 3444 1339 3501 8.)‚
1366 3445 1488 3505 quod
1518 3463 1540 3487 «
1563 3445 1677 3494 haec
1701 3457 1767 3492 est
1786 3447 1992 3500 diffinitio
2014 3451 2108 3502 uni-

68 3508 77 3524 *
155 3518 184 3554 v
213 3503 385 3573 rsaliter
429 3505 548 3551 dicta
595 3506 651 3553 de
691 3507 820 3553 omni
862 3508 1015 3553 anima
1045 3526 1098 3563 »3
1134 3524 1227 3554 non
1266 3510 1382 3556 sicut
1416 3511 1673 3569 praedictus
1709 3513 1939 3561 Averroes
1975 3515 2105 3576 fingit

155 3570 451 3631 (om.11.)‚
475 3572 556 3618 sub
581 3572 862 3622 dubitatione
887 3573 978 3620 hoc
1004 3575 1252 3635 proferenS,
1275 3587 1323 3621 ut
1347 3587 1471 3638 patet
1488 3591 1540 3624 ex
1564 3579 1896 3640 exemplaribus
1915 3581 2103 3637 Graecis
