2332 3854
176 215 285 282 460
862 228 1016 267 LIBER
1054 227 1130 266 111.
1173 227 1292 267 CAP.
1334 226 1464 266 exn.

180 339 334 374 autem
368 330 588 389 regimine
631 330 780 374 liberis
818 330 1079 388 providetur
1103 339 1286 389 propter
1317 329 1506 388 seipsos,
1537 329 1677 373 servis
1709 339 1862 374 autem
1887 339 1935 374 ut
1967 330 2056 375 sint
2085 330 2132 375 in

176 410 310 440 usum
335 395 598 441 liberorum.
627 397 702 439 Sic
736 396 872 454 igitur
904 410 982 455 per
1014 396 1215 440 divinam
1241 395 1574 455 providentiam
1600 395 1979 442 intellectualibus
2011 411 2132 442 crea·

174 463 285 506 turis
311 463 572 522 providetur
597 473 781 521 propter
806 476 868 516 se,
894 462 1053 523 ceteris
1081 472 1235 506 autem
1262 462 1477 506 creaturis
1503 472 1686 522 propter
1710 463 1844 522 ipsas.

263 529 496 588 Amplius:
530 529 915 587 quandocumque
942 538 1045 572 sunt
1071 528 1222 587 aliqua
1249 529 1457 573 ordinata
1483 529 1539 572 ad
1565 529 1704 573 finem
1730 529 1945 588 aliquem,
1977 529 2014 573 si
2039 543 2128 588 qua

173 594 290 638 inter
322 595 400 639 illa
441 596 496 638 ad
537 595 674 638 finem
711 595 966 653 pertingere
997 609 1090 639 non
1118 606 1309 654 possunt
1339 610 1418 655 per
1443 595 1605 654 seipsa,
1638 605 1819 654 oportet
1849 610 1904 640 ea
1935 595 2135 641 ordinari

176 661 231 704 ad
258 661 335 705 illa
362 676 477 719 quae
503 661 641 704 finem
670 654 1025 720 consequuntur,
1051 661 1169 720 quae
1192 672 1378 721 propter
1400 677 1447 707 se
1470 662 1736 706 ordinantur
1760 664 1807 706 in
1831 661 1996 717 finem;
2017 663 2134 708 sicut

174 727 275 771 finis
302 728 521 770 exercitus
550 738 618 771 est
642 727 847 780 victoria,
875 741 1014 786 quam
1041 727 1210 773 milites
1238 739 1580 788 consequuntur
1605 743 1686 787 per
1710 729 1947 788 proprium
1979 739 2132 774 actum

174 792 435 851 pugnando,
463 792 540 850 qui
566 792 653 836 soli
678 803 863 851 propter
889 808 938 838 se
964 794 1010 837 in
1038 794 1239 838 exercitu
1265 805 1564 854 quaeruntur3
1592 808 1754 839 omnes
1786 804 1940 840 autem
1965 794 2045 840 alii
2077 793 2133 838 ad

176 859 263 902 alia
290 858 439 902 officia
466 859 681 918 deputati,
708 870 815 918 puta
843 859 898 903 ad
919 861 1243 906 custodiendos
1260 876 1417 920 equos,
1437 861 1491 905 ad
1510 860 1760 920 parandum
1788 875 1931 917 arma,
1950 871 2134 920 propter

175 925 341 969 milites
367 925 412 968 in
440 925 637 969 exercitu
665 936 954 984 quaeruntur.
985 928 1179 972 Constat
1205 939 1358 972 autem
1385 943 1438 972 ex
1464 927 1724 987 praemissis
1749 927 1889 972 finem
1914 927 2128 973 ultimum

174 992 371 1035 universi
395 992 549 1035 Deum
584 1007 697 1046 esse,
731 1007 868 1051 quem
904 993 1005 1038 sola
1029 994 1347 1039 intellectualis
1380 1005 1539 1039 natura
1573 997 1863 1054 consequitur
1889 997 1934 1039 in
1966 995 2133 1054 seipso,

176 1073 281 1102 eum
308 1058 483 1102 scilicet
509 1061 833 1117 cognoscendo
861 1070 907 1103 et
932 1061 1146 1115 amando,
1172 1071 1221 1105 ut
1247 1076 1302 1106 ex
1328 1061 1459 1105 dictis
1486 1063 1547 1120 (c.
1574 1062 1667 1119 25.)
1694 1071 1831 1120 patet.
1859 1060 1968 1106 Sola
1995 1062 2130 1121 igitur

179 1124 497 1168 intellectualis
523 1136 683 1170 natura
710 1136 778 1171 est
807 1136 990 1186 propter
1022 1141 1070 1171 se
1103 1130 1307 1187 quaesita
1338 1128 1383 1172 in
1416 1129 1644 1182 universo,
1672 1127 1760 1172 alia
1787 1134 1942 1173 autem
1973 1127 2130 1175 omnia

179 1201 363 1250 propter
387 1191 550 1250 ipsam.

262 1259 401 1302 Item:
436 1260 481 1302 in
510 1259 714 1318 quolibet
739 1269 838 1304 toto
861 1270 1011 1320 partes
1037 1261 1309 1321 principales
1336 1271 1521 1321 propter
1546 1275 1593 1306 se
1620 1261 1860 1320 exiguntur
1886 1261 1943 1305 ad
1970 1260 2150 1325 consti--

173 1325 400 1370 tutionem
424 1326 578 1380 totius,
605 1325 720 1370 aliae
747 1342 856 1371 vero
874 1328 931 1371 ad
950 1328 1360 1382 conservationem,
1378 1328 1451 1372 vel
1468 1328 1523 1372 ad
1547 1327 1745 1386 aliquam
1765 1327 2132 1373 meliorationem

175 1407 345 1436 earum.
373 1393 495 1436 Inter
521 1407 684 1438 omnes
710 1404 864 1438 autem
890 1405 1040 1453 partes
1064 1395 1263 1439 universi
1279 1395 1529 1439 nobiliores
1551 1404 1656 1439 sunt
1671 1394 2000 1440 intellectuales
2017 1408 2138 1440 crea·

172 1470 314 1515 turae,
341 1461 446 1519 quia
478 1461 624 1519 magis
662 1461 718 1504 ad
750 1461 1094 1506 similitudinem
1127 1462 1329 1506 divinam
1367 1463 1603 1507 accedunt.
1638 1462 1840 1506 Naturae
1873 1475 1984 1521 ergo
2009 1461 2138 1522 intel-

173 1527 390 1571 lectuales
416 1537 521 1571 sunt
545 1543 625 1587 per
650 1542 698 1573 se
725 1529 781 1572 ad
807 1529 1010 1573 divinam
1042 1529 1378 1587 providentiam
1410 1538 1694 1588 procuratae,
1721 1528 1809 1572 alia
1833 1542 1944 1573 vero
1970 1529 2130 1574 omnia

172 1604 355 1652 propter
380 1609 514 1653 ipsas.

254 1661 520 1707 Praeterea:
553 1660 849 1706 manifestum
873 1672 940 1706 est
965 1671 1114 1721 partes
1132 1677 1294 1707 omnes
1313 1662 1513 1707 ordinari
1532 1662 1587 1706 ad
1614 1661 2135 1721 perfectionem,totius;
2206 1721 2212 1723 ξ

171 1741 265 1771 non
293 1729 415 1772 enim
442 1738 510 1771 est
534 1738 681 1772 totum
716 1739 900 1787 propter
926 1739 1088 1788 partes,
1122 1730 1202 1774 sed
1228 1739 1377 1788 partes
1403 1738 1589 1788 propter
1614 1738 1762 1773 totum
1789 1738 1904 1774 sunt.
1928 1728 2131 1774 Naturae

172 1804 324 1838 autem
350 1793 680 1839 intellectuales
708 1797 931 1853 majorem
964 1796 1134 1840 habent
1165 1795 1432 1840 affinitatem
1465 1795 1520 1839 ad
1551 1805 1700 1839 totum
1733 1809 1872 1854 quam
1903 1794 2020 1840 aliae
2050 1809 2128 1840 na-

171 1871 326 1915 turae;
353 1875 459 1904 nam
487 1875 785 1920 unaquaeque
811 1861 1129 1907 intellectualis
1156 1863 1404 1906 substantia
1431 1872 1500 1906 est
1521 1862 1867 1921 quodammodo
1893 1862 2132 1916 omnia‚in

172 1938 394 1985 quantum
420 1929 558 1971 totius
586 1930 700 1972 entis
728 1929 1106 1987 comprehensiva
1132 1939 1200 1973 est
1224 1944 1308 1974 suo
1331 1929 1588 1983 intellectu;
1614 1928 1843 1987 quaelibet
1867 1938 2021 1973 autem
2044 1928 2131 1974 alia

171 1994 421 2038 substantia
454 1994 775 2053 particularem
817 1994 965 2039 solam
1007 1996 1122 2040 entis
1162 1997 1557 2055 participationem
1599 1996 1748 2040 habet.
1793 1995 2133 2046 Convenienter

169 2061 306 2119 igitur
333 2060 421 2104 alia
447 2071 631 2119 propter
657 2062 929 2106 substantias
955 2062 1286 2107 intellectuales
1313 2063 1606 2122 providentur
1633 2077 1658 2106 a
1683 2062 1803 2108 Deo,

258 2127 448 2171 Adhuc:
476 2130 592 2172 sicut
613 2129 760 2187 agitur
776 2129 1135 2188 unumquodque
1153 2144 1286 2174 cursu
1303 2135 1505 2184 naturae,
1523 2130 1586 2174 ita
1601 2139 1760 2174 natum
1773 2138 1841 2174 est
1851 2128 1939 2188 agi.
1963 2128 2040 2174 Sic
2059 2143 2135 2174 au-

168 2204 263 2239 tem
289 2194 498 2238 videmus
514 2209 586 2239 res
600 2210 733 2240 cursu
745 2206 932 2240 naturae
951 2210 1144 2250 currere,
1163 2197 1285 2255 quod
1302 2197 1550 2240 substantia
1576 2195 1896 2240 intellectualis
1918 2196 2133 2241 omnibus

169 2261 266 2305 aliis
290 2261 427 2305 utitur
452 2270 636 2320 propter
661 2276 732 2306 se:
760 2262 834 2307 vel
861 2264 916 2306 ad
943 2262 1199 2308 intellectus
1225 2262 1568 2322 perfectionem,
1593 2263 1698 2322 quia
1725 2263 1773 2307 in
1802 2263 1866 2307 eis
1894 2263 2133 2308 veritatem

169 2327 441 2387 speculatur,
455 2328 527 2372 vel
546 2329 601 2372 ad
614 2343 722 2374 suae
740 2329 917 2374 virtutis
936 2331 1276 2374 exsecutionem
1295 2341 1339 2374 et
1355 2331 1573 2374 scientiae
1592 2330 1944 2388 explicationem
1963 2330 2019 2375 ad
2037 2344 2134 2375 mo-

170 2395 278 2437 dum
305 2409 396 2453 quo
426 2394 582 2439 artifex
609 2395 804 2455 explicat
829 2397 936 2441 artis
963 2411 1072 2441 suae
1106 2398 1459 2457 conceptionem
1484 2397 1532 2441 in
1565 2398 1756 2441 materia
1778 2397 2027 2457 corporali;
2058 2396 2132 2442 vel

170 2462 310 2505 etiarn
338 2462 392 2505 ad
421 2463 625 2521 corporis
644 2464 1038 2519 sustentationem,
1057 2464 1180 2523 quod
1199 2474 1265 2509 est
1283 2465 1460 2508 unitum
1483 2463 1663 2508 animae
1682 2463 1990 2518 intellectuali,
2013 2464 2130 2508 sicut

168 2528 216 2571 in
242 2528 505 2572 hominibus
531 2539 666 2588 patet.
693 2529 987 2574 Manifestum
1022 2542 1090 2575 est
1123 2546 1232 2590 ergo
1271 2532 1393 2590 quod
1420 2540 1604 2615 propter
1629 2531 1900 2575 substantias
1933 2530 2134 2594 intellec-

168 2595 313 2639 tuales
340 2596 494 2640 omnia
522 2596 609 2640 alia
635 2597 847 2641 divinitus
875 2598 1182 2656 providentur.

257 2662 490 2721 Amplius:
525 2663 647 2722 quod
682 2663 842 2722 aliquis
875 2674 1060 2723 propter
1093 2679 1140 2709 se
1181 2665 1376 2724 quaerit,
1410 2678 1591 2723 semper
1625 2664 1736 2708 illud
1774 2665 1972 2724 quaerit;
2008 2664 2131 2725 quod

170 2729 293 2772 enim
326 2740 511 2788 propter
542 2744 590 2774 se
623 2741 704 2784 est,
737 2745 919 2790 semper
953 2741 1039 2775 est:
1075 2732 1197 2790 quod
1229 2745 1339 2776 vero
1374 2731 1535 2790 aliquis
1568 2742 1751 2791 propter
1783 2731 1905 2776 aliud
1940 2731 2130 2792 quaerit,

168 2809 262 2839 non
296 2806 474 2854 oportet
507 2797 628 2855 quod
667 2811 849 2855 semper
879 2798 992 2842 illud
1033 2808 1234 2857 quaerat,
1271 2798 1351 2843 sed
1394 2799 1646 2842 secundum
1683 2799 1806 2857 quod
1834 2798 2056 2857 competit
2087 2799 2135 2844 ei

151 2873 353 2921 propter
379 2864 501 2922 quod
534 2864 777 2922 quaeritur.
805 2864 918 2908 Esse
945 2875 1097 2909 autem
1126 2879 1277 2909 rerum
1305 2879 1358 2909 ex
1392 2865 1543 2909 divina
1569 2864 1804 2910 voluntate
1830 2865 2056 2924 profluxit,
2081 2873 2137 2910 ut,

170 2943 223 2972 ex
244 2930 550 2988 superioribus
578 2931 700 2988 (Lib.
727 2931 783 2974 ΙΙ.
812 2945 850 2974 c.
879 2932 972 2990 23.)
1001 2942 1069 2976 est
1095 2932 1401 2976 manifestum.
1431 2933 1567 2985 Quae
1593 2932 1729 2990 igitur
1754 2946 1935 2991 semper
1959 2941 2063 2977 sunt
2082 2931 2130 2977 in

169 2995 360 3049 entibus,
387 3007 489 3041 sunt
512 3006 696 3056 propter
718 3012 765 3041 se
794 3012 819 3041 a
836 2998 940 3042 Deo
966 2998 1133 3054 volita;
1162 3013 1278 3058 quae
1305 3009 1457 3043 autem
1490 3013 1584 3043 non
1611 3013 1805 3058 semper,
1831 3013 1925 3043 non
1946 3008 2131 3059 propter

169 3076 231 3116 se,
258 3064 335 3107 sed
356 3075 537 3123 propter
556 3064 691 3108 aliud.
712 3065 1000 3110 Substantiae
1020 3076 1171 3110 autem
1191 3065 1520 3110 intellectuales
1542 3065 1909 3125 incorruptibiles
1929 3066 2128 3112 maxime

168 3130 391 3174 accedunt
418 3132 473 3175 ad
499 3132 589 3175 hoc
617 3132 739 3191 quod
757 3133 846 3177 sint
870 3147 1064 3192 semper,
1082 3134 1188 3192 quia
1205 3144 1309 3178 sunt
1326 3133 1713 3192 incorruptibiles;
1736 3148 1831 3178 non
1852 3143 1956 3179 sunt
1976 3143 2131 3185 autem

168 3197 408 3241 mutabiles
434 3199 520 3242 nisi
547 3199 799 3243 secundum
827 3200 1118 3245 electionem
1145 3200 1268 3258 Ergo
1302 3201 1579 3245 substantiae
1612 3199 1944 3246 intellectuales
1969 3200 2135 3260 διιδεῖν

168 3274 330 3307 nantur
362 3276 546 3323 propter
578 3280 640 3320 se,
667 3265 783 3310 aliae
809 3280 919 3310 vero
953 3277 1137 3326 propter
1162 3267 2127 3326 ipsas.

257 3331 364 3374 Non
391 3342 458 3376 est
484 3342 636 3376 autem
664 3333 706 3377 ei
739 3333 860 3391 quod
894 3334 1154 3392 praemissis
1186 3334 1437 3379 rationibus
1470 3344 1537 3378 est
1569 3344 1805 3379 ostensum
1832 3333 2127 3389 contrarium,

170 3397 290 3455 quod
318 3412 478 3442 omnes
506 3409 655 3456 partes
688 3400 887 3444 universi
920 3400 975 3444 ad
998 3399 1326 3459 perfectionem
1352 3401 1490 3445 totius
1514 3401 1791 3446 ordinantur.
1818 3400 1896 3446 Sic
1921 3399 2045 3447 enim
2067 3399 2124 3445 ad

171 3463 493 3522 perfectionem
521 3467 659 3510 totius
687 3481 849 3511 omnes
877 3477 1027 3526 partes
1053 3467 1333 3521 ordinantur,
1351 3468 1397 3511 in
1420 3478 1640 3527 quantum
1658 3482 1747 3513 una
1766 3467 1960 3513 deservit
1976 3465 2124 3522 alteri,

170 3530 284 3573 sicut
310 3531 354 3574 in
383 3546 573 3590 corpore
596 3533 801 3577 humano
831 3544 1016 3593 apparet
1038 3534 1160 3593 quod
1183 3534 1342 3594 pulmo
1364 3535 1411 3578 in
1436 3535 1527 3580 hoc
1556 3545 1623 3580 est
1649 3536 1704 3580 de
1731 3534 2012 3594 perfectione
2030 3546 2127 3579 cor-

170 3596 290 3655 poris
320 3599 440 3655 quod
468 3599 662 3644 deservit
688 3600 830 3646 cordi.
854 3601 988 3646 Unde
1014 3615 1108 3646 non
1132 3611 1200 3646 est
1225 3602 1504 3647 contrarium
1526 3601 1794 3661 pulmonem
1822 3614 1920 3647 esse
1944 3609 2126 3661 propter
