2332 3854
748 253 902 293 LIBER
940 253 1014 293 IV.
1054 253 1174 292 CAP.
1215 252 1362 291 XXIV.
1930 251 2034 306 597

0 346 23 413 ξὲ
170 355 315 400 Item:
342 354 383 399 si
405 353 504 414 quis
523 354 723 399 diversas
740 355 915 414 species
930 367 1084 399 rerum
1102 354 1373 408 consideret,
1389 351 1439 397 in
1459 352 1524 397 eis
1545 352 1732 412 quidam
1758 352 1872 398 ordo
1891 362 2038 397 osten-

0 419 31 501 ἰ»
82 420 216 476 ditur,
240 430 376 481 prout
398 420 597 465 viventia
622 431 727 465 sunt
751 435 887 479 supra
912 435 1006 466 non
1032 421 1245 475 viventia,
1278 430 1323 465 et
1354 419 1570 465 animalia
1601 433 1736 478 supra
1768 419 1961 477 plantas,
1993 427 2038 463 et

82 488 227 540 horno
254 501 391 547 super
413 486 503 531 alia
521 486 750 541 animalia,
768 502 908 547 quum
925 488 971 532 in
990 487 1179 546 singulis
1200 488 1368 532 horum
1386 487 1551 530 diversi
1568 488 1734 544 gradus
1750 486 2037 530 inveniantur

81 554 334 599 secundum
360 554 560 598 diversas
585 554 785 612 species;
812 554 930 598 unde
958 565 1001 598 et
1026 554 1158 598 Plato
1184 555 1358 613 species
1379 567 1531 598 rerum
1557 553 1665 597 dixit
1687 565 1786 598 esse
1803 565 2035 605 numeros,

0 632 10 676 fi
83 619 164 680 qni
192 619 342 679 specie
376 620 607 664 variantur
640 634 720 678 per
756 621 1035 664 additionem
1072 620 1145 664 vel
1182 620 1539 665 subtractionem
1575 620 1773 664 unitatis.
1807 618 1956 672 Unde,
1988 619 2035 663 in

0 696 7 741 ζ
27 723 30 726 .
81 685 340 732 substantiis
365 686 754 740 immaterialibus,
776 700 870 730 non
893 697 1042 745 potest
1064 701 1162 730 esse
1181 686 1408 730 distinctio
1428 686 1514 730 nisi
1532 687 1782 730 secundum
1809 685 2034 742 ordinem.

80 753 135 798 In
159 751 321 797 divinis
348 763 500 797 autem
526 753 746 812 personis,
773 767 887 811 quae
914 763 1018 797 sunt
1043 754 1233 797 omnino
1260 752 1601 806 immateriales,
1633 766 1726 806 non
1758 762 1915 812 potest
1935 763 2034 798 esse

0 815 18 875 ἶ
81 818 197 864 alius
221 819 334 863 ordo
365 819 454 863 nisi
478 819 680 878 originis.
707 819 814 863 Non
840 820 976 878 igitur
1001 829 1105 863 sunt
1131 819 1246 863 duae
1273 833 1494 876 personae
1522 820 1575 863 ab
1603 833 1693 863 una
1719 820 2034 878 procedenteS,

78 885 167 931 nisi
192 899 282 929 una
308 899 464 930 earum
491 885 708 944 procedat
734 885 786 929 ab
815 885 979 940 altera;
1007 896 1052 930 et
1077 886 1140 930 sic
1174 896 1356 945 oportet
1387 886 1604 944 Spiritum
1630 886 1852 930 Sanctum
1878 898 2036 946 proce-

80 951 186 997 dere
213 965 237 996 a
263 950 394 996 Filio.
1491 998 1494 999 γ

47 1016 53 1023 “
97 1048 126 1061 2
165 1018 356 1063 Adhuc:
383 1019 517 1063 Pater
549 1028 594 1063 et
628 1018 783 1073 Filius,
817 1029 1037 1078 quantum
1074 1019 1130 1063 ad
1167 1019 1386 1063 unitatem
1420 1019 1655 1072 essentiae,
1693 1032 1788 1063 non
1820 1017 2033 1063 differunt

76 1082 167 1131 nisi
188 1084 236 1128 in
260 1084 350 1129 hoc
377 1085 499 1143 quod
525 1084 599 1129 hic
628 1095 695 1129 est
725 1095 853 1144 pater
879 1095 923 1129 et
947 1085 1021 1129 hic
1050 1094 1116 1129 est
1142 1084 1272 1129 filius.
1303 1084 1538 1144 Quidquid
1565 1086 1702 1144 igitur
1732 1086 1909 1143 praeter
1939 1085 2031 1129 hoc

77 1160 161 1205 est,
187 1155 433 1196 commune
459 1161 526 1195 est
551 1151 672 1195 Patri
699 1161 745 1196 et
767 1151 897 1196 Filio.
925 1151 1034 1196 Esse
1062 1161 1214 1195 autern
1247 1152 1519 1211 principium
1557 1151 1750 1211 Spiritus
1778 1151 1936 1196 Sancti
1966 1151 2035 1196 est

75 1226 253 1278 praeter
276 1217 501 1262 rationem
528 1218 806 1277 paternitatis
834 1228 877 1262 et
902 1218 1158 1272 filiationis3
1184 1232 1293 1262 narn
1321 1217 1409 1262 alia
1433 1217 1593 1262 relatio
1621 1228 1689 1262 est
1709 1232 1797 1276 qua
1814 1217 1948 1262 Pater
1966 1227 2035 1262 est

75 1287 218 1343 pitter,
242 1290 287 1329 et
311 1291 400 1344 qua
425 1284 562 1333 Pater
583 1295 652 1329 est
673 1285 945 1344 principium
974 1285 1165 1344 Spiritus
1185 1285 1355 1338 Sancti,
1387 1294 1436 1328 ut
1461 1298 1595 1344 supra
1617 1285 1790 1329 dictum
1817 1294 1897 1329 est.
1921 1284 2031 1331 Esse

74 1350 218 1411 igitur
232 1350 509 1411 principium
535 1350 726 1410 Spiritus
753 1351 909 1395 Sancti
933 1359 999 1395 est
1031 1365 1279 1395 commune
1305 1351 1428 1395 Patri
1454 1360 1499 1395 et
1523 1351 1653 1395 Filio.

95 1424 128 1464 2?
161 1415 399 1476 Amplius:
428 1416 644 1476 quidquid
670 1425 766 1461 non
793 1426 861 1462 est
886 1427 1045 1461 contra
1071 1417 1298 1461 rationem
1325 1417 1513 1476 alicujus
1538 1431 1632 1461 non
1656 1427 1724 1462 est
1748 1416 2030 1477 impossibile

77 1482 130 1529 di·
145 1483 405 1537 convenire,
429 1483 517 1527 nisi
545 1483 662 1528 forte
687 1498 767 1543 per
793 1483 1018 1527 accidens.
1046 1483 1156 1528 Esse
1183 1494 1335 1528 autem
1361 1484 1634 1543 principium
1659 1485 1851 1544 Spiritus
1874 1484 2032 1528 Sancti

75 1562 172 1594 non
197 1559 269 1595 est
289 1559 447 1595 contra
466 1549 691 1594 rationem
718 1549 834 1604 Filii,
859 1562 1013 1608 neque
1034 1550 1080 1593 in
1107 1561 1326 1608 quantum
1361 1560 1429 1594 est
1460 1551 1600 1605 Deus,
1632 1552 1738 1609 quia
1770 1551 1919 1605 Pater,
1951 1551 2030 1610 qui

76 1626 145 1662 est
168 1617 309 1670 Deus,
332 1626 399 1661 est
422 1616 693 1675 principium
718 1616 909 1675 Spiritus
928 1617 1098 1671 Sancti,
1115 1630 1263 1674 neque
1288 1617 1334 1660 in
1353 1628 1571 1676 quantum
1591 1627 1662 1661 est·
1672 1617 1807 1671 filius,
1825 1629 1881 1662 eo
1906 1617 2031 1676 quod

76 1682 165 1729 alia
190 1692 259 1727 est
282 1683 514 1743 processio
548 1683 739 1742 Spiritus
767 1682 923 1727 Sancti
948 1692 993 1727 et
1018 1683 1106 1726 alia
1132 1683 1257 1736 Filii3
1283 1697 1376 1727 non
1415 1693 1485 1727 est
1519 1694 1671 1728 autem
1698 1697 1956 1743 repugnans
1982 1683 2028 1727 id

4 1786 25 1809 ,3
74 1749 198 1809 quod
223 1758 291 1808 est
317 1763 343 1793 a
367 1749 591 1808 principio
618 1749 868 1793 secundum
890 1764 1028 1793 unam
1056 1750 1413 1808 processionem,
1441 1764 1539 1794 esse
1561 1751 1832 1809 principium
1850 1764 2030 1810 proces-

5 1811 29 1871 .ss
77 1816 218 1861 sionis
243 1815 439 1861 alterius.
465 1815 752 1874 Relinquitur
777 1816 913 1874 igitur
944 1816 1066 1874 quod
1088 1830 1182 1859 non
1210 1817 1266 1859 sit
1289 1816 1571 1874 impoSsibile
1597 1817 1763 1860 Filium
1790 1830 1888 1861 esse
1914 1817 2032 1875 prin·

19 1906 26 1938 γ,
76 1882 246 1942 cipium
273 1882 464 1942 Spiritus
488 1881 657 1926 Sancti.
687 1881 827 1934 Quod
855 1891 1008 1944 autem
1034 1896 1126 1926 non
1155 1892 1223 1926 est
1243 1882 1542 1940 impossibile,
1569 1893 1719 1941 potest
1745 1897 1856 1927 esse.
1884 1883 1935 1927 In
1968 1884 2030 1927 di-

22 1959 23 1962 ’
73 1948 191 1995 vinis
221 1951 379 1994 autem
407 1961 503 1993 non
535 1947 683 1993 differt
714 1953 812 1994 esse
844 1957 889 1993 et
919 1962 1068 2008 posse.
1099 1948 1221 2008 Ergo
1253 1948 1393 1994 Filius
1426 1952 1494 1994 est
1523 1950 1796 2009 principium
1835 1949 2028 2009 Spiritus

3 2044 12 2064 1,
76 2014 249 2061 Sancti.

807 2170 1062 2227 CAPUT
1097 2171 1277 2227 XXV.

551 2297 822 2346 RATtoNEs
856 2297 1182 2338 OSTENDERB
1213 2299 1542 2339 VOLENTIUM

301 2371 459 2418 QUOD
501 2372 742 2410 SPIRITUS
784 2373 1029 2411 SANCTUS
1069 2374 1187 2412 NON
1226 2373 1521 2412 PROCEDAT
1562 2374 1595 2412 A
1636 2372 1784 2412 F1L10

724 2438 796 2485 ΕΤ
837 2439 1081 2485 somno
1121 2447 1372 2486 IPSARUM.

12 2591 25 2609 ἵ,
162 2552 365 2610 Quidam
385 2568 510 2608 vero,
536 2555 821 2613 pertinaciter
854 2555 1031 2600 veritati
1053 2556 1259 2600 resistere
1284 2556 1508 2610 volentes,
1532 2556 1758 2614 quaedam
1784 2557 1830 2601 in
1853 2567 2026 2602 contra-

70 2619 188 2664 rium
212 2619 447 2676 inducunt,
473 2635 589 2680 quae
609 2620 684 2665 vi'x
709 2622 1008 2680 responsione
1034 2632 1138 2667 sunt
1158 2622 1310 2681 digna.

160 2686 333 2731 Dicunt
357 2686 478 2732 enim
506 2687 627 2747 quod
644 2687 888 2742 Dominus,
912 2689 966 2733 de
989 2690 1284 2747 processione
1304 2689 1495 2747 Spiritus
1515 2689 1671 2733 Sancti
1691 2689 1899 2749 loquens,
1918 2704 2025 2735 eum

14 2763 45 2817 ᾗ,
69 2752 239 2799 aPatre
256 2752 502 2813 precedere
520 2754 642 2809 dixit,
659 2754 784 2798 nulla
802 2755 1035 2799 mentione
1050 2755 1169 2800 facta
1187 2756 1242 2800 de
1259 2755 1390 2810 Filio,
1406 2766 1455 2799 ut
1471 2765 1594 2814 patet
1606 2757 1792 2817 (Joann.
1810 2757 1912 2812 XV,
1930 2757 2023 2816 26.)

69 2819 148 2864 ubi
171 2818 363 2864 dicitur:
391 2821 535 2877 Quum
566 2823 726 2866 venerit
748 2821 1008 2880 Paraclytus,
1033 2836 1151 2880 quem
1177 2835 1247 2879 ego
1274 2823 1438 2866 mittam
1459 2824 1577 2867 vobis
1599 2836 1625 2866 a
1657 2824 1800 2878 Patre,
1826 2825 2024 2884 spiritum

28 2885 47 2938 'J
68 2884 274 2941 ueritatis,
300 2888 374 2945 qui
393 2901 420 2931 a
444 2887 569 2932 Patre
595 2887 795 2947 procedit.
830 2887 978 2942 Unde,
1006 2902 1146 2946 quum
1174 2888 1229 2932 de
1256 2888 1359 2932 Deo
1385 2888 1500 2931 nihil
1536 2889 1594 2933 sit
1624 2890 1909 2934 sentiendum
1937 2891 2026 2935 nisi

29 2952 199 3012 φιᾳά·
223 2952 455 3013 Scriptura
493 2953 643 3008 tradit,
674 2967 767 2998 non
803 2964 871 2998 est
902 2953 1161 3007 dicendum,
1196 2954 1318 3013 quod
1358 2953 1551 3013 Spiritus
1589 2955 1784 3000 Sanctus
1806 2957 2026 3015 procedat

0 3020 54 3065 {j
71 3031 98 3062 a
127 3018 260 3063 Filio.

32 3084 56 3127 ’ἃ
159 3084 251 3130 Sed
280 3085 373 3130 hoc
405 3086 596 3131 omnino
626 3085 842 3131 frivolum
876 3095 955 3139 est.
988 3086 1125 3140 Nam,
1159 3096 1343 3145 propter
1374 3087 1594 3131 unitatem
1628 3088 1871 3143 essentiae,
1900 3090 2023 3156 quod

38 3149 116 3195 ‘in
148 3150 389 3211 Scripturis
417 3151 474 3196 de
505 3166 596 3196 una
620 3166 817 3230 persona
843 3153 1006 3197 dicitur
1032 3162 1076 3197 et
1108 3152 1163 3196 de
1198 3153 1285 3196 alia
1323 3163 1503 3212 oportet
1535 3154 1742 3213 intelligi,
1777 3155 1865 3199 nisi
1898 3170 2024 3215 repu-

50 3246 52 3277 3
70 3214 180 3276 επεὶ
202 3215 472 3277 proprietati
485 3219 740 3277 personali*
729 3219 882 3277 ipsius,
901 3219 1079 3263 etiamsi
1097 3219 1234 3263 dictio
1252 3218 1479 3263 exclusiva
1499 3220 1882 3275 adderetur31icet
1898 3222 2022 3266 enirn

32 3317 53 3341 4
70 3280 246 3328 ditatur
267 3285 449 3342 (Matth.
471 3285 550 3329 XI.
579 3287 670 3344 27.)
696 3286 819 3344 quod
844 3301 962 3330 nemo
989 3290 1111 3331 novit
1134 3286 1309 3341 Filium,
1333 3289 1416 3332 nisi
1438 3288 1579 3342 Pater,
1600 3302 1694 3332 non
1720 3297 1874 3333 tamen
1902 3304 1926 3333 a
1950 3304 2024 3335 co·

0 3385 1 3388 ι
26 3360 52 3409 »ᾗ
72 3346 275 3411 §uitione
305 3348 406 3395 Filii
434 3351 509 3396 vel
538 3353 634 3412 ipse
666 3352 804 3396 Filius
829 3352 902 3397 vel
931 3353 1122 3411 Spiritus
1151 3353 1344 3397 Sanctus
1371 3353 1636 3398 excluditur.
1665 3344 1816 3408 Unde,
1843 3355 2028 3401 etiamsi

0 3418 3 3474 ξ
29 3418 330 3494 diceretur
318 3433 366 3463 in·
390 3418 643 3483 Evangelio
669 3420 790 3478 quod
819 3418 1011 3479 Spiritus
1035 3420 1228 3464 Sanctus
1246 3433 1339 3463 non
1367 3421 1572 3480 procedit
1596 3421 1682 3465 nisi
1706 3435 1731 3464 a
1753 3421 1902 3476 Patre,
1924 3436 2020 3467 non

0 3481 2 3515 ἰ
46 3490 151 3544 [per
173 3485 266 3530 h'oc
289 3494 600 3530 removeretur
620 3486 729 3545 quin
755 3486 1020 3545 procederet
1049 3500 1073 3529 a
1100 3486 1231 3539 Filio,
1258 3499 1399 3545 quum
1418 3486 1509 3530 hoc
1528 3487 1790 3546 proprietati
1808 3457 1919 3531 Filii
1925 3501 2021 3532 non

0 3601 3 3614 ,
48 3549 304 3611 repugnet,
329 3561 380 3596 ut
404 3546 637 3596 ostensum
663 3563 731 3596 est
759 3552 823 3610 (c
847 3553 1033 3611 praec..)
1059 3551 1157 3596 Nec
1186 3563 1253 3596 est
1278 3552 1445 3596 mirum
1472 3553 1509 3596 si
1539 3553 1768 3597 Dominus
1802 3553 2029 3614 Spiritum

0 3658 2 3695 ᾗ
48 3614 330 3662 astinetum»
309 3643 335 3662 a
356 3617 489 3663 Patre
506 3615 752 3698 procedere
770 3618 892 3673 dixit,
915 3616 970 3662 de
989 3632 1036 3663 se
1058 3619 1291 3662 mentione
1307 3628 1401 3663 non
1419 3617 1553 3673 facta,
1572 3620 1676 3678 quia
1693 3621 1849 3664 omnia
1866 3620 1921 3664 ad
1940 3620 2023 3665 Pa·
