2332 3854
343 262 444 316 150
1024 263 1178 301 LIBER
1218 261 1273 300 11.
1318 263 1439 302 CAP.
1483 263 1611 302 xxx.

336 364 483 408 hilum
524 364 712 411 tendere
749 379 841 425 quo
883 375 988 410 sunt
1024 379 1078 410 ex
1110 365 1281 411 nihilo:
1314 363 1437 425 quod
1470 366 1654 426 quidem
1686 380 1781 411 non
1813 375 1894 421 est,
1925 365 2014 411 nisi
2040 363 2296 412 'secundum

337 434 590 492 potentiam
618 434 807 491 agentis.
837 433 913 477 Sic
939 433 1076 491 igitur
1101 433 1148 476 in
1169 432 1302 477 rebus
1326 434 1488 478 creatis
1513 447 1609 478 non
1629 433 1746 478 inest
1770 433 1974 493 potentia
1992 433 2048 478 ad
2068 447 2164 478 nou
2185 447 2298 493 esse,

337 499 416 544 sed
443 502 488 543 in
516 500 736 544 Creatore
771 500 889 544 inest
913 499 1118 558 potentia
1143 509 1192 543 ut
1218 500 1284 544 eis
1311 500 1386 544 det
1421 515 1535 556 esse,
1561 500 1636 545 vel
1671 501 1736 546 eis
1772 501 1948 545 desinat
1973 514 2071 546 esse
2095 499 2299 555 influere,

339 581 446 611 cum
471 581 565 611 non
594 583 648 612 ex
674 567 943 612 necessitate
969 576 1159 611 naturae
1182 575 1287 626 agat
1313 567 1369 612 ad
1395 582 1548 613 rerum
1574 568 1944 627 productionem,
1968 568 2054 612 sed
2067 581 2124 612 ex
2142 567 2301 613 volun·

339 643 446 687 tate,
471 643 519 678 ut
546 635 605 691 (c.
635 636 726 692 23.)
755 644 990 678 ostensum
1017 643 1096 679 est.
2188 662 2191 663 ν

427 701 568 745 Item:
597 716 651 744 ex
678 715 768 759 quo
796 715 866 744 res
894 711 1088 755 creatae,
1117 715 1172 745 ex
1198 701 1350 746 divina
1375 702 1612 748 voluntate
1643 703 1690 746 in
1724 717 1823 748 esse
1855 703 2096 761 prodeunt,
2110 710 2301 762 oportet

340 783 417 813 eas
443 769 556 812 tales
584 783 696 822 esse,
724 768 880 827 quales
907 769 1034 813 Deus
1071 783 1147 813 eas
1186 783 1285 814 esse
1321 770 1480 816 voluit.
1514 772 1603 815 Per
1633 771 1724 814 hoc
1767 779 1923 814 autem
1962 770 2087 829 quod
2111 768 2300 823 dicitur,

339 836 493 880 Deum
527 836 791 893 produxisse
829 850 899 879 res
935 850 1015 894 per
1039 835 1340 891 voluntatem,
1376 850 1471 881 non
1513 853 1594 896 per
1631 839 1968 891 necessitatem,
1993 850 2091 881 non
2127 835 2303 880 tollitur

339 904 447 961 quin
480 903 676 946 voluerit
709 903 882 961 aliquas
908 918 979 947 res
1013 917 1112 948 esse
1138 918 1254 963 quae
1287 904 1343 948 de
1369 906 1640 950 necessitate
1667 906 1770 959 sint,
1792 914 1838 949 et
1870 903 2042 964 aliquas
2069 917 2187 963 quae
2212 903 2303 948 sint

338 972 669 1028 contingenter,
699 970 752 1013 ad
780 971 872 1014 hoc
899 971 1022 1029 quod
1048 971 1105 1015 sit
1130 971 1176 1014 in
1202 971 1335 1015 rebus
1362 972 1597 1016 diversitas
1631 972 1853 1016 ordinata.
1879 970 2008 1016 Nihil
2038 971 2177 1030 igitur
2202 983 2302 1030 pro-

336 1037 463 1080 hibet
485 1051 554 1081 res
583 1037 804 1096 quasdam
828 1038 981 1081 divina
1006 1037 1242 1082 voluntate
1268 1038 1513 1097 productas
1539 1041 1821 1083 necessarias
1848 1052 1961 1084 esse.

428 1104 618 1149 Adhuc:
648 1104 704 1147 ad
728 1105 927 1148 divinam
955 1104 1284 1164 perfectionem
1310 1106 1503 1163 pertinet
1529 1107 1652 1165 quod
1678 1107 1812 1150 rebus
1839 1105 2001 1150 creatis
2022 1118 2156 1150 suam
2181 1103 2302 1148 simi·

337 1171 578 1215 litudinem
610 1172 836 1226 indiderit,
868 1171 954 1216 nisi
981 1182 1201 1232 quantum
1235 1172 1291 1216 ad
1321 1171 1400 1216 illa
1432 1187 1549 1231 quae
1580 1182 1835 1232 repugnant
1870 1173 1926 1227 ei,
1953 1172 2077 1232 quod
2103 1181 2173 1216 est
2203 1183 2303 1215 esse

341 1248 568 1282 creatum:
603 1240 778 1298 agentis
805 1239 929 1284 enim
955 1236 1143 1299 perfecti
1165 1249 1232 1284 est
1258 1240 1511 1299 producere
1537 1240 1622 1284 sibi
1647 1239 1811 1294 simile,
1837 1249 2060 1299 quantum
2089 1236 2304 1298 possibile

337 1316 415 1350 est.
443 1306 553 1350 Esse
582 1316 734 1350 autem
761 1319 949 1351 necesse
990 1306 1257 1366 simpliciter
1282 1322 1377 1352 non
1414 1317 1638 1367 repugnat
1663 1307 1719 1350 ad
1751 1306 1980 1351 rationem
2006 1319 2108 1351 esse
2125 1305 2302 1351 creati:

338 1373 454 1417 nihil
481 1375 602 1417 enim
630 1374 843 1433 prohibet
868 1373 1039 1433 aliquid
1067 1387 1166 1418 esse
1192 1387 1394 1428 necesse,
1423 1375 1546 1434 quod
1571 1385 1727 1418 tamen
1753 1387 1863 1419 suae
1893 1372 2179 1418 necessitatis
2203 1385 2306 1417 cau-

341 1455 441 1485 sam
466 1441 619 1496 habet,
643 1442 760 1486 sicut
786 1441 1108 1486 conclusiones
1130 1442 1588 1487 demonstrationum.
1615 1441 1745 1487 Nihil
1774 1442 1912 1500 igitur
1940 1441 2155 1502 prohibet
2178 1453 2308 1500 quas-

340 1508 447 1552 dam
473 1523 546 1553 res
568 1509 632 1553 sic
661 1523 758 1553 esse
784 1509 1029 1568 productas
1063 1524 1089 1553 a
1110 1510 1212 1554 Deo
1240 1519 1289 1554 ut
1312 1520 1467 1555 tamen
1495 1524 1573 1555 eas
1600 1523 1699 1554 esse
1725 1510 1782 1554 sit
1806 1522 1995 1554 necesse
2014 1507 2304 1568 simpffliciter:

341 1576 487 1620 immo
514 1577 605 1621 hoc
633 1576 812 1620 divinae
839 1575 1109 1635 perfectioni
1136 1586 1385 1622 attestatur.

430 1642 668 1702 Amplius:
696 1653 867 1702 quanto
896 1644 1064 1703 aliquid
1091 1646 1238 1703 magis
1265 1645 1402 1689 distat
1428 1645 1481 1689 ab
1511 1659 1566 1690 eo
1595 1644 1717 1704 quod
1754 1654 1822 1690 est
1851 1658 1932 1704 per
1971 1642 2308 1704 seipsumssexsi-

344 1719 532 1764 stens,s
513 1710 687 1755 scilicet
712 1711 832 1766 Deo,
858 1720 986 1756 tanto
1014 1712 1160 1770 magis
1182 1714 1490 1771 propinquum
1518 1722 1585 1757 est
1618 1713 1673 1757 ad
1698 1726 1794 1756 non
1820 1725 1940 1758 esse.
1960 1720 2139 1772 quanto
2167 1709 2307 1771 igitur

344 1777 513 1837 aliquid
541 1788 609 1822 est
634 1779 932 1855 propinquius
969 1779 1088 1834 Deo,
1114 1789 1243 1824 tanto
1276 1780 1423 1839 magis
1450 1780 1622 1824 recedit
1659 1794 1685 1824 a
1720 1794 1815 1824 non
1842 1790 1955 1824 esse.
1984 1778 2119 1832 Quae
2150 1787 2305 1841 autem

340 1846 434 1903 iam
463 1855 579 1900 sunt,
606 1846 861 1905 propinqua
894 1856 998 1890 sunt
1025 1847 1079 1890 ad
1111 1860 1206 1890 non
1233 1861 1346 1900 esse,
1379 1862 1460 1906 per
1490 1848 1581 1892 hoc
1616 1846 1739 1906 quod
1763 1847 1934 1891 habent
1962 1845 2217 1906 potentiam
2249 1843 2307 1889 ad

338 1927 434 1957 non
461 1927 572 1957 esse.
602 1913 684 1957 Illa
715 1914 852 1971 igitur
879 1928 995 1973 quae
1022 1925 1126 1958 sunt
1150 1915 1253 1958 Deo
1280 1915 1678 1974 propinquissima,
1711 1924 1754 1959 et
1785 1929 1867 1974 per
1897 1915 1988 1959 hoc
2022 1928 2047 1958 a
2078 1926 2175 1958 non
2207 1924 2307 1957 esse

337 1981 660 2034 remotissima,
689 1980 796 2024 talia
823 1995 920 2025 esse
949 1991 1143 2040 oportet,
1172 1982 1227 2025 ad
1253 1982 1344 2025 hoc
1373 1982 1495 2041 quod
1531 1983 1587 2026 sit
1618 1997 1770 2026 rerum
1798 1982 1913 2027 ordo
1955 1979 2226 2040 completus,
2258 1989 2309 2024 ut

340 2048 387 2091 in
415 2049 477 2092 eis
503 2049 598 2091 tion
619 2048 682 2091 sit
706 2049 911 2107 potentia
934 2049 990 2092 ad
1016 2063 1111 2092 non
1134 2062 1257 2103 esse3
1284 2049 1391 2093 talia
1410 2059 1564 2094 autem
1587 2059 1692 2094 sunt
1705 2048 1965 2094 necessaria
1990 2046 2218 2102 absolut&
2240 2046 2306 2091 sic

337 2115 473 2174 igitur
498 2114 649 2174 aliqua
677 2125 829 2159 creata
856 2116 911 2160 de
939 2116 1210 2160 necessitate
1233 2116 1403 2161 habent
1429 2131 1544 2161 esse.

432 2182 682 2226 Sciendum
715 2191 781 2227 est
806 2183 974 2242 itaque,
1000 2184 1122 2242 quod
1151 2183 1188 2227 si
1219 2197 1372 2228 rerum
1396 2194 1652 2228 creatarum
1678 2183 1949 2229 universitas
1980 2151 2327 2238 consideretur,

339 2260 474 2308 prout
506 2260 610 2294 sunt
643 2265 667 2293 a
699 2251 848 2309 primo
881 2251 1120 2310 principio,
1153 2252 1445 2296 inveniuntur
1477 2252 1732 2311 dependere
1775 2266 1830 2296 ex
1858 2250 2095 2296 voluntate
2125 2263 2222 2294 non
2253 2263 2321 2311 exv

341 2317 612 2362 necessitate
639 2317 863 2376 principii,
898 2319 985 2362 nisi
1026 2333 1079 2362 ex
1111 2319 1382 2363 necessitate
1423 2319 1763 2379 suppositionis,
1797 2319 1914 2363 sicut
1949 2318 2124 2363 dictum
2147 2327 2228 2362 est.
2257 2316 2309 2362 81
2322 2328 2332 2348 ὲ·

340 2398 450 2429 vero
486 2395 809 2444 comparentur
846 2385 900 2428 ad
937 2386 1159 2444 principia
1196 2386 1418 2444 proxima,
1456 2386 1748 2431 inveniuntur
1778 2385 2100 2431 necessitatem
2137 2385 2306 2430 habere

342 2451 624 2497 absolutam:
651 2452 764 2496 nihil
792 2452 915 2496 enim
952 2453 1164 2511 prohibet
1199 2453 1351 2512 aliqua
1392 2453 1614 2512 principia
1655 2468 1809 2500 rerum
1839 2467 1936 2499 non
1961 2467 2017 2498 ex
2037 2451 2307 2506 ,necessitate

340 2520 557 2579 produci3
592 2520 754 2578 quibus
790 2530 946 2564 tamen
979 2521 1152 2578 positis,
1190 2521 1245 2564 de
1279 2521 1548 2566 necessitate
1583 2522 1786 2581 sequitur
1821 2521 1923 2566 talis
1949 2519 2158 2566 effectus:
2190 2519 2309 2567 sicut

339 2601 466 2631 mors
493 2586 703 2631 animalis
729 2587 862 2645 hujus
895 2588 1218 2632 necessitatem
1252 2587 1509 2632 absolutam
1540 2589 1678 2633 habet
1710 2597 1896 2648 propter
1926 2587 2032 2643 hoc,
2058 2585 2182 2647 quod
2211 2587 2307 2646 jam

342 2669 395 2699 ex
422 2654 659 2698 contrariis
696 2664 764 2699 est
798 2655 1131 2714 compositum:
1172 2656 1380 2714 quamvis
1414 2656 1565 2714 ipsum
1599 2670 1654 2700 ex
1691 2654 1931 2700 contrariis
1962 2653 2183 2720 componi
2211 2666 2309 2699 non

341 2721 499 2766 fuisset
531 2722 843 2766 necessarium
878 2721 1095 2766 absolute.
1137 2722 1356 2767 Similiter
1391 2733 1544 2767 autern
1577 2723 1700 2782 quod
1731 2722 1846 2767 tales
1876 2733 2029 2766 rerum
2060 2730 2251 2766 naturae
2282 2734 2308 2764 a

342 2790 445 2834 Deo
478 2789 856 2848 producerentur,
887 2789 1196 2834 voluntarium
1241 2789 1349 2834 fuit:
1392 2790 1515 2849 quod
1549 2800 1702 2835 autem
1736 2791 1799 2835 eis
1830 2790 1896 2834 sic
1919 2787 2107 2844 'statutis
2137 2787 2307 2848 aliquid

341 2857 593 2921 proveniat,
619 2856 694 2900 vel
719 2857 915 2911 exsistat,
944 2856 1201 2902 absolutam
1227 2858 1549 2902 necessitatem
1574 2858 1724 2902 habet.

430 2924 753 2968 Diversimode
780 2934 933 2968 autem
961 2939 1014 2969 ex
1042 2925 1228 2968 diversis
1257 2925 1403 2969 causis
1425 2925 1672 2970 necessitas
1693 2924 1887 2970 sumitur
1906 2924 1953 2968 in
1974 2922 2108 2968 rebus
2130 2922 2306 2968 creatis.

339 2991 462 3036 Nam
490 2991 595 3050 quia
622 2991 719 3035 sine
746 2991 837 3035 suis
865 2991 1178 3036 essentialibus
1205 2992 1450 3051 principiis,
1477 3006 1593 3051 quae
1620 3001 1723 3036 sunt
1749 2992 1943 3036 materia
1967 3000 2013 3036 et
2035 2989 2200 3044 forma,
2222 3002 2332 3034 res-

303 3099 306 3102 *
332 3064 440 3103 'esse
466 3073 561 3102 non
585 3067 748 3118 potest,
790 3059 913 3117 quod
956 3074 1010 3103 ex
1051 3059 1228 3103 ratione
1269 3059 1599 3119 principiorum
1633 3059 1943 3104 essentialium
1965 3057 2035 3111 ‚rei
2065 3057 2310 3117 competit;

342 3125 600 3170 absolutam
625 3126 945 3170 necessitatem
972 3127 1018 3170 in
1045 3127 1258 3171 omnibus
1291 3127 1458 3171 habere
1485 3141 1673 3171 necesse
1700 3137 1780 3172 est.
1807 3126 1874 3171 Ex
1905 3126 1976 3171 his
2008 3135 2163 3170 autem
2193 3115 2332 3183 prin-3¹2

343 3194 484 3252 cipiis,
512 3194 763 3237 secundum
791 3193 913 3252 quod
941 3204 1044 3237 sunt
1071 3194 1250 3238 essendi
1286 3193 1523 3253 principia,
1560 3194 1796 3253 tripliciter
1830 3192 2024 3243 sumitur
2060 3193 2308 3238 necessitas

344 3260 551 3305 absoluta
582 3261 629 3304 in
655 3261 802 3305 rebus.
831 3261 938 3304 Uno
972 3261 1158 3319 quidem
1184 3261 1327 3304 modo
1353 3275 1434 3319 per
1459 3261 1667 3305 ordinem
1696 3262 1752 3305 ad
1778 3274 1878 3306 esse
1902 3261 2000 3321 eius
2025 3260 2157 3319 cujus
2177 3267 2317 3322 ‘sunt,[

344 3337 387 3371 et
413 3328 518 3387 quia
545 3330 751 3382 materia,
778 3329 1028 3372 secundum
1057 3329 1101 3371 id
1130 3328 1251 3387 quod
1295 3337 1376 3382 est,
1415 3342 1493 3372 ens
1534 3328 1580 3372 in
1613 3328 1817 3387 potentia
1857 3336 1949 3374 est:
1989 3327 2114 3387 quod
2153 3335 2309 3371 autem

344 3405 494 3453 potest
519 3409 632 3449 esse,
659 3405 809 3455 potest
836 3405 880 3440 et
905 3410 999 3440 non
1026 3409 1149 3440 esse:
1177 3409 1231 3439 ex
1268 3395 1425 3439 ordine
1463 3396 1682 3440 materiae
1714 3395 1975 3441 necessario
2012 3407 2088 3440 res
2130 3392 2308 3454 aliquae

344 3462 658 3521 corruptibiles
685 3464 926 3518 exsistunt;
954 3463 1070 3507 sicut
1097 3461 1280 3516 animal,
1315 3462 1421 3521 quia
1454 3476 1508 3507 ex
1542 3462 1780 3507 contrariis
1813 3461 2123 3522 compositum
2149 3469 2239 3515 at,
2261 3467 2332 3510 et,

343 3529 476 3587 ignis,
505 3529 608 3588 quia
636 3530 731 3587 ejus
749 3531 941 3575 materia
959 3530 1291 3575 contrariorum
1310 3539 1377 3574 est
1394 3532 1663 3588 susceptiva.
1682 3529 1850 3574 Forma
1865 3535 2035 3584 autem,
2053 3522 2308 3574 seclffldum
2326 3538 2332 3554 ¹

344 3595 388 3640 id
415 3595 537 3656 quod
565 3606 631 3641 est
659 3607 799 3651 actus,
827 3607 908 3652 est,
936 3607 980 3642 et
1004 3611 1085 3658 per
1111 3610 1214 3642 eam
1240 3610 1314 3642 res
1342 3605 1445 3642 actu
1473 3597 1714 3642 exsistunt:¹
1741 3596 1862 3642 unde
1888 3607 1945 3642 ex
1967 3594 2066 3661 ipsa
2097 3587 2308 3655 prowm&

344 3664 591 3708 necessitas
610 3663 665 3708 ad
683 3677 782 3709 esse
803 3664 850 3708 in
869 3663 1163 3724 quibusdam3
1182 3663 1304 3724 quod
1323 3663 1560 3724 contingit,
1582 3663 1656 3709 vel
1673 3662 1779 3723 quia
1794 3674 1866 3709 res
1883 3660 1990 3708 ime
2011 3671 2118 3708 sunt
2128 3659 2309 3708 forme
