2332 3854
827 229 982 269 Lim-:R
1020 229 1076 267 11.
1120 228 1239 267 eff.
1282 228 1390 268 tvi.
1987 230 2082 283 193

222 333 298 378 Sic
319 332 455 392 igitur
480 331 728 376 substantia
752 330 1071 381 intellectualis
1097 340 1247 391 potest
1273 330 1454 389 corpori
1480 329 1596 374 uniri
1619 344 1698 389 per
1721 339 1985 375 contactum
2007 330 2090 374 vir-

41 447 50 457 ,.
130 401 250 446 tutis.
291 399 424 452 Quae
456 407 608 442 autem
649 397 864 441 uniuntur
904 397 1156 442 secundum
1189 397 1329 442 talem
1363 406 1641 450 contactum,
1672 410 1767 441 non
1809 406 1914 441 sunt
1946 411 2087 440 unum

50 517 57 520 .
131 465 408 526 simpliciter.
438 465 554 509 Sunt
586 466 706 508 enim
742 479 883 508 unum
919 465 966 508 in
1008 465 1203 523 agendo,
1245 475 1290 509 et
1321 463 1552 524 patiendo,
1593 464 1715 522 quod
1747 477 1841 507 non
1884 473 1952 508 est
1992 477 2089 507 esse

131 547 273 579 unum
299 531 578 589 simpliciter.
607 530 683 574 Sic
716 532 838 574 enim
867 531 1028 574 dicitur
1060 545 1157 575 esse
1186 545 1327 575 unum
1356 529 1591 589 quomodo
1614 539 1658 573 et
1681 543 1772 575 ens,
1798 529 1907 573 Esse
1936 533 2090 573 aute‘m

53 615 55 619 ¹
131 599 271 659 agens
302 612 397 642 non
422 596 648 656 significat
679 610 777 642 esse
819 596 1095 655 simpliciter.
1140 597 1273 641 Unde
1318 610 1402 641 nec
1436 609 1535 640 esse
1562 610 1705 639 unum
1736 596 1784 639 in
1817 596 1996 655 agendo
2025 605 2092 639 est

132 679 232 711 esse
257 679 399 709 unum
427 663 704 723 simpliciter.

220 731 377 776 Unum
405 740 556 775 autem
583 728 860 789 simpliciter,
887 728 1120 788 tripliciter
1149 729 1328 773 dicitur:
1351 727 1425 772 vel
1443 729 1558 773 sicut
1576 727 1863 783 indivisibile,
1879 727 1954 772 vel
1975 727 2093 772 sicut

133 798 416 850 continuum,
443 795 517 840 vel
542 797 658 841 sicut
684 795 806 855 quod
840 805 905 839 est
931 796 1106 839 ratione
1139 809 1294 839 unum.
1334 795 1396 838 Ex
1438 795 1686 839 substantia
1727 805 1881 839 autem
1922 794 2095 838 intelle-

45 923 47 927 ·
133 864 287 918 ctuali,
311 873 354 909 et
387 876 580 921 corpore
606 877 700 908 non
727 871 876 920 potest
901 862 998 907 fieri
1031 876 1173 906 unum
1201 863 1323 921 quod
1351 863 1407 906 sit
1433 862 1719 907 indivisibile.
1749 863 1946 922 Oportet
1967 862 2091 906 enim

131 930 246 982 illud
280 944 379 979 esse
415 929 724 988 compositum
757 943 810 973 ex
842 928 1032 974 duobus.
1063 929 1162 972 Nec
1195 930 1358 974 iterum
1403 930 1523 987 quod
1568 930 1625 973 sit
1657 929 1943 983 continuum,
1985 929 2093 988 quia

50 994 57 1002 ’χ
130 1007 282 1058 ‚partes
307 996 512 1043 continui
537 1006 732 1055 quantae
758 1005 874 1040 sunt.
902 995 1187 1054 Relinquitur
1211 996 1348 1054 igitur
1379 995 1714 1054 inquirendum,
1742 1006 1893 1040 utrum
1915 1010 1969 1040 ex
1994 996 2097 1040 sub·

134 1065 297 1110 stantia
323 1062 617 1107 intellectuali
646 1073 689 1107 et
713 1076 902 1120 corpore
926 1063 1067 1121 possit
1089 1061 1185 1106 fieri
1207 1077 1362 1115 unum,
1382 1062 1498 1106 sicut
1514 1063 1636 1120 quod
1656 1073 1722 1106 est
1739 1065 1915 1108 ratione
1935 1061 2094 1108 finum.

81 1129 87 1136 ’
134 1130 201 1181 Ea
224 1129 402 1178 duobus
424 1139 579 1174 autem
605 1130 975 1188 permanentibus
1001 1143 1095 1173 non
1122 1129 1171 1173 fit
1197 1128 1382 1188 aliquod
1410 1131 1585 1174 ratione
1607 1144 1764 1184 unum,
1792 1129 1878 1173 nisi
1903 1130 2020 1174 sicut
2041 1143 2095 1173 ex

132 1197 284 1249 forma
314 1195 612 1254 substantiali,
639 1206 684 1240 et
716 1197 919 1241 materia.
949 1196 1015 1242 Ex
1040 1196 1289 1241 substantia
1317 1195 1455 1252 enirn,
1483 1206 1527 1241 et
1553 1197 1788 1240 accidente
1815 1211 1910 1240 non
1946 1196 1997 1241 fit
2031 1208 2098 1240 ra-

133 1264 259 1312 tione
284 1276 454 1309 unum:
479 1277 574 1307 non
600 1263 724 1307 enim
752 1272 819 1307 est
851 1263 1012 1307 eadem
1039 1263 1154 1308 ratio
1193 1263 1396 1307 hominis
1434 1274 1480 1308 et
1511 1263 1614 1307 albi.
1653 1263 1754 1308 Hoc
1787 1264 1924 1323 igitur
1954 1263 2098 1322 inqui-

134 1330 328 1377 rendum
354 1329 620 1389 relinquitur
646 1340 798 1373 utrum
824 1330 1073 1374 substantia
1112 1329 1434 1375 intellectualis
1466 1330 1685 1389 corporis.
1717 1330 1907 1389 alicujus
1947 1329 2097 1374 forma

135 1396 441 1445 substantialis
474 1411 572 1441 esse
599 1397 755 1456 possit.

223 1464 414 1510 Videtur
456 1473 610 1508 autern
650 1463 978 1508 rationabiliter
1018 1463 1409 1508 considerantibus
1438 1463 1531 1508 hoc
1564 1477 1663 1508 esse
1703 1462 1998 1522 impossibile.
2032 1461 2098 1507 Ex

56 1524 59 1527 ’
136 1531 309 1581 duabus
334 1531 457 1576 enim
483 1530 742 1575 substantiis
767 1541 871 1575 actu
905 1530 1370 1586 exsistentibus„non
1411 1539 1561 1590 potest
1590 1531 1687 1574 fieri
1730 1530 1899 1590 aliquid
1939 1544 2098 1574 unum.

49 1651 52 1658 ἲ
136 1598 281 1645 Actus
306 1598 431 1647 enim
462 1597 800 1656 cujuslibet-est
835 1597 881 1641 id
918 1612 1009 1656 quo
1043 1598 1097 1642 ab
1131 1598 1274 1642 altero
1308 1597 1611 1656 distinguitur.
1647 1597 1908 1642 Substantia
1944 1607 2098 1642 autem

41 1665 48 1704 ἶ
137 1663 456 1715 intellectualis
483 1673 552 1708 est
576 1664 824 1708 substantia
852 1674 952 1708 actu
982 1664 1216 1718 exsistens,
1243 1674 1290 1709 ut
1317 1678 1370 1708 ex
1402 1664 1661 1722 praemissis
1689 1674 1877 1724 apparet
1902 1665 1963 1722 (c.
1995 1664 2099 1724 53.).

140 1730 358 1782 Similiter
384 1741 538 1776 autern
570 1741 616 1776 et
637 1745 813 1791 corpus.
846 1731 955 1776 Non
986 1731 1122 1790 igitur
1146 1741 1296 1789 potest
1322 1730 1492 1790 aliquid
1519 1745 1663 1775 unum
1688 1731 1803 1786 fieri,
1829 1741 1879 1775 ut
1903 1732 2096 1787 videtur,

139 1813 195 1845 ex
219 1798 468 1859 substantia
492 1797 806 1852 intellectuali,
832 1808 878 1842 et
908 1812 1113 1856 corpore.

229 1865 417 1910 Adhuc:
443 1864 593 1909 forma
620 1874 663 1908 et
680 1865 870 1909 materia
887 1865 933 1908 in
951 1865 1117 1909 eodem
1140 1878 1305 1924 genere
1325 1865 1639 1919 continentur3
1658 1879 1797 1910 omne
1814 1866 1937 1909 enim
1956 1879 2099 1925 genus

141 1946 222 1992 pet
246 1942 416 1987 actum,
443 1942 487 1977 et
512 1931 764 1991 potentiam
791 1931 1017 1976 dividitur.
1047 1931 1308 1976 Substantia
1334 1941 1487 1976 autem
1518 1931 1840 1977 intellectualis
1866 1942 1912 1977 et
1936 1947 2102 1993 corpus

140 2009 247 2052 sunt
270 1998 445 2044 diversa
471 2012 654 2058 genera.
680 1998 787 2042 Non
814 1998 950 2057 igitur
971 1998 1148 2043 videtur
1169 1997 1383 2057 possibile
1401 2013 1544 2042 unum
1567 2013 1665 2043 esse
1683 1998 1882 2043 formam
1905 1999 2102 2045 alterius.

232 2065 469 2124 Amplius:
495 2078 635 2109 omne
659 2064 772 2108 illud
800 2066 927 2122 cujus
954 2078 1052 2109 esse
1079 2074 1146 2109 est
1177 2065 1224 2108 in
1263 2065 1469 2119 materia,
1505 2075 1686 2124 oportet
1719 2079 1819 2110 esse
1852 2066 2102 2112 materiale.

144 2133 236 2180 Sed
261 2133 299 2179 si
314 2132 563 2178 substantia
587 2132 907 2177 intellectualis
935 2142 1001 2178 est
1026 2132 1176 2177 forma
1202 2133 1419 2192 corporis,
1447 2143 1629 2192 oportet
1654 2134 1776 2192 quod
1804 2148 1903 2178 esse
1926 2137 2022 2194 ejus
2048 2136 2106 2180 sit

44 2195 69 2230 '²
142 2201 190 2245 in
217 2199 407 2250 materia
439 2199 689 2258 corporali:
717 2213 811 2243 non
838 2201 962 2243 enim
989 2213 1088 2245 esse
1112 2198 1291 2244 formae
1325 2208 1391 2244 est
1421 2210 1599 2258 praeter
1632 2214 1730 2244 esse
1763 2201 1995 2246 materiae.
2029 2203 2107 2247 Se-

53 2291 79 2327 3⁴
137 2267 295 2327 quitur
309 2267 447 2325 igitur
463 2266 585 2326 quod
601 2266 852 2312 substantia
867 2265 1186 2311 intellectualis
1195 2281 1289 2311 non
1300 2267 1358 2311 sit
1373 2267 1703 2322 immaterialis,
1721 2277 1770 2312 ut
1785 2282 1920 2328 supra
1937 2270 1999 2327 (c.
2016 2270 2104 2328 50.)

72 2365 74 2367 >
144 2343 379 2379 ostensum
406 2342 487 2378 est.

63 2446 87 2455 ,
231 2400 374 2454 item:
400 2399 682 2459 impossibile
709 2410 777 2445 est
801 2399 847 2444 id
875 2401 1003 2458 cujus
1029 2414 1128 2444 esse
1155 2410 1222 2445 est
1247 2401 1294 2444 in
1327 2415 1534 2460 corpore,
1569 2416 1667 2446 esse
1701 2416 1726 2445 a
1759 2416 1951 2462 corpore
1983 2417 2108 2461 sepa·

56 2461 87 2529 f,
142 2477 306 2521 zatum.
334 2466 598 2513 Intellectus
624 2477 777 2512 autem
798 2467 1052 2512 ostenditur
1079 2482 1103 2511 a
1121 2467 1320 2528 physicis
1339 2467 1493 2527 (tertio
1513 2469 1583 2513 De
1602 2470 1769 2524 anima,
1786 2480 1816 2514 t.
1837 2484 1875 2514 c.
1892 2469 1933 2514 6.
1951 2480 1995 2514 et
2016 2471 2105 2531 19.)

143 2547 246 2587 ¹esse
267 2544 499 2593 separatus
525 2548 552 2579 a
578 2547 785 2593 corpore,
810 2543 855 2579 et
880 2534 1003 2593 quod
1029 2549 1178 2594 neque
1205 2545 1273 2580 est
1299 2550 1479 2595 corpus,
1505 2550 1652 2596 neque
1679 2539 1818 2582 virtus
1836 2538 1882 2581 in
1897 2551 2105 2597 corpore.

4 2658 6 2660 Υ
40 2612 118 2655 .-;τ’·’
140 2601 255 2654 Non
293 2611 362 2647 est
390 2601 527 2660 igitur
557 2600 877 2647 intellectualis
910 2601 1159 2646 substantia
1190 2601 1340 2646 forma
1372 2604 1600 2662 corporis:
1624 2603 1688 2648 sic
1721 2605 1845 2648 enim
1878 2618 1976 2649 esse
2010 2607 2107 2666 ejus

62 2671 94 2688 ‘
136 2677 266 2722 asset
288 2668 337 2714 in
361 2680 571 2728 corpore.

68 2746 99 2832 4
236 2735 427 2789 Adhuc·
454 2736 583 2794 cujus
608 2748 708 2781 esse
733 2744 800 2781 est
825 2749 1075 2781 commune
1102 2737 1298 2795 corpori,
1322 2746 1504 2795 oportet
1521 2748 1564 2782 et
1586 2737 1903 2797 operationem
1926 2739 2112 2800 corpori

107 2814 450 2854 gommunem
488 2816 612 2857 esse3
649 2802 1008 2862 unumquodque
1046 2802 1169 2847 enirn
1203 2804 1296 2862 agit
1327 2803 1580 2848 secundum
1617 2804 1739 2864 quod
1777 2815 1846 2849 est
1886 2819 1990 2851 ens:
2022 2819 2108 2851 nec

64 2862 105 2899 ἢ
147 2867 291 2939 ἵξῃιιε
312 2870 551 2929 operativa
576 2871 640 2914 rei
667 2879 817 2928 potest
842 2883 940 2915 esse
966 2869 1206 2914 sublimior
1232 2884 1370 2928 quarn
1403 2873 1500 2930 ejus
1527 2873 1738 2927 essentia,
1761 2886 1866 2916 cum
1883 2873 2024 2918 virtus
2046 2886 2112 2918 es-

73 2933 112 2998 3²³ss
147 2930 323 2993 ,scutiae
346 2935 569 2996 principia
591 2946 910 2995 consequatur.
929 2935 980 2980 Si
1001 2945 1155 2981 autem
1173 2936 1421 2981 substantia
1438 2937 1756 2983 intellectualis
1775 2939 1832 2984 sit
1847 2937 1998 2983 forma
2014 2953 2111 2984 cor-

143 3001 290 3064 pjoris,
315 3013 498 3062 oportet
522 3003 645 3062 quod
671 3017 769 3048 esse
802 3004 899 3062 ejus
925 3004 981 3048 sit
1006 3003 1104 3056 sibi,
1132 3012 1177 3047 et
1202 3004 1384 3063 corpori
1417 3018 1690 3050 commune:
1725 3020 1779 3050 ex
1805 3004 1955 3050 forma
1986 3006 2111 3051 enim

0 3008 91 3166 ἔ
77 3106 101 3153 7
145 3077 202 3123 et
212 3069 412 3119 materia
436 3069 486 3117 fit
511 3069 679 3129 aliquid
707 3084 849 3115 unum
875 3069 1154 3129 simpliciter,
1181 3071 1304 3129 quod
1330 3081 1399 3115 est
1423 3072 1676 3116 secundum
1709 3086 1807 3117 esse
1833 3087 1989 3118 unum.
2015 3073 2112 3119 Erit

0 3173 7 3203 ἱ
109 3133 288 3211 igitur
313 3144 358 3181 et
382 3136 589 3195 operatio
615 3136 892 3181 substantiae
918 3135 1238 3181 intellectualis
1264 3138 1526 3183 communis
1553 3140 1747 3198 corpori,
1780 3149 1825 3184 et
1849 3140 1988 3185 virtus
2014 3141 2111 3199 elus

0 3205 8 3252 ξ
152 3200 292 3247 virtus
319 3203 364 3247 in
391 3216 607 3262 corpore·
634 3203 755 3262 quod
784 3217 836 3248 ex
863 3203 1124 3262 praemissis
1150 3213 1272 3262 patet
1299 3218 1399 3249 esse
1425 3205 1722 3264 impossibile.

0 3257 7 3428 l

0 3439 5 3474 l

0 3500 5 3555 i

292 3700 329 3737 S.
354 3699 508 3735 ’raonis
537 3702 669 3736 Summa
693 3709 803 3736 contra
830 3702 983 3738 Gentiles.
