2294 3854
280 213 382 264 662
963 219 1117 256 LtssER
1157 218 1229 262 tv.
1273 217 1393 255 CAP.
1434 214 1561 253 an.

277 327 445 370 Dicunt
466 325 588 369 enim
606 324 652 367 in
669 323 758 367 hoc
780 329 1069 366 sacramento
1086 333 1181 370 non
1197 317 1377 362 realiter
1395 325 1493 361 esse
1511 322 1673 375 corpus
1690 325 1737 360 et
1750 315 2021 374 'sanguinein
2036 313 2288 378 christi-,32

268 392 344 436 sed
372 390 666 450 significative
693 398 893 440 tantum3
921 397 969 430 ut
995 386 1059 430 sic
1086 384 1366 443 intelligatur
1387 382 1510 442 quod
1535 381 1744 428 Christus
1766 382 1890 436 dixit,
1903 381 2228 433 demonstfaw

268 473 408 516 pane:
437 458 531 502 Hoc
561 463 616 500 est
641 463 790 514 corpus
815 468 966 506 meum,
987 465 1038 495 ac
1066 451 1105 495 si
1130 451 1319 495 diceret:
1350 449 1451 494 Hoc
1470 458 1544 494 est
1563 449 1745 507 signum
1760 448 1837 493 vei
1851 441 2294 511 figuraemom

271 527 385 578 mei3
412 523 663 568 secundum
694 534 832 579 quem
864 518 1055 562 modum
1082 527 1127 561 et
1152 516 1404 576 Apostolus
1436 516 1547 561 dixit
1573 517 1634 574 (Ι.
1661 515 1882 562 Corinth
1898 515 1965 562 X.
1978 515 2075 572 4.).
2099 515 2234 562 ‹Petm
2280 520 2294 565 >si

270 598 406 635 autem
437 597 527 635 erat
555 590 757 640 Christus,
792 586 836 629 id
872 595 940 629 est
967 584 1140 629 Christi
1174 583 1334 640 figura.
1369 583 1434 627 Et
1462 582 1518 627 ad
1554 582 1678 627 hunc
1714 574 2021 673 intellectum
2020 579 2234 674 referunt

271 656 482 716 quidquid
511 656 555 697 in
585 653 824 711 Scripturis
851 650 1078 694 invenitur
1104 649 1312 693 similiter
1338 649 1440 694 dici.
1894 670 1932 695 .,-
2054 669 2115 694 r
2124 680 2147 694 ,
2159 670 2163 688 =
2282 645 2294 666 ³²·

363 723 506 778 Hujus
534 730 686 763 autem
713 717 942 776 opinionis
970 717 1265 760 occasionem
1300 724 1539 760 assumunt
1563 729 1619 760 ex
1643 715 1791 760 verbis
1813 685 2032 768 Domina,
2057 714 2152 773 φύς
2170 714 2285 761 de

274 789 344 832 sui
371 787 573 845 corporis
601 785 886 828 comestione
913 793 957 826 et
982 782 1218 858 sanguinis
1243 782 1494 841 potatione,
1516 789 1569 827 ιιι
1593 780 1863 828 scandalum
1879 775 2294 842 disciputmum,

275 854 397 913 quod
421 862 571 896 ortum
594 851 752 904 fuerat,
779 850 1017 907 sopiretur,
1038 849 1167 907 quasi
1188 849 1388 907 seipsum
1412 862 1663 907 Nexponens
1681 848 1790 893 dixit
1807 847 2005 905 (joann.
2018 845 2106 894 Vk·
2114 844 2234 903 64):

284 921 415 964 Verba
442 934 542 977 quae
569 933 637 975 ego
670 918 828 961 locutus
852 931 942 960 sum
967 918 1100 969 vobis,
1133 917 1307 974 spiritus
1338 922 1376 960 et
1406 917 1499 959 vita
1529 921 1638 967 sunt,
1672 914 1803 973 quasi
1830 925 1889 961 Ba
1916 923 2061 973 qnae
2056 913 2238 961 dixerat
2289 927 2294 947 ⁴·

274 1001 367 1030 non
396 986 449 1028 ad
477 985 686 1037 litteram,
714 983 791 1026 sed
819 983 1072 1026 secundum
1099 981 1381 1040 spiritualem
1408 995 1592 1025 sensum
1618 979 1916 1039 intelligenda
1938 989 2103 1025 essent.
2290 982 2294 1032 j

363 1051 641 1094 inducuntur
668 1052 806 1092 etiam
830 1049 885 1092 ad
909 1048 1265 1104 dissentiendum
1290 1047 1520 1103 exwmultis
1543 1046 1879 1091 difficultatibus
1901 1060 2018 1106 quae
2039 1046 2096 1090 ad
2117 1045 2236 1090 hanc
2286 1046 2294 1095 ἶ

275 1118 506 1162 Ecclesiae
526 1116 781 1160 doctrinam
800 1115 938 1173 'sequi
963 1115 1187 1168 videntur,
1205 1110 1389 1174 propter
1412 1128 1526 1173 quas
1551 1114 1627 1158 hic
1654 1127 1807 1158 sermo
1828 1112 2004 1158 Christi
2025 1122 2071 1159 et
2085 1111 2238 1158 Eccle-

277 1185 369 1229 siae
397 1184 532 1226 durus
561 1183 624 1227 eis
653 1191 853 1241 apparet.
2289 1222 2294 1238 <

364 1251 420 1294 Et
445 1250 593 1309 primo
622 1249 807 1325 quidem
834 1246 1017 1291 difficile
1043 1248 1222 1292 videtur
1254 1247 1491 1307 quomodo
1518 1260 1680 1292 verum
1713 1260 1878 1305 corpus
1911 1245 2120 1291 Christi
2107 1260 2155 1290 m
2182 1245 2241 1290 al·
2291 1270 2294 1271 ν

274 1317 359 1362 tari
386 1331 483 1360 esse
509 1316 709 1373 incipiat.
738 1315 925 1374 Aliquid
952 1315 1075 1358 enirn
1100 1315 1260 1373 incipit
1287 1329 1384 1359 esse
1407 1314 1482 1359 ubi
1504 1315 1627 1375 prius
1650 1327 1745 1370 non
1769 1312 2147 1379 fuigdupliciter·
2166 1310 2294 1361 vel

276 1399 357 1461 per
393 1392 573 1426 motum
610 1380 823 1435 localem,
850 1380 923 1425 vel
959 1395 1038 1458 per
1068 1381 1419 1425 conversionem
1458 1380 1641 1425 alterius
1674 1380 1721 1424 in
1743 1379 1931 1439 ipsum3
1963 1388 2013 1424 ut
2042 1388 2166 1439 patet
2193 1378 2242 1423 in
2289 1371 2294 1417 ἶ

274 1453 395 1510 igne,
422 1450 499 1508 qui
526 1449 693 1493 alicubi
720 1462 819 1493 esse
840 1447 1016 1505 incipit,
1042 1447 1118 1492 vel
1144 1448 1249 1507 quia
1275 1448 1338 1491 ibi
1363 1448 1420 1492 de
1445 1459 1588 1492 novo
1597 1447 1896 1503 ειεςειιάἰιιιτι
1888 1445 1978 1493 νεὶ
2002 1444 2122 1506 quiin>
2115 1444 2241 1490 'illuc

275 1518 330 1561 de
354 1530 477 1561 novo
505 1525 782 1575 apportatur.
801 1514 1098 1559 Manifestum
1115 1525 1183 1559 est
1201 1524 1355 1559 autem
1370 1516 1529 1559 verum
1555 1510 2243 1573 εφι-ριις-Ὀὴήβιίπᾱῦ-ἑαημτ
2291 1538 2294 1539 ⁷

275 1587 321 1628 in
346 1584 437 1627 hoc
466 1581 594 1627 altari
618 1581 781 1636 fuisse3
808 1581 1053 1626 confitetur
1071 1582 1195 1626 enim
1213 1581 1421 1626 Ecclesia
1439 1581 1710 1626 Christum'
1698 1595 1745 1625 in
1759 1592 1865 1625 suo
1874 1579 2245 1640 corpoream-

282 1650 437 1694 disse
427 1665 473 1693 m
502 1648 700 1693 coelum.
724 1618 918 1693 Videtur
944 1658 1097 1693 autern
1124 1648 1407 1724 impossibile
1441 1649 1531 1692 dici
1560 1648 1686 1707 quod
1718 1646 1896 1707 aliquid
1906 1645 2009 1692 hic
2021 1647 2107 1693 de
2113 1644 2242 1693 n'ovo

279 1726 569 1762 convertatur
594 1717 640 1759 in
668 1729 834 1774 corpus
861 1714 1058 1760 Christi·
1084 1715 1198 1758 nihil
1225 1716 1348 1759 enim
1374 1715 1552 1759 videtur
1579 1714 1806 1759 converti
1816 1715 1883 1759 in
1879 1710 2243 1774 madmena,
2291 1770 2294 1772 q

277 1798 420 1843 quum
445 1783 527 1826 id'
516 1798 562 1826 in
589 1782 711 1841 quod
738 1781 907 1840 aliquid
936 1781 1215 1826 convertitur
1246 1795 1326 1840 per
1358 1782 1493 1839 hujus
1526 1777 1898 1826 conversionem
1908 1778 2013 1826 osse·
2042 1777 2244 1840 incipiat.

277 1850 573 1895 Manifestum
600 1859 668 1893 est
694 1859 847 1892 autem
870 1862 1035 1907 corpus
1061 1849 1231 1893 Christi
1257 1849 1604 1907 praeexstitisse,
1630 1843 2247 1906 utpoteineuterotwg'hiali

280 1927 569 1976 conceptum.
596 1915 705 1960 Non
736 1916 872 1974 igitur
896 1915 1074 1959 videtur
1112 1929 1210 1959 esse
1244 1915 1459 1974 possibile
1496 1915 1618 1973 quod
1649 1915 1697 1958 in
1733 1911 1870 1959 αἰτέει·
1890 1911 2116 1964 ‘devm'vo
2143 1926 2247 1958 ωδε

276 1984 464 2041 incipiat
490 1998 568 2041 per
595 1982 947 2026 conversionem
975 1982 1160 2026 alterius
1186 1982 1233 2025 in
1260 1983 1422 2040 ipsum.
1452 1982 1674 2025 Similiter
1700 1979 2247 2040 autern-'nee'zper‘anuta-

252 2051 453 2094 tionem
479 2049 585 2102 loci,
613 2049 718 2107 quia
744 2062 884 2092 omne
910 2049 1032 2107 quod
1059 2047 1268 2092 localiter
1294 2058 1504 2093 movetur
1529 2049 1594 2092 sic
1622 2048 1783 2107 incipit
1807 2052 1911 2093 esse
1933 2044 2247 2092 'in³uh0‹''-1oco
2290 2048 2294 2088 ζ

282 2117 404 2176 quod
431 2115 594 2159 desinit
626 2129 723 2159 esse
760 2115 807 2159 in
845 2114 953 2168 alio,
990 2115 1036 2158 in
1074 2129 1165 2174 quo
1201 2115 1324 2174 prius
1356 2114 1452 2159 fuit.
1490 2115 1736 2174 Oportebit
1763 2115 1929 2174 igimr
1923 2113 2085 2160 dicere
2105 2112 2248 2174 quod,
2283 2153 2294 2187 ,i

281 2197 423 2243 quum
451 2182 662 2226 Christus
687 2182 844 2241 incipit
868 2195 966 2226 esse
988 2182 1033 2225 in
1055 2182 1146 2226 hoc
1175 2181 1319 2235 altari,
1341 2183 1388 2226 in
1407 2194 1498 2240 quo
1524 2182 1615 2225 hoc
1643 2183 1999 2226 sacramentum
2005 2181 2274 2241 peragitur,
2273 2195 2294 2238 't

284 2250 464 2294 desinat
500 2262 598 2293 esse
626 2249 678 2292 in
710 2247 860 2303 coe10,
893 2262 984 2307 quo
1018 2247 1306 2292 ascendendo
1339 2259 1619 2307 pervenerat.
1654 2248 1896 2317 Amplius,
1912 2244 2250 2294 nuiluwmotus

283 2316 445 2360 localis
470 2317 738 2360 terminatur
763 2314 900 2359 simul
928 2315 982 2358 ad
1009 2315 1100 2359 duo
1129 2315 1246 2359 loca.
1279 2314 1574 2359 Manifestum
1601 2325 1669 2360 est
1686 2325 1859 2360 autem
1865 2315 1964 2360 hoc
1990 2310 2250 2361 ‘nemen'-

285 2393 386 2427 tum
413 2382 551 2426 simul
581 2382 628 2425 in
660 2381 848 2426 diversis
876 2381 1088 2425 altaribus
1122 2381 1354 2425 celebrari.
1381 2381 1491 2427 Non
1523 2392 1591 2427 est
1623 2396 1736 2441 ergo
1767 2380 1989 2441 possibile
2002 2377 2159 2470 quod
2152 2378 2251 2442 per
2290 2414 2292 2416 ,

287 2459 467 2493 motum
493 2448 691 2493 localem
719 2461 883 2507 corpus
911 2448 1084 2492 Christi
1109 2448 1169 2492 ibi
1196 2461 1294 2492 esse
1320 2448 1519 2507 incipiat.
1848 2478 1852 2483 »
1975 2458 2019 2485 111
2130 2473 2140 2485 ι

379 2515 590 2560 Secunda
617 2514 856 2559 difficultas
883 2529 936 2559 ex
963 2514 1069 2559 loco
1097 2515 1275 2559 accidit.
1302 2515 1410 2560 Non
1437 2517 1560 2559 enirn
1582 2517 1812 2560 semotim
1808 2514 1973 2575 partes
1991 2514 2195 2575 alie-qus
2203 2481 2264 2559 in

291 2583 479 2627 diversis
504 2582 619 2627 locis
645 2582 948 2636 continentur,
980 2582 1081 2640 ipso
1114 2582 1294 2640 integro
1327 2591 1637 2659 permanente.
1670 2580 1978 2626 Manifestum
1997 2591 2079 2628 en
2075 2589 2251 2627 >autum

288 2650 335 2693 in
361 2650 452 2694 hoc
481 2659 770 2693 sacramento
797 2662 1003 2693 seorsum
1027 2663 1127 2693 esse
1153 2662 1319 2707 panem
1340 2659 1387 2693 et
1407 2649 1567 2693 vinum
1583 2649 1630 2693 in
1652 2648 1767 2694 locis
1790 2645 2254 2708 εειβαιιειίεέδὶἕίςίω·
2292 2656 2294 2661 ‘

292 2730 400 2761 caro
428 2717 600 2761 Christi
637 2719 693 2761 sit
725 2717 804 2760 sub
844 2716 993 2775 specie
1029 2717 1158 2775 panis
1194 2726 1238 2760 et
1274 2718 1458 2776 sanguis
1485 2717 1566 2761 sub
1600 2717 1752 2776 specie
1777 2712 2254 2775 viniffisvimsssseqni
2289 2735 2294 2778 ,³

291 2785 414 2843 quod
444 2783 652 2829 Christus
677 2797 770 2828 non
804 2793 1038 2828 remaneat
1064 2784 1259 2842 integer,
1286 2784 1365 2828 sed
1392 2797 1589 2843 semper,
1617 2797 1758 2843 quum
1789 2779 2252 2834 ὴοουεβεηίἱιεαωιιι
2291 2780 2294 2782 ’

293 2853 452 2926 agitur,
489 2852 586 2909 ejus
618 2849 801 2908 sanguis
835 2864 861 2893 a
893 2863 1085 2909 corpore
1118 2860 1363 2909 separetur.
1403 2847 1585 2904 Adhuc,
1618 2847 1901 2919 impossibile
1922 2849 2103 2902 videtur
2130 2845 2294 2913 quod

292 2918 438 2974 majus
461 2931 624 2975 corpus
647 2917 693 2960 in
715 2916 822 2960 loco
845 2917 1037 2960 minoris
1053 2917 1324 2961 includatur.
1343 2916 1636 2961 Manifestum
1658 2926 1726 2961 est
1743 2917 1897 2962 autem
1908 2914 2294 2976 vmoorpus}

293 2983 462 3027 Christi
490 2997 588 3028 esse
615 2984 800 3041 majoris
817 2983 1079 3042 quantitatis
1097 2998 1234 3042 quarn
1261 2984 1390 3041 panis
1417 2984 1494 3043 qui
1516 2984 1562 3027 in
1586 2983 1716 3027 altari
1742 2982 1949 3028 offertur.
1958 2977 2294 3045 :Impetum
2281 2969 2294 3027 i

289 3050 426 3108 igitur
451 3051 627 3094 videtur
653 3051 773 3108 quod
800 3064 959 3093 verum
988 3064 1151 3108 corpus
1181 3050 1352 3095 Christi
1384 3059 1533 3094 totum
1562 3060 1606 3094 et
1631 3050 1861 3108 integrum
1892 3050 1952 3094 sit
1975 3050 2051 3094 ubi
2076 3049 2254 3094 videtur
2282 3035 2294 3104 ᾗ

292 3130 389 3160 esse
416 3117 557 3174 panis.
586 3116 634 3160 Si
661 3127 815 3160 autem
841 3117 902 3159 ibi
929 3127 995 3160 est
1021 3131 1116 3160 non
1132 3126 1305 3171 totum,
1326 3117 1404 3161 sed
1431 3116 1583 3175 aliqua
1610 3131 1712 3174 pars
1736 3117 1847 3175 ejus,
1867 3116 2029 3161 redibit
2054 3115 2294 3188 primum
2284 3110 2294 3142 ³

292 3182 631 3236 inconveniens
658 3183 779 3242 quod
807 3197 999 3241 semper,
1027 3182 1167 3241 quum
1202 3183 1292 3227 hoc
1327 3193 1666 3227 sacramentum
1701 3183 1862 3242 agitur,
1889 3196 2055 3260 corpus
2081 3167 2294 3246 Christi}

292 3262 371 3306 per
407 3258 552 3307 partes
587 3249 878 3308 discerpatur.
911 3250 1138 3308 Amplius,
1171 3249 1453 3308 impossibile
1489 3260 1556 3294 est
1586 3263 1749 3304 unum
1771 3248 2024 3309 comm&
2053 3236 2294 3315 pipnbm

293 3314 408 3358 locis
445 3315 671 3359 exsistere.
708 3315 1002 3359 Manifestum
1041 3327 1107 3359 est
1144 3327 1296 3360 autem
1329 3316 1421 3361 hoc
1454 3325 1794 3360 sacramentum
1827 3315 1874 3364 in
1907 3314 2107 3375 pluribus
2140 3310 2294 3362 loeksij

294 3379 524 3424 celebrari.
566 3381 851 3439 Impossibile
888 3381 1023 3440 igitur
1055 3383 1233 3427 videtur
1269 3383 1392 3441 quo'd
1427 3396 1593 3442 corpus
1631 3379 1805 3427 Christi
1834 3382 2072 3427 vmdter-
2073 3379 2138 3427 ffll
2161 3372 2294 3446 ΜΞ

292 3458 578 3491 sacramento
605 3449 919 3502 contineatur3
945 3448 1034 3492 nisi
1059 3448 1175 3492 forte
1201 3449 1301 3508 quis
1329 3449 1450 3493 dicat
1483 3448 1606 3508 quod
1632 3447 1898 3499 secundnm
1910 3447 2140 3508 utiquam
2148 3456 2294 3511 ‘pn'-

292 3512 480 3557 ticulam
506 3523 574 3558 est
597 3514 688 3568 hic,
715 3525 759 3559 et
785 3515 1037 3559 secundum
1064 3515 1202 3559 aliam
1229 3515 1348 3560 alibi.
1377 3515 1453 3560 Ad
1478 3516 1600 3575 quod
1626 3516 1793 3560 iterum
1814 3512 2294 3593 oequmzquudpr,

296 3578 649 3625 celebrationem
675 3581 937 3639 hujusmodi
954 3581 1228 3627 sacramenti
1245 3594 1418 3641 corpus
1430 3581 1601 3627 Christi
1619 3580 1877 3627 dividatur
1864 3593 1916 3626 ιιι
1929 3579 2107 3641 m
2151 3628 2161 3635 „
2286 3610 2292 3619 ι
