2332 3854
808 234 961 273 maaa
1002 233 1057 272 11.
1099 233 1218 272 CAP.
1260 224 1443 271 Lxxv1.
1997 229 2098 284 233

55 361 70 380 ;
139 334 390 397 figendum,
417 343 461 380 et
486 349 567 395 per
589 349 874 395 consequens
891 350 975 381 nec
1005 348 1182 391 sensus,
1207 335 1287 380 sed
1309 333 1459 380 solum
1483 346 1562 393 per
1588 332 1814 386 accidens,
1841 330 1970 391 quasi
1992 331 2106 375 exci-

52 395 80 444 z?
139 402 282 448 tantia
308 412 352 447 et
378 402 695 461 praeparantia
719 402 1005 447 intellectum
1032 401 1295 461 possibilem
1323 401 1378 445 ad
1404 400 1739 459 recipiendum
1766 399 1889 458 quod
1916 408 1984 442 est
2009 397 2102 456 opi·

138 469 289 516 aionis
326 468 607 522 Platonicae,
641 478 685 513 et
717 479 877 513 contra
914 470 1122 513 ordinem
1157 468 1461 528 generationis
1498 466 1755 511 intellectus
1792 476 1836 510 et
1867 465 2098 516 scientiae,

141 546 279 597 quem
305 535 434 594 ponit
453 534 723 581 Aristoteles
749 535 794 579 in
822 537 970 593 primo
988 536 1187 594 Metaph.
1207 537 1258 593 (t.
1279 550 1317 579 c.
1347 537 1399 585 1.)
1428 544 1472 579 et
1497 534 1671 578 Poster.
1696 532 1795 590 (ult.
1824 533 1932 589 27.)‚
1950 531 2105 575 dicens

142 602 266 664 quod
294 618 318 643 «
346 617 399 647 ex
425 616 560 647 sensu
589 601 635 647 fit
667 602 907 655 memoria,
936 617 990 646 ex
1017 602 1171 646 multis
1204 602 1439 646 memoriis
1471 615 1612 646 unum
1640 599 2018 659 experimentum,
2052 612 2106 642 ex

47 665 85 724 33³
140 667 296 726 multis
323 669 640 728 experimentis
672 668 938 712 universalis
971 670 1192 728 acceptio,
1214 683 1330 728 quae
1357 678 1424 713 est
1455 668 1670 712 scientiae
1703 675 1748 712 et
1777 664 2035 710 intellectus
2061 681 2103 710 ».

141 734 220 782 Est
246 744 399 780 autem
425 735 539 780 haec
567 734 732 794 positio
756 735 1019 779 Avicennae
1047 736 1269 794 (Metaph.
1295 734 1377 782 Tr.
1398 735 1475 779 IX.
1504 749 1542 779 c.
1576 734 1634 792 5.)
1662 745 1866 778 consona
1892 732 1964 777 his
1988 745 2103 791 quae

142 801 200 847 de
225 802 520 860 generatione
546 815 698 846 rerum
724 801 999 846 naturalium
1027 802 1159 856 dicit3
1187 802 1316 861 ponit
1342 802 1464 846 enim
1498 802 1618 860 quod
1646 799 1803 845 omnia
1835 799 2016 859 agentia
2042 798 2107 842 in-

140 867 308 914 feriora
333 867 482 912 solum
505 881 584 927 per
610 881 713 912 suas
734 868 937 912 actiones
962 878 1232 926 praeparant
1248 869 1488 913 materiam
1517 868 1572 912 ad
1599 867 1910 927 suscipiendas
1933 865 2104 910 formas

44 942 67 972 ἲ
141 948 259 995 quae
295 934 484 979 effluunt
513 935 559 978 in
591 935 803 979 materias
829 935 884 978 ab
911 934 1211 993 intelligentia
1247 944 1410 994 agente
1446 944 1674 994 separate;
1706 933 1826 978 unde
1860 942 1904 978 et
1936 932 2098 977 eadem

142 1001 318 1047 ratione
342 1001 472 1061 ponit
503 1001 626 1060 quod
652 1001 971 1060 phantasmata
997 1011 1265 1060 praeparant
1296 1001 1577 1045 intellectum
1610 1000 1890 1060 possibilem,
1924 998 2101 1043 formae

68 1113 75 1123 ,
141 1078 296 1114 autem
326 1067 633 1127 intelligibiles
663 1067 808 1112 fluunt
841 1082 867 1111 a
900 1068 1150 1112 substantia
1189 1079 1408 1127 separata.
1448 1068 1668 1112 Similiter
1695 1077 1848 1112 autem
1876 1066 1997 1126 quod
2024 1080 2105 1126 per

141 1135 468 1194 'cogitationem
496 1134 795 1194 disponantur
819 1135 1139 1194 phantasmata
1166 1135 1221 1179 ad
1254 1135 1344 1179 hoc
1372 1135 1494 1194 quod
1526 1134 1636 1179 fiant
1667 1133 1969 1193 intelligibilia
2000 1142 2102 1178 actu

141 1212 189 1248 et
219 1202 451 1246 moventia
483 1201 764 1246 intellectum
800 1201 1079 1262 possibilem,
1115 1203 1392 1247 conveniens
1425 1216 1519 1247 non
1550 1202 1742 1257 videtur,
1775 1202 1813 1246 si
1844 1200 2101 1246 intellectus

50 1312 57 1319 ἢ
75 1312 77 1314 μ
132 1282 284 1328 agens
308 1278 505 1327 ponatur
525 1269 774 1313 substantia
800 1278 1031 1328 separata;
1057 1270 1147 1314 hoc
1177 1270 1299 1314 enim
1315 1269 1493 1313 videtur
1510 1283 1608 1314 esse
1628 1268 1864 1313 conforme
1886 1267 2105 1328 positioni

45 1375 54 1393 ,-
141 1335 405 1389 dicentium,
432 1335 554 1394 quod
579 1334 794 1380 inferiora
830 1338 1010 1394 agentia
1042 1346 1145 1381 sunt
1172 1336 1328 1381 solum
1361 1336 1647 1394 disponentia
1681 1336 1736 1380 ad
1768 1335 1978 1380 ultimam
2009 1348 2106 1394 per·

43 1418 64 1447 s
139 1400 405 1456 fectionem,
430 1401 592 1447 ultima
625 1413 778 1447 autem
810 1402 1032 1462 perfectio
1060 1413 1127 1448 est
1155 1403 1209 1447 ab
1238 1413 1401 1462 agente
1433 1412 1669 1462 separat03
1697 1403 1819 1462 quod
1845 1412 1914 1447 est
1945 1411 2104 1446 contra

46 1465 71 1520 ss:
140 1468 413 1515 sententiam
444 1468 703 1513 Aristotelis
736 1470 783 1513 in
818 1469 1016 1546 septimo
1048 1470 1304 1529 Metaphys.
1339 1470 1389 1527 (t.
1424 1483 1462 1513 c.
1496 1470 1614 1526 28.);
1647 1484 1741 1514 non
1773 1469 1896 1514 enim
1927 1468 2106 1513 videtur

139 1534 446 1595 imperfectius
486 1549 535 1580 se
579 1535 747 1580 habere
787 1536 940 1580 anima
971 1536 1172 1580 humana
1211 1537 1267 1580 ad
1301 1536 1648 1595 intelligendum
1691 1551 1829 1596 quam
1867 1535 2105 1581 inferiores

38 1605 69 1621 ²
140 1611 329 1647 naturae
355 1602 411 1647 ad
438 1602 643 1662 proprias
670 1603 975 1662 operationes.

66 1679 69 1686 ’
231 1667 468 1728 Amplius:
493 1668 680 1713 effectus
706 1668 955 1714 nobiliores
981 1671 1027 1713 in
1054 1669 1148 1714 istis
1170 1668 1459 1714 inferioribus
1485 1670 1797 1729 producuntur
1827 1683 1922 1715 non
1949 1668 2102 1714 solum

36 1779 42 1792 2
144 1735 198 1781 ab
225 1735 461 1795 agentibus
486 1735 808 1795 superioribus,
834 1737 912 1780 sed
938 1736 1171 1795 requirunt
1197 1736 1378 1813 agentia
1396 1736 1466 1780 sui
1482 1736 1686 1794 generis;
1711 1736 1953 1781 hominem
1980 1737 2103 1780 enim

46 1798 70 1848 ἶ,
142 1811 330 1862 generat
363 1802 436 1847 sol
470 1812 516 1848 et
547 1803 717 1858 homo;
753 1802 960 1847 similiter
990 1803 1198 1847 videmus
1229 1804 1276 1847 in
1309 1803 1407 1847 aliis
1442 1803 1712 1848 animalibus
1744 1802 1954 1862 perfectis
1980 1803 2104 1862 quod

43 1870 46 1877 ⁴
143 1869 370 1929 quaedam
394 1868 611 1928 ignobilia
640 1869 854 1914 animalia
877 1884 931 1914 ex
953 1869 1062 1914 solis
1087 1879 1263 1914 tantum
1287 1871 1466 1915 actione
1489 1880 1775 1930 generantur,
1799 1870 1967 1930 absque
1988 1870 2105 1929 prin-

140 1936 264 1996 cipio
297 1936 446 1981 activo
464 1937 534 1982 sui
550 1937 743 1995 generis,
770 1937 886 1981 sicut
916 1947 1040 1995 patet
1061 1938 1106 1980 in
1129 1937 1401 1982 animalibus
1429 1939 1654 1996 generatis
1677 1951 1732 1982 ex
1758 1937 2101 1996 putrefactione.

141 2002 401 2062 Intelligere
427 2013 580 2048 autem
607 2014 676 2048 est
698 2003 1009 2048 nobilissimus
1037 2003 1224 2049 effectus
1255 2005 1333 2063 qui
1364 2014 1432 2049 est
1457 2005 1503 2049 in
1535 2005 1631 2049 istis
1662 2004 1963 2049 inferioribus.
1995 2004 2102 2048 Non

141 2069 279 2129 igitur
304 2069 468 2115 sufficit
498 2084 684 2130 ponere,
718 2071 773 2115 ad
805 2071 969 2130 ipsum,
997 2085 1136 2130 agens
1168 2081 1413 2126 remotum,
1443 2072 1532 2116 nisi
1565 2072 1702 2116 etiam
1734 2081 1929 2131 ponatur
1961 2085 2102 2130 agens

142 2137 415 2197 proximum.
434 2137 561 2183 Haec
581 2148 732 2183 autem
760 2139 876 2183 ratio
894 2149 1054 2183 contra
1070 2139 1357 2183 Avicennam
1374 2153 1468 2184 non
1490 2139 1711 2198 procedit,
1732 2153 1841 2182 nam
1857 2139 1953 2197 ipse
1975 2138 2104 2198 ponit

144 2217 283 2249 omne
310 2204 481 2248 animal
505 2219 639 2264 posse
672 2207 876 2264 generari
905 2206 1072 2265 absque
1099 2206 1288 2250 semine.

55 2330 60 2333 ,
227 2270 423 2317 Adhuc:
449 2271 640 2316 intentio
668 2271 854 2316 effectus
881 2274 1163 2317 demonstrat
1189 2283 1426 2331 agentem3
1444 2273 1563 2317 unde
1582 2273 1798 2317 animalia
1816 2282 2030 2332 generata
2048 2287 2102 2317 ex

135 2337 466 2399 putrefactione
490 2354 585 2384 non
612 2350 716 2384 sunt
739 2355 793 2385 ex
813 2341 1064 2385 intentione
1080 2350 1268 2385 naturae
1286 2340 1526 2394 inferioris,
1545 2341 1623 2386 sed
1642 2341 1883 2400 superioris
1905 2350 2101 2417 tantum,

67 2421 82 2465 ,³³
139 2406 246 2473 quia
270 2406 583 2466 producuntur
608 2407 662 2451 ab
697 2416 859 2466 agente
892 2408 1113 2466 superiori
1143 2417 1346 2461 tantum;
1378 2417 1562 2467 propter
1588 2408 1711 2466 quod
1739 2406 2022 2462 Aristoteles,
2054 2407 2101 2451 in

138 2473 334 2533 septimo
360 2473 561 2533 Metaph.
588 2475 640 2532 (t
665 2488 703 2518 c.
735 2473 839 2532 30),
868 2474 976 2519 dicit
1002 2488 1054 2518 ea
1080 2474 1178 2518 fieri
1205 2488 1338 2528 casu;
1367 2474 1582 2518 animalia
1606 2484 1758 2518 autem
1779 2487 1895 2534 quae
1911 2473 2025 2518 fiunt
2047 2487 2100 2518 ex

67 2536 73 2563 ³
137 2539 325 2596 semine,
350 2549 456 2585 sunt
477 2555 531 2586 ex
557 2540 808 2586 intentione
833 2551 1020 2586 naturae
1038 2541 1283 2600 superioris
1307 2551 1351 2585 et
1371 2540 1608 2585 inferioris
1629 2541 1715 2585 Hic
1735 2551 1886 2585 autem
1899 2540 2101 2595 effectus,

137 2607 215 2668 qui
241 2618 308 2653 est
330 2608 591 2654 abstrahere
617 2608 789 2653 formas
815 2608 1093 2654 universales
1121 2623 1146 2652 a
1172 2609 1579 2668 phantasmatibus,
1603 2609 1731 2653 estin
1749 2609 2001 2653 intentione
2023 2622 2102 2652 no-

137 2683 243 2730 stra,
268 2689 363 2720 non
389 2675 541 2720 solum
566 2676 613 2720 in
639 2676 891 2721 intentione
919 2676 1092 2735 agentis
1119 2677 1298 2720 remoti.
1326 2677 1467 2735 Igitur
1493 2685 1673 2735 oportet
1698 2675 1745 2719 in
1770 2676 1902 2720 nobis
1929 2682 2100 2734 ponere

51 2735 79 2774 33
137 2739 322 2801 aliquod
347 2742 607 2802 proximum
633 2742 905 2802 principium
932 2742 1034 2787 talis
1062 2742 1264 2787 effectus.
1288 2743 1390 2787 Hoc
1411 2752 1562 2787 autem
1583 2753 1650 2787 est
1666 2742 1924 2787 intellectus
1944 2755 2098 2801 agens.

54 2804 61 2809 ”
137 2804 246 2854 Non
271 2818 339 2854 est
361 2809 499 2868 igitur
524 2810 772 2854 substantia
798 2819 1018 2868 separata,
1046 2810 1124 2854 sed
1148 2808 1299 2868 aliqua
1325 2810 1468 2853 virtus
1495 2809 1674 2854 animae
1700 2819 1897 2853 nostrae.

53 2918 85 2939 Α
227 2875 371 2921 Item:
398 2877 442 2920 in
469 2887 630 2921 natura
653 2876 892 2934 cujuslibet
918 2876 1144 2920 moventis
1171 2886 1238 2920 est
1263 2876 1535 2935 principium
1559 2875 1787 2920 sufficiens
1807 2876 1862 2920 ad
1879 2877 2102 2936 operatio-

54 2962 86 2997 «τ
138 2938 248 2987 nem
272 2942 529 2987 naturalem
557 2942 786 3001 ejusdem3
813 2943 852 2986 si
877 2943 1061 3002 quidem
1090 2944 1296 3002 operatio
1323 2943 1401 2986 illa
1429 2943 1647 2987 consistat
1672 2943 1717 2986 in
1746 2943 1941 2998 actione,
1976 2944 2102 2988 adest

50 3010 79 3030 “”
141 3009 186 3054 ei
209 3009 481 3070 principium
510 3012 724 3065 activum,
751 3010 867 3054 sicut
891 3020 1014 3069 patet
1035 3010 1091 3054 de
1117 3011 1331 3069 potentiis
1359 3011 1539 3054 animae
1565 3010 1807 3054 nutritivae
1834 3010 1879 3054 in
1911 3009 2101 3069 plantis;

12 3112 15 3123 2
66 3081 70 3090 ”
139 3075 179 3120 si
199 3089 311 3121 vero
337 3076 542 3135 operatio
569 3076 647 3121 illa
674 3077 891 3121 consistat
914 3077 958 3120 in
977 3077 1202 3136 passione,
1221 3076 1347 3120 adest
1365 3077 1404 3121 ei
1427 3077 1699 3136 principium
1717 3076 1963 3135 passivum,
1985 3078 2102 3121 sicut

11 3141 71 3202 Jj'·
139 3152 264 3202 patet
283 3142 344 3187 'de
370 3144 582 3201 potentiis
616 3143 839 3188 sensitivis
871 3144 916 3187 in
951 3143 1236 3188 animalibus.
1269 3144 1426 3187 Homo
1461 3154 1613 3187 autem
1647 3153 1715 3187 est
1745 3142 2100 3201 perfectissimus

48 3227 66 3247 2
135 3207 253 3254 inter
278 3209 435 3253 omnia
460 3208 673 3254 inferiora
700 3210 962 3263 moventia;
989 3211 1084 3268 ejus
1113 3220 1267 3254 autem
1293 3210 1475 3269 propria
1502 3220 1546 3254 et
1568 3210 1784 3254 naturalis
1809 3211 2013 3269 operatio
2033 3221 2102 3256 est

137 3274 405 3333 intelligere,
432 3290 547 3334 quae
573 3290 667 3319 non
695 3276 951 3335 completur
973 3277 1069 3321 sine
1096 3277 1308 3335 passione
1336 3277 1549 3335 quadam,
1581 3277 1627 3320 in
1660 3286 1878 3335 quantum
1913 3277 2099 3336 quilibet

94 3342 107 3366 *'
136 3340 394 3387 intellectus
420 3342 585 3401 patitur
611 3343 664 3386 ab
691 3342 978 3401 intelligibili,
1005 3357 1091 3388 nec
1118 3344 1256 3387 etiam
1283 3343 1380 3387 sine
1414 3344 1609 3397 actione,
1642 3344 1687 3386 in
1720 3354 1940 3401 quantum
1971 3344 2099 3388 intel-

138 3405 282 3453 lectus
307 3407 415 3452 facit
440 3407 741 3467 intelligibilia
766 3409 813 3452 in
838 3410 1042 3467 potentia
1069 3424 1166 3454 esse
1193 3409 1494 3468 intelligibilia
1521 3411 1566 3453 in
1594 3420 1710 3454 actu.
1740 3410 1937 3469 Oportet
1962 3411 2098 3470 igitur

137 3472 186 3519 in
210 3484 371 3519 natura
391 3474 594 3519 hominis
628 3489 725 3519 esse
760 3475 991 3535 utriusque
1024 3476 1258 3535 proprium
1292 3476 1580 3534 principium,
1613 3476 1784 3521 scilicet
1813 3476 2095 3522 intellectum

25 3551 77 3633 Ξ
140 3549 355 3599 agentem
381 3550 426 3586 et
450 3540 730 3600 possibilem,
757 3551 802 3586 et
825 3552 1053 3597 neutrum,
1080 3543 1331 3587 secundum
1358 3556 1472 3596 esse,
1495 3543 1548 3587 ab
1572 3543 1723 3588 anima
1745 3543 1946 3589 hominis
1964 3558 2096 3606 >sepa·

17 3607 71 3717 Ξ
139 3608 287 3652 ratum
314 3621 428 3653 esse.

26 3714 73 3783 Ἦ

15 3697 48 3825 was-'tf‘
15 3656 32 3671 τ
15 3555 42 3614 ''³353“

46 3758 58 3777 4«
60 3730 71 3744 <a
48 3672 74 3700 „sgr-
60 3601 62 3604 ,
58 3580 60 3583 .

49 3775 59 3791 ἃ
76 3756 83 3778 ⁴-
