2294 3854
0 3780 2 3782 -
2 3747 3 3751 „
0 3653 11 3716 aar«-
0 3354 12 3643 w«-1.(.„.„;.‚„,0·‹u„a.u—..—
5 3310 10 3318 ..
4 3292 9 3298 Δ
8 3260 10 3264 .
4 3188 12 3200 ,,-,
9 3094 12 3110 ,.
2 3074 11 3079 ;
13 2969 14 2972 Α
6 2932 7 2935 Α
12 2910 13 2913 Α
6 2763 15 2792 „-
7 2687 14 2698 Ὗ.
8 2632 10 2634 «
7 2535 12 2547 ,.
12 2454 15 2458 ,
4 2412 17 2431 Α,
10 2278 14 2284 .,
15 2205 17 2207 ,
15 2153 16 2156 Α
0 1979 14 2018 “2‘
2 1924 8 1950 *Ἢ
6 1899 10 1912 v-
7 1861 11 1881 -oe
13 1706 15 1708 .
16 1592 17 1595 „
14 1562 19 1573 ,.
15 1450 20 1457 ,
15 1417 18 1425 ,
14 1395 15 1398 „
15 1346 19 1359 a
15 1292 18 1307 a
15 1235 19 1262 -„..
15 1171 19 1173 ,
14 1113 19 1136 ,ψ
16 1079 18 1086 ,
15 1045 18 1069 a<
16 995 21 1000 2

17 3649 19 3654 r
13 3548 17 3551 ν
14 3298 16 3303 -
19 3204 22 3213 ..
20 3178 28 3185 ,ῃ
11 3102 22 3127 .‘'
15 3037 26 3067 a,
17 2953 27 2990 ,μη
12 2893 23 2916 (“
17 2829 25 2873 svn„
17 2771 21 2780 ι»
17 2673 22 2682 ⁴
15 2587 23 2627 Δι’·
15 2548 19 2567 ··
16 2435 19 2455 '⁴
16 2372 30 2405 ἰι
18 2351 20 2353 ’
26 2331 30 2335 .
15 2178 31 2314 ,'''2·„'«„.
15 2075 36 2153 22⁴5„
15 2006 29 2051 ⁴⁷·
23 1908 26 1915 Α·
23 1810 35 1856 t‘<
28 1780 32 1784 .
29 1715 31 1718 -
32 1682 34 1684 ⁴
24 1588 38 1648 ’Ἶ-ι,
23 1527 37 1569 ,’···
21 1470 35 1504 'in
26 1431 36 1442 ’-
28 1295 37 1301 3
15 1213 38 1263 -91
17 1091 40 1186 Ῑ’ἶ’·..ὶί
37 999 39 1002 Α

38 2014 39 2017 Α
35 1704 41 1778 ΑΛ,
38 1586 41 1598 ⁴„
38 1396 47 1457 ἸΑΝ..
44 1355 48 1366 ,,
37 1270 46 1308 >.,ν
36 1198 40 1210 ·<
40 1112 49 1125 .-
41 1065 42 1068 Α
39 1005 41 1008 ψ

828 215 980 254 unna
1021 216 1092 254 1v.
1135 214 1254 255 cAP.
1296 213 1422 253 Lxx.
2004 203 2104 271 673

152 309 240 364 tect
267 326 423 362 tamen
455 325 615 360 contra
641 329 695 360 ea
727 328 876 374 agere,
903 325 948 360 et
973 315 1027 359 ab
1061 315 1125 360 eis
1149 313 1425 360 discedendo
1450 313 1760 373 peccare..Sic
1788 314 1911 358 enim
1934 314 2106 360 dictum

59 394 91 442 ιχῪ
153 376 226 429 est
246 383 304 441 (I.
323 383 484 441 Joann.
510 381 588 426 111.
614 381 701 441 9.):
732 382 821 438 Qui
837 387 958 426 natus
973 387 1029 426 est
1053 396 1103 426 ex
1124 382 1215 426 Deo
1240 396 1324 425 non
1331 387 1466 440 potest
1478 388 1668 441 peccare,
1692 380 1807 424 Sicut
1829 382 1866 424 Si
1883 380 2108 425 diceretur

152 450 274 510 quod
307 448 503 494 calidum
529 461 623 492 non
656 457 806 507 potest
831 447 1090 506 infrigidare
1118 447 1183 504 (id
1209 457 1364 491 tamen
1387 447 1509 507 quod
1537 456 1604 491 est
1626 445 1825 490 calidum
1844 457 1994 506 potest
2010 446 2106 491 fieri

151 515 380 578 frigidum,
406 525 450 559 et
471 514 534 559 sic
566 512 878 572 infrigidabit),
910 513 983 558 vel
1015 514 1132 558 sicut
1163 514 1200 558 si
1232 513 1476 558 diceretur:
1505 513 1657 572 Justus
1678 513 1842 571 injusta
1872 526 1965 556 non
1999 514 2106 572 agit,

74 608 83 616 »
153 580 327 628 scilicet
351 581 398 626 in
425 589 642 641 quantum
671 588 739 624 est
762 580 919 638 justus.

886 733 1139 789 CAPUT
1173 733 1376 788 LXXI.

315 863 474 911 QUOD
516 862 680 901 HOMO
720 862 963 902 PECCANS
1003 862 1143 901 POST
1177 849 1660 901 SACRAME'NTORUM
1696 861 1941 901 GRATIAM

649 937 863 975 POTEST
902 938 976 974 AD
1019 936 1265 975 GRATIAM
1305 935 1600 975 CONVERTI.

192 1056 194 1058 ’
239 1044 304 1092 Ex
335 1044 593 1107 praemissis
627 1054 779 1089 autern
813 1044 1043 1104 apparebit
1068 1044 1254 1088 ulterius
1280 1043 1402 1102 quod
1428 1043 1572 1087 homo
1597 1053 1699 1102 post
1724 1044 2102 1090 sacramentalem

150 1105 346 1173 gratiam
377 1120 637 1170 susceptam
662 1111 707 1154 in
739 1121 977 1170 peccatum
1012 1111 1193 1164 cadens,
1219 1110 1384 1154 iterum
1417 1111 1615 1168 reparari
1641 1120 1791 1169 potest
1813 1112 1866 1155 ad
1894 1112 2101 1170 gratiam.

237 1177 303 1223 Ut
334 1177 456 1223 enim
484 1186 719 1222 ostensum
756 1188 836 1232 est,
869 1177 1086 1236 quamdiu
1123 1177 1198 1220 hic
1231 1177 1409 1230 vivitur,
1445 1175 1656 1220 voluntas
1689 1177 1917 1221 mutabilis
1942 1188 2011 1223 est
2035 1192 2104 1223 se·-

149 1242 349 1288 cundum
373 1241 535 1288 vitium
562 1253 605 1288 et
630 1245 856 1288 virtutem.
892 1243 1020 1288 Sicut
1051 1244 1188 1301 igitur
1212 1253 1316 1302 post
1341 1252 1578 1301 acceptam
1612 1244 1804 1301 gratiam
1830 1253 1979 1303 potest
2004 1258 2105 1304 pec·

148 1323 266 1364 care,
292 1310 354 1355 ita
380 1320 424 1354 et
456 1324 482 1354 a
506 1321 712 1369 peccato,
739 1320 787 1354 ut
818 1310 1007 1364 videtur,
1029 1320 1178 1370 potest
1210 1310 1264 1352 ad
1290 1310 1504 1353 virtutem
1526 1309 1686 1354 redire.

199 1392 203 1393 ⁷
238 1375 380 1421 Item:
406 1375 699 1420 manifestum
727 1386 793 1421 est
817 1377 991 1420 bonum
1019 1390 1116 1421 esse
1138 1378 1366 1435 potentius
1384 1375 1531 1420 malo:
1559 1390 1668 1419 nam
1694 1376 1868 1420 malum
1893 1391 1988 1422 non
2011 1377 2105 1437 agit

145 1442 232 1488 nisi
261 1442 426 1487 virtute
450 1443 574 1497 boni,
601 1453 649 1487 ut
670 1457 802 1502 supra
827 1443 872 1486 in
904 1443 1038 1487 tertio
1064 1443 1125 1501 (c.
1158 1443 1246 1499 14.)
1279 1452 1347 1486 est
1379 1452 1628 1487 ostensum.
1657 1443 1706 1487 Si
1727 1444 1864 1501 igitur
1893 1444 2102 1489 voluntas

144 1508 347 1554 hominis
375 1523 401 1553 a
433 1518 550 1553 statu
582 1510 755 1567 gratiae
786 1523 865 1568 per
896 1519 1136 1569 peccatum
1170 1509 1398 1563 avertitur,
1431 1508 1576 1553 multo
1619 1510 1765 1568 magis
1797 1523 1876 1568 per
1907 1511 2102 1569 gratiam

145 1570 295 1634 potest
320 1588 346 1619 a
375 1583 567 1636 peccato
600 1575 817 1619 revocari.
1196 1629 1199 1631 Α

234 1639 424 1698 Adhuc:
450 1641 746 1686 immobilitas
772 1641 1018 1686 voluntatis
1043 1655 1136 1686 non
1170 1642 1390 1701 competit
1415 1642 1565 1696 alicui,
1598 1642 1815 1701 quamdiu
1842 1653 1910 1687 est
1934 1644 1979 1687 in
2010 1643 2097 1687 via.

149 1706 255 1762 Sed,
276 1706 493 1766 quamdiu
519 1708 593 1752 hic
621 1708 765 1752 homo
801 1708 924 1762 vivit,
952 1718 1018 1752 est
1050 1709 1095 1752 in
1121 1709 1194 1752 via
1229 1709 1443 1753 tendendi
1475 1709 1522 1752 in
1553 1709 1765 1752 ultimum
1805 1709 1959 1754 finem.
1991 1710 2100 1754 Non

143 1772 281 1832 igitur
299 1774 436 1818 habet
459 1774 747 1818 immobilem
768 1775 1052 1819 voluntatem
1075 1777 1120 1819 in
1144 1774 1284 1829 malo,
1311 1785 1359 1819 ut
1379 1789 1473 1819 non
1495 1776 1638 1834 possit
1668 1790 1748 1834 per
1779 1776 1981 1821 divinam
2003 1788 2101 1836 gra-

143 1838 256 1884 tiam
288 1841 453 1885 reverti
484 1840 539 1884 ad
571 1840 785 1885 bonum.ss

232 1906 466 1966 Amplius:
501 1906 795 1952 manifestum
827 1917 895 1952 est
926 1908 1047 1967 quod
1081 1922 1106 1952 a
1138 1908 1336 1966 peccatis
1368 1922 1483 1967 quae
1509 1909 1755 1968 quis,⁴ante
1778 1910 1971 1969 gratiam
2004 1925 2101 1970 per·

142 1981 323 2032 ceptam
339 1974 384 2017 in
402 1973 711 2028 sacramentis,
730 1974 976 2027 commisit,
1001 1988 1080 2032 per
1102 1985 1492 2030 sacramentorum
1512 1977 1705 2034 gratiam
1731 1975 1966 2031 liberatur3
1990 1977 2099 2022 dicit

139 2039 262 2083 enim
280 2039 530 2098 Apostolus
557 2039 610 2097 (I.
631 2039 840 2084 Corinth.
864 2040 944 2086 VI.
969 2041 1142 2099 9-11.):
1167 2041 1307 2099 Neque
1315 2042 1566 2099 fornicarii,
1586 2057 1712 2100 neque
1726 2043 1847 2087 idolis
1860 2045 2092 2099 servientes,

139 2119 265 2163 neque
290 2105 486 2159 adulteri,
521 2116 605 2150 ete.
648 2120 819 2164 regnum
851 2107 935 2152 Dei
961 2106 1236 2167 possidebunt.
1271 2108 1328 2152 Et
1360 2107 1455 2152 haec
1487 2108 1650 2166 quidem
1673 2109 1816 2167 fuistis
1841 2104 2066 2167 aliquando
2077 2127 2094 2162 ,-

138 2171 204 2216 sed
233 2171 368 2216 abluti
387 2174 494 2227 estis,
527 2172 593 2217 sed
622 2174 873 2231 sanctificati
903 2175 1007 2227 estis,
1040 2173 1106 2218 sed
1131 2174 1352 2232 justificati
1376 2176 1479 2227 estis,
1502 2175 1547 2217 in
1572 2177 1737 2219 nomine
1759 2176 1941 2219 Domini
1964 2179 2098 2221 nostri

132 2237 228 2294 Jesu
248 2236 426 2292 Christi,
443 2245 482 2284 et
497 2240 542 2282 in
559 2239 722 2298 Spiritu
739 2240 823 2283 Dei
839 2241 984 2284 nostri.
1011 2239 1304 2284 Manifestum
1327 2251 1395 2284 est
1411 2241 1549 2284 etiam
1566 2241 1688 2299 quod
1711 2242 1855 2300 gratia
1880 2242 1926 2286 in
1953 2256 2098 2287 sacra-

138 2303 303 2349 mentis
326 2303 493 2350 collata
517 2315 704 2350 naturae
730 2306 903 2349 bonurn
924 2321 1018 2350 non
1045 2306 1221 2359 minuit,
1249 2307 1327 2350 sed
1351 2318 1499 2366 auget.
1517 2302 1718 2352 Pertinet
1745 2319 1896 2352 autem
1923 2309 2013 2354 hoc
2038 2310 2093 2354 ad

137 2367 310 2414 bonum
336 2381 523 2416 naturae
544 2372 677 2434 >quod
702 2386 726 2416 a
753 2382 944 2431 peccato
975 2372 1233 2416 reducibilis
1266 2373 1323 2417 sit
1354 2374 1399 2416 in
1431 2383 1598 2417 statum
1630 2375 1846 2432 justitiae3
1879 2389 1985 2419 nam
2018 2391 2096 2436 po-

135 2437 276 2481 tentia
308 2437 364 2481 ad
384 2437 572 2492 bonurn,
600 2438 831 2497 quoddam
854 2439 1027 2482 bonum
1054 2448 1134 2483 est.
1157 2439 1312 2498 Igitur,
1340 2440 1376 2483 si
1404 2441 1640 2499 contingat
1661 2456 1852 2500 peccare
1875 2452 1978 2501 post
1998 2457 2096 2502 gra-

136 2502 249 2547 tiam
273 2513 552 2563 perceptam,
581 2505 728 2548 adhuc
761 2505 906 2549 homo
933 2504 1192 2549 reducibilis
1218 2508 1301 2549 erit
1327 2506 1382 2549 ad
1416 2516 1583 2551 statum
1609 2507 1817 2565 justitiae.

176 2570 179 2572 ’
225 2568 415 2614 Adhuc:
442 2571 480 2614 si
505 2580 748 2628 peccantes
774 2580 876 2630 post
901 2571 1178 2631 baptismum
1198 2572 1253 2615 ad
1277 2573 1470 2631 gratiam
1493 2574 1638 2618 redire
1665 2588 1758 2618 non
1785 2585 1988 2633 possunt,
2009 2576 2094 2620 tol-

135 2634 242 2680 litur
271 2637 334 2680 eis
367 2650 469 2695 spes
494 2636 664 2681 salutis.
686 2637 958 2696 Desperatio
977 2648 1130 2682 autem
1157 2649 1223 2682 est
1244 2639 1318 2682 via
1345 2639 1399 2682 ad
1427 2639 1565 2683 libere
1593 2641 1902 2698 peccandum;
1929 2643 2092 2686 dicitur

136 2701 259 2746 enim
291 2701 478 2761 (Ephes.
506 2703 583 2747 IV.
616 2704 704 2762 19.)
732 2703 787 2748 de
814 2704 1083 2763 quibusdam
1116 2705 1239 2764 quod
1271 2705 1539 2765 desperantes,
1573 2709 1805 2766 semetipsos
1832 2708 2093 2754 tradiderunt

133 2768 433 2828 impudicitiae,
449 2770 495 2813 in
522 2772 803 2832 operationem
829 2773 961 2815 omnis
978 2771 1267 2817 immunditiae
1292 2779 1332 2817 et
1356 2775 1581 2818 avaritiae.
1609 2773 1999 2820 Periculosissima
2024 2785 2092 2821 est

133 2833 271 2893 igitur
292 2834 408 2879 haec
430 2835 612 2895 positio,
639 2850 754 2895 quae
780 2837 825 2880 in
850 2845 1024 2882 tantam
1047 2839 1271 2883 sentinam
1304 2839 1519 2884 vitiorum
1546 2840 1757 2884 homines
1783 2840 1968 2886 inducit.

220 2898 488 2947 Praeterea:
522 2912 757 2947 ostensum
797 2913 864 2948 est
898 2918 1032 2964 supra
1065 2906 1126 2962 (c.
1151 2905 1322 2964 praec.)
1359 2906 1481 2964 quod
1526 2907 1669 2965 gratia
1706 2909 1750 2950 in
1791 2901 2090 2954 sacramentis

130 2974 343 3027 percepta
372 2981 467 3013 non
500 2969 735 3014 constituit
764 2970 1003 3015 hominem
1035 2971 1397 3030 impeccabilem.
1434 2973 1483 3017 Si
1515 2974 1651 3031 igitur
1681 2983 1786 3032 post
1817 2976 2009 3032 gratiam
2041 2976 2088 3020 in

128 3034 423 3079 sacramentis
449 3046 710 3095 perceptam
737 3050 930 3095 peccans
964 3038 1019 3081 ad
1051 3048 1220 3082 statum
1251 3039 1447 3096 justitiae
1479 3039 1624 3083 redire
1656 3053 1750 3083 non
1782 3050 1950 3098 posset,
1977 3042 2090 3100 peri-

129 3098 339 3144 culosum
373 3110 491 3147 esset
525 3111 810 3147 sacramenta
847 3104 1104 3164 percipere3
1142 3106 1265 3164 quod
1302 3115 1425 3164 patet
1462 3120 1560 3150 esse
1596 3106 1936 3151 inconveniens.
1978 3107 2086 3153 Non

127 3164 264 3224 igitur
287 3167 579 3224 peccantibus
604 3179 707 3229 post
733 3181 1016 3215 sacramenta
1042 3181 1255 3230 percepta
1282 3173 1450 3216 reditus
1483 3173 1538 3215 ad
1571 3173 1789 3230 justitiam
1822 3173 2085 3233 denegatur.

217 3231 318 3276 Hoc
332 3233 468 3290 etiam
483 3235 749 3280 auctoritate
765 3250 921 3280 sacrae
936 3237 1195 3295 Scripturae
1213 3238 1519 3282 confirmatur.
1535 3239 1713 3282 Dicitur
1726 3239 1846 3284 enim
1858 3240 2083 3299 (LJoann.

127 3296 183 3341 II.
215 3301 250 3343 1.
277 3308 323 3343 et
347 3300 434 3356 2.):
461 3301 612 3345 Filioli
641 3303 734 3356 mei,
764 3303 861 3347 haec
886 3305 1021 3348 scribo
1047 3306 1178 3357 vobis,
1204 3311 1250 3348 ut
1275 3319 1358 3347 non
1378 3307 1564 3364 peccetis.
1598 3306 1675 3350 Sed
1706 3312 1744 3351 et
1767 3308 1803 3350 si
1833 3309 1923 3365 quis
1940 3315 2088 3366 pecca·

126 3365 249 3418 verit,
277 3364 529 3411 advocatum
554 3362 748 3413 habemas
772 3369 883 3428 apud
908 3371 1092 3425 Patrem,
1114 3372 1251 3427 Iesum
1282 3372 1493 3415 Christum
1515 3375 1704 3430 justum,·
1736 3380 1772 3418 et
1803 3376 1885 3433 ipse
1909 3381 1966 3419 est
1985 3383 2081 3434 pro-

120 3431 290 3490 pitiatio
309 3439 392 3490 pro
413 3434 595 3492 peccatis
618 3437 797 3487 nostris,·
823 3450 939 3495 quae
962 3437 1146 3495 quidem
1171 3437 1306 3480 verba
1328 3437 1621 3484 manifestum
1644 3449 1712 3484 est
1732 3441 1853 3499 quod
1875 3441 2081 3487 fidelibus

127 3497 223 3555 jam
256 3499 424 3543 renatis
461 3501 844 3559 proponebantur.
886 3503 1056 3548 Paulus
1097 3505 1236 3548 etiam
1272 3504 1328 3548 de
1365 3504 1609 3550 Corinthio
1646 3505 1891 3552 fornicario
1928 3509 2080 3554 scribit

130 3562 209 3621 (11.
236 3563 345 3610 Cor.
371 3565 427 3611 II.
454 3564 495 3610 6.
523 3576 568 3611 et
594 3566 680 3625 7.):
710 3568 868 3628 Sufficit
897 3570 976 3624 illi,
1005 3572 1077 3629 qui
1108 3570 1309 3629 eiusmodi
1339 3578 1409 3627 est,
1442 3574 1680 3633 obiurgatio
1714 3574 1810 3620 haec
1842 3589 1946 3634 quae
1966 3577 2021 3635 fit
2054 3592 2078 3620 a

263 3667 301 3703 S.
327 3668 482 3704 Tamus
509 3671 643 3704 Summa
667 3678 777 3706 eontra
805 3672 957 3707 Gentiles.
1903 3688 1942 3722 43
