2332 3854
11 3332 38 3402 Ῐτῖῗῗῖϋ
16 3273 37 3318 *2⁴3ss
22 3190 35 3218 μ’
20 3145 28 3174 ν·
17 3117 20 3118 ’
20 3062 33 3099 λ’»
21 3040 29 3044 “
22 3009 29 3019 ³
17 2927 21 2935 '¹
17 2869 19 2872 ’
11 2787 18 2817 ””

791 218 945 257 tumn
986 218 1063 257 111.
1106 218 1228 258 CAP.
1272 217 1380 256 mv.
1959 204 2058 272 363

113 335 140 366 a
161 321 266 367 Deo
291 321 475 365 sortitur
505 319 563 365 ad
586 318 727 364 talem
752 318 981 373 effectum,
1007 319 1114 365 licet
1144 318 1395 363 secundum
1428 331 1561 362 suurn
1589 331 1687 361 esse
1715 331 1742 361 a
1773 317 1875 362 Deo
1903 319 1948 361 in
1972 317 2068 361 infi-

116 387 262 433 nitum
287 387 435 439 distet,
461 396 509 430 ut
533 385 733 430 secunda
774 386 889 430 ratio
926 385 1223 445 proponebat.
1256 384 1364 429 Non
1405 383 1527 428 enim
1552 383 1643 427 hoc
1676 383 1835 428 lumen
1861 394 2066 428 creatum

111 451 393 498 intellectum
415 453 518 496 Deo
544 451 779 509 conjungit
806 451 1057 495 secundum
1085 466 1199 505 esse,
1231 451 1310 496 sed
1337 450 1589 495 secundum
1615 449 1867 508 intelligere
1898 449 2066 494 solum.

204 517 328 570 Quia
363 532 472 563 vero
513 517 655 577 ipsius
686 517 775 561 Dei
806 518 1041 576 proprium
1074 528 1142 563 est
1177 528 1225 562 ut
1256 532 1386 563 suam
1427 517 1724 561 substantiam
1755 516 1953 575 perfecte
1995 530 2070 559 co-

111 594 319 643 gnoscat,
344 583 500 628 lumen
527 583 808 643 praedictum
830 584 919 627 Dei
942 583 1190 628 similitudo
1215 594 1281 628 est
1307 594 1527 642 quantum
1554 583 1609 626 ad
1632 583 1724 627 hoc
1745 583 1869 642 quod
1896 583 1952 626 ad
1978 582 2066 626 Dei

111 649 408 695 substantiam
429 650 673 694 videndam
693 650 916 708 producit.
945 650 1047 693 Hoc
1085 661 1236 695 autern
1275 651 1416 695 modo
1451 649 1576 694 nulla
1618 649 1939 695 intellectualis
1970 650 2060 694 sub

110 717 272 761 stantia
293 716 542 760 similitudo
566 716 655 760 Dei
682 729 779 760 esse
802 726 963 774 potest.
982 716 1104 760 Cum
1123 719 1245 761 enim
1272 712 1438 761 nullius
1456 717 1732 761 substantiae
1759 726 1937 760 creatae
1965 718 2069 760 sim-

110 781 286 842 plicitas
326 782 383 826 sit
422 782 624 840 aequalis
665 782 857 835 divinae,
885 782 1165 841 impossibile
1197 794 1277 836 est,
1314 783 1437 841 quod
1473 793 1619 827 totam
1661 796 1793 827 suam
1834 782 2070 842 perfectio-

109 862 216 893 nem
248 857 399 893 creata
423 848 675 893 substantia
700 848 867 892 habeat
900 848 947 891 in
971 848 1148 892 eodem.
1177 849 1278 892 Hoc
1303 850 1425 892 enim
1453 859 1520 893 est
1551 850 1784 907 proprium
1816 848 1920 902 Dei,
1947 859 1995 892 ut
2019 848 2066 893 in

110 914 259 973 primo
277 915 337 971 (c.
365 913 458 971 28.)
485 924 720 958 ostensum
739 923 818 968 est,
835 915 912 972 qui
938 915 1190 959 secundum
1217 915 1339 959 idem
1367 924 1432 959 est
1455 929 1534 960 ens
1551 914 1810 973 intelligens
1829 925 1874 959 et
1893 914 2066 959 beatuS.

110 981 248 1026 Aliud
273 981 409 1040 igitur
435 991 614 1039 oportet
639 995 737 1025 esse
763 981 809 1024 in
836 981 1085 1025 substantia
1110 980 1405 1025 intellectuali
1437 991 1588 1025 creata
1614 980 1779 1024 lumen*
1796 994 1887 1038 quo
1914 980 2067 1024 divina

60 1062 66 1068 ·
109 1047 284 1092 visione
310 1046 603 1100 beatificatur,
636 1057 680 1091 et
706 1047 827 1091 aliud
854 1047 1175 1106 quodcumque
1202 1048 1359 1092 lumen
1385 1062 1476 1106 quo
1502 1048 1548 1090 in
1571 1047 1723 1105 specie
1748 1061 1857 1091 suae
1879 1057 2066 1090 naturae

110 1112 380 1173 completur,
405 1123 450 1158 et
474 1113 874 1172 proportionaliter
905 1128 1035 1158 suam
1061 1114 1360 1158 substantiam
1385 1113 1609 1171 intelligit.
1633 1113 1699 1156 Ex
1725 1127 1816 1171 quo
1844 1122 1969 1172 patet
1998 1126 2068 1157 so-

110 1178 223 1225 lutio
244 1180 404 1224 tertiae
429 1180 628 1223 rationis.

200 1245 376 1298 Quarta
399 1260 509 1290 vero
540 1245 730 1290 solvitur
755 1261 834 1305 per
857 1246 948 1291 hoc
975 1248 1097 1306 quod
1123 1248 1239 1292 visio
1266 1248 1443 1292 divinae
1465 1246 1741 1291 substantiae
1769 1260 1957 1291 omnem
1990 1260 2068 1290 na-

107 1311 303 1357 turalem
327 1312 542 1357 virtutem
568 1312 759 1366 excedit,
785 1323 834 1357 ut
859 1323 1095 1358 ostensum
1121 1324 1189 1358 est
1209 1315 1272 1372 (c.
1303 1314 1407 1370 52.),
1433 1313 1553 1357 unde
1577 1323 1622 1357 et
1637 1313 1793 1356 lumen
1820 1326 1911 1371 quo
1933 1312 2061 1356 intel-

107 1377 252 1424 lectus
278 1388 455 1423 creatus
481 1377 711 1438 perficitur
738 1378 793 1422 ad
822 1379 1000 1423 divinae
1026 1379 1305 1424 substantiae
1331 1379 1556 1424 visionem
1584 1389 1765 1437 oportet
1791 1392 1889 1423 esse
1916 1392 2066 1438 super-

108 1444 328 1489 naturale.
703 1483 706 1486 .
1211 1437 1227 1456 ⁶

194 1510 356 1570 Neque
389 1521 543 1556 autern
574 1511 754 1555 divinae
786 1511 1064 1556 substantiae
1094 1511 1320 1555 visionem
1352 1511 1574 1570 impedire
1601 1520 1764 1570 potest,
1791 1510 1912 1570 quod
1939 1511 2065 1555 Deus

109 1577 283 1622 dicatur
310 1591 407 1622 esse
432 1577 647 1630 infinitus,
674 1587 723 1622 ut
748 1578 905 1636 quinta
930 1579 1044 1622 ratio
1071 1577 1368 1636 proponebat.
1394 1577 1503 1620 Non
1529 1578 1653 1621 enim
1679 1577 1842 1622 dicitur
1865 1576 2066 1622 infinitus

110 1644 342 1703 privative,
366 1644 485 1688 sicut
516 1644 755 1703 quantitas.
782 1644 1060 1702 Huiusmodi
1086 1644 1209 1688 enirn
1240 1643 1469 1687 infinitum
1496 1644 1823 1688 rationabiliter
1848 1655 1916 1688 est
1939 1644 2067 1702 igno-

109 1714 223 1764 tum',
248 1710 355 1768 quia
379 1720 446 1755 est
472 1710 602 1769 quasi
628 1710 818 1754 materia
843 1724 1002 1755 carens
1027 1709 1192 1768 forma,
1224 1724 1339 1769 quae
1373 1719 1441 1754 est
1471 1710 1750 1769 cognitionis
1775 1710 2062 1769 principium.
2122 1715 2127 1718 ’

111 1775 203 1820 Sed
227 1776 390 1820 dicitur
413 1775 614 1820 infinitus
630 1775 842 1835 negative
865 1777 995 1835 quasi
1019 1775 1167 1820 forma
1190 1790 1270 1836 per
1290 1791 1338 1820 se
1365 1777 1626 1830 subsistens,
1651 1790 1746 1821 non
1772 1776 1964 1821 limitata
1986 1791 2066 1836 per

109 1841 347 1887 materiam
372 1841 681 1900 recipientem.
709 1841 843 1886 Unde
868 1843 992 1901 quod
1017 1844 1082 1887 sic
1115 1853 1182 1887 est
1213 1842 1456 1898 infinitum,
1491 1843 1695 1888 maxime
1728 1853 1797 1887 est
1829 1843 2067 1902 cognosci-

109 1906 199 1952 bile
230 1907 482 1952 secundum
513 1921 576 1952 se.

198 1974 440 2034 Proportio
463 1983 616 2019 autem
649 1973 904 2019 intellectus
937 1975 1078 2021 creati
1104 1985 1171 2020 est
1201 1976 1386 2034 quidem
1420 1976 1475 2020 ad
1512 1977 1666 2020 Deum
1703 1975 2067 2035 intelligendum,

108 2053 203 2085 non
227 2039 480 2085 secundum
511 2041 1011 2085 commensurationem
1039 2041 1239 2100 aliquam
1270 2042 1566 2101 proportione
1599 2043 1856 2096 exsistente,
1884 2042 1963 2087 sed
1996 2057 2065 2086 se-

110 2106 308 2151 cundum
340 2106 463 2165 quod
498 2106 734 2164 proportio
770 2107 998 2165 significat
1028 2122 1366 2167 quamcumque
1399 2109 1714 2152 habitudinem
1747 2109 1880 2153 unius
1914 2108 1971 2152 ad
2004 2107 2063 2156 al-

107 2183 274 2226 terum,
308 2172 382 2217 vel
423 2173 640 2217 materiae
673 2173 727 2216 ad
760 2172 974 2231 formam,
1007 2174 1080 2219 vel
1123 2189 1289 2219 causae
1331 2175 1386 2218 ad
1419 2174 1647 2219 effectum.
1686 2175 1761 2219 Sic
1796 2175 1918 2219 enim
1950 2175 2066 2219 nihil

110 2239 322 2299 prohibet
343 2253 441 2284 esse
468 2241 811 2299 proportionem
839 2251 1072 2285 creaturae
1113 2241 1170 2285 ad
1195 2242 1352 2285 Deum
1379 2242 1630 2286 secundum
1662 2241 1977 2291 habitudinem
2002 2242 2066 2285 in-

107 2303 359 2364 telligentis
391 2305 447 2350 ad
478 2305 776 2361 intellectum,
809 2307 926 2350 sicut
958 2307 1096 2351 etiam
1138 2308 1390 2352 secundum
1431 2308 1747 2352 habitudinem
1787 2306 1975 2352 effectus
2010 2308 2066 2352 ad

110 2385 309 2417 causam.
337 2371 471 2417 Unde
497 2382 620 2431 patet
645 2371 813 2418 solutio
841 2383 992 2418 sextae
1020 2368 1303 2432 objectionis.

881 2542 1136 2598 CAPUT
1184 2543 1298 2598 LV.

343 2674 501 2721 QUOD
542 2675 920 2714 INTELLECTUS
963 2676 1210 2714 CREATUS
1249 2677 1367 2716 NON
1407 2678 1842 2718 COMPREHENDIT

749 2749 985 2787 DIVINAM
1025 2749 1423 2790 SUBSTANTIAM.

410 2856 467 2913 (Ι.
488 2863 606 2915 part.
632 2864 782 2915 quaest.
810 2858 908 2902 XII.
935 2864 1016 2903 art.
1046 2872 1083 2916 7.
1110 2865 1146 2903 et
1170 2859 1274 2903 Ι-ΙΙ.
1301 2866 1453 2918 quaest.
1481 2861 1559 2904 IV.
1587 2867 1668 2905 art.
1692 2862 1767 2919 3.).

206 2965 330 3018 Quia
357 2980 467 3011 vero
495 2967 735 3025 cujuslibet
761 2968 953 3013 actionis
979 2970 1144 3014 modus
1176 2970 1378 3029 sequitur
1403 2969 1655 3015 efficaciam
1683 2971 1820 3015 activi
1845 2972 2067 3031 principii,

112 3035 258 3092 magis
285 3033 407 3078 enim
435 3033 656 3088 calefacit,
683 3035 964 3093 cujusxcalor
990 3036 1234 3081 virtuosior
1260 3048 1340 3091 est,
1368 3043 1548 3096 oportet
1579 3039 1701 3097 quod
1735 3039 1872 3083 etiam
1899 3040 2065 3084 modus

111 3099 387 3158 cognitionis
419 3111 631 3158 sequatur
663 3100 913 3146 efficaciam
947 3103 1154 3161 principii
1187 3105 1510 3161 cognoscendi.
1546 3105 1723 3148 Lumen
1757 3115 1908 3150 autem
1943 3119 2067 3164 prae·

112 3165 282 3213 dictum
308 3175 376 3210 est
400 3166 631 3224 quoddam
653 3167 830 3212 divinae
849 3169 1125 3226 cognitionis
1147 3170 1433 3228 principium,
1455 3185 1559 3215 cum
1583 3185 1661 3229 per
1686 3173 1835 3230 ipsum
1863 3172 2063 3217 elevetur

110 3230 364 3276 intellectus
392 3242 566 3276 creatus
599 3233 655 3276 ad
687 3233 887 3278 divinam
920 3235 1217 3279 substantiam
1258 3237 1514 3281 videndam.
1559 3237 1755 3296 Oportet
1790 3252 1900 3296 ergo
1940 3239 2063 3297 quod

112 3298 276 3343 modus
303 3298 481 3344 divinae
508 3299 695 3344 visionis
728 3312 1121 3346 commensuretur
1146 3303 1298 3347 virtuti
1324 3304 1542 3360 praedicti
1564 3303 1762 3347 luminis.
1786 3304 1964 3348 Lumen
1991 3319 2066 3349 au-

51 3364 57 3385 ·”
113 3372 206 3418 tem
232 3365 511 3423 praedictum
541 3365 736 3410 multum
762 3366 913 3412 deficit
944 3367 990 3411 in
1022 3368 1184 3412 virtute
1218 3382 1243 3412 a
1277 3368 1479 3413 claritate
1511 3370 1651 3413 divini
1682 3369 1952 3415 intellectus.
1979 3371 2066 3415 Im-

113 3430 324 3487 possibile
357 3441 426 3476 est
459 3445 586 3490 ergo,
612 3433 733 3490 quod
759 3446 838 3491 per
863 3433 1126 3492 hujusmodi
1152 3434 1307 3479 lumen
1332 3436 1396 3479 ita
1418 3435 1615 3494 perfecte
1642 3436 1794 3480 divina
1815 3437 2064 3482 substantia

113 3494 332 3552 videatur,
352 3497 469 3541 sicut
493 3511 596 3541 eam
628 3498 752 3543 videt
776 3499 1030 3544 intellectus
1057 3501 1248 3544 divinus.
1281 3500 1543 3546 Intellectus
1570 3513 1723 3547 autem
1749 3503 1928 3548 divinus
1957 3504 2061 3548 sub-

113 3563 325 3608 stantiam
360 3563 486 3608 illam
521 3564 643 3609 videt
674 3565 734 3609 ita
772 3565 982 3624 perfecte,
1015 3567 1132 3612 sicut
1167 3566 1362 3626 perfecte
1395 3568 1582 3613 visibilis
1615 3579 1706 3623 est;
1739 3570 1904 3615 veritas
1937 3570 2061 3615 enim
