2332 3854
784 216 940 255 mut-:R
979 217 1014 254 1.
1057 214 1177 254 cAP.
1220 214 1428 253 xxxvn.
2016 217 2084 272 45

819 425 1074 482 CAPUT
1113 425 1407 483 XXXVII.

698 560 884 608 QUOD
934 561 1098 600 DEUS
1143 561 1260 600 EST
1307 561 1540 601 BONUS.

833 663 892 721 (I.
912 669 1026 723 part.
1057 678 1094 722 q.
1131 663 1201 708 VI.
1228 670 1308 709 art.
1333 664 1408 722 1.).

199 775 287 820 -Ex
317 773 606 835 perfectione
622 784 775 819 autem
801 773 967 828 divina,
994 788 1132 833 quam
1165 774 1460 828 ostendimus,
1493 773 1672 819 bonitas
1703 774 1844 834 ipsius
1876 773 2091 819 concludi

133 852 295 905 potest.
328 842 378 887 Id
410 842 534 886 enim
565 855 657 901 quo
688 841 1045 900 unumquodque
1076 841 1251 884 bonum
1282 840 1459 895 dicitur,
1491 851 1559 885 est
1590 842 1773 901 propria
1797 841 1938 887 virtus
1971 843 2089 900 ejus;

118 923 240 962 ,nam
266 909 406 954 virtus
431 918 499 953 est
523 908 875 967 uniuscujusque
901 921 1018 966 quae
1044 907 1217 951 bonum
1243 906 1352 951 facit
1382 908 1644 962 habentem,
1673 918 1718 953 et
1742 922 1857 967 opus
1890 909 1986 967 ejus
2012 909 2089 953 bo-

132 990 244 1022 num
268 976 426 1021 reddit.
453 975 606 1019 Virtus
634 985 787 1019 autem
815 984 882 1019 est
907 973 1125 1033 perfectio
1149 973 1397 1032 quaedam:
1421 984 1526 1018 tunc
1551 975 1673 1018 enim
1695 988 1838 1019 unum
1858 974 2092 1034 quodlibet

132 1042 383 1104 perfectum
409 1042 601 1086 dicimus
634 1041 818 1100 quando
852 1041 1030 1099 attingit
1061 1040 1292 1098 propriam
1332 1041 1561 1095 virtutem,
1588 1051 1637 1085 ut
1661 1051 1784 1099 patet
1814 1042 1861 1085 in
1893 1042 2090 1100 septimo

133 1110 269 1170 Phys.
295 1109 347 1168 (t.
373 1122 413 1153 c.
445 1109 548 1165 18.);
572 1123 628 1153 ex
648 1108 738 1153 hoc
757 1109 892 1167 igitur
912 1107 1269 1166 unumquodque
1291 1107 1466 1151 bonum
1490 1118 1555 1152 est
1578 1108 1699 1167 quod
1722 1107 1973 1168 perfectum
1997 1118 2090 1155 est:

132 1186 176 1224 et
200 1175 306 1221 inde
333 1185 402 1221 est
425 1175 548 1234 quod
574 1175 932 1234 unumquodque
967 1188 1095 1218 suam
1129 1173 1458 1233 perfectionem
1491 1175 1673 1233 appetit,
1706 1175 1823 1219 sicut
1853 1175 2089 1234 proprium

83 1250 87 1255 '
128 1241 319 1290 bonum.
347 1243 598 1288 Ostensum
625 1252 693 1287 est
714 1244 775 1301 (c.
795 1242 887 1300 28.)
905 1252 1072 1295 autem,
1090 1242 1241 1286 Deum
1260 1256 1358 1286 esse
1381 1241 1657 1301 perfectum3
1685 1253 1752 1287 est
1772 1243 1910 1302 igitur
1929 1244 2090 1288 bonus.

220 1310 336 1355 Item
361 1319 595 1355 ostensum
621 1320 689 1354 est
713 1324 848 1368 supra
869 1310 930 1367 (c.
960 1309 1048 1367 13.)
1071 1323 1169 1354 esse
1193 1308 1377 1368 aliquod
1399 1310 1598 1368 primum
1623 1324 1815 1355 movens
1836 1310 2091 1365 immobile,

127 1377 255 1438 quod
279 1377 405 1421 Deus
433 1386 525 1430 est;
551 1386 709 1421 movet
735 1386 902 1430 autem,
929 1377 1045 1420 sicut
1070 1390 1261 1420 movens
1288 1377 1479 1420 omnino
1506 1376 1760 1432 immobile,
1782 1377 1906 1437 quod
1932 1386 2093 1421 movet

121 1443 249 1491 sicut
273 1443 594 1488 desideratum.

217 1510 344 1556 Deus
368 1510 518 1569 igitur,
545 1523 650 1554 cum
668 1510 724 1553 sit
741 1511 938 1568 primum
962 1523 1154 1554 movens
1178 1509 1431 1563 immobile,
1454 1519 1521 1554 est
1542 1510 1739 1569 primum
1767 1510 2092 1558 desideratum.

119 1577 425 1624 Desideratur
450 1585 602 1621 autem
629 1575 866 1635 dupliciter
898 1575 1083 1635 aliquid,
1110 1586 1187 1620 aut
1211 1577 1317 1636 quia
1351 1587 1418 1621 est
1448 1577 1641 1631 bonum,
1666 1587 1743 1622 aut
1767 1577 1872 1636 quia
1905 1586 2092 1637 apparet

130 1643 318 1698 bonurn,
344 1657 540 1703 quorum
571 1643 772 1702 primum
798 1652 866 1687 est
891 1644 1014 1702 quod
1049 1653 1118 1687 est
1152 1643 1353 1698 bonum3
1390 1658 1499 1687 nam
1537 1658 1758 1703 apparens
1788 1645 1963 1689 bonum
1997 1658 2092 1689 non

131 1721 288 1756 movet
312 1724 392 1770 per
415 1711 631 1770 seipsum,
648 1710 727 1754 sed
753 1710 1005 1754 secundum
1022 1710 1145 1770 quod
1162 1710 1299 1759 habet
1317 1710 1516 1769 aliquam
1534 1711 1735 1771 speciem
1765 1711 1898 1756 boni:
1918 1711 2091 1755 bonum

131 1790 243 1824 vero
274 1787 431 1822 movet
462 1791 542 1837 per
573 1777 787 1837 seipsum.
820 1777 1028 1820 Primum
1061 1777 1197 1836 igitur
1229 1777 1549 1832 desideratum,
1591 1778 1713 1837 quod
1745 1779 1871 1822 Deus
1912 1788 1993 1833 est,
2025 1787 2093 1823 est

34 1846 51 1882 ,ἰ
130 1858 238 1890 vere
261 1845 449 1890 bonum.

218 1911 405 1956 Adhuc:
430 1911 601 1956 bonum
631 1921 699 1955 est
723 1911 846 1970 quod
873 1910 1029 1955 omnia
1055 1920 1286 1970 appetunt,
1313 1921 1360 1956 ut
1387 1910 1696 1971 Philosophus
1722 1912 1894 1972 optime
1916 1912 2089 1957 dictum

131 1977 376 2024 introducit
398 1978 546 2038 primo
564 1977 766 2023 Ethicor.
792 1978 853 2036 (c.
886 1977 970 2034 1.);
997 1979 1152 2021 omnia
1175 1988 1328 2022 autem
1351 1988 1568 2036 appetunt
1589 1993 1689 2024 esse
1712 1989 1815 2023 actu
1837 1979 2089 2024 secundum

131 2059 266 2091 suum
297 2044 504 2099 modum,
531 2045 654 2104 quod
679 2053 802 2104 patet
833 2058 888 2089 ex
917 2044 1008 2088 hoc
1042 2044 1165 2103 quod
1197 2046 1556 2104 unumquodque
1591 2046 1844 2090 secundum
1879 2044 2090 2090 flaturam

131 2126 262 2158 suam
288 2121 511 2172 repugnat
535 2111 830 2171 corruptioni.
855 2112 967 2156 Esse
991 2111 1126 2170 igitur
1154 2122 1272 2165 actu,
1298 2112 1408 2155 boni
1433 2112 1659 2156 rationem
1687 2113 1942 2157 constituit:
1970 2113 2090 2157 unde

131 2188 178 2225 et
200 2193 282 2239 per
306 2180 610 2238 privationem
636 2188 777 2233 actus,
805 2192 830 2221 a
855 2178 1060 2237 potentia
1087 2179 1380 2237 consequitur
1406 2178 1595 2234 malum,
1622 2179 1745 2239 quod
1773 2189 1840 2224 est
1863 2180 1988 2224 bono
2015 2193 2092 2239 op-

130 2245 345 2307 positum,
362 2254 409 2290 ut
426 2259 507 2305 per
522 2244 858 2304 Philosophum
884 2254 1008 2304 patet
1032 2245 1078 2288 in
1104 2258 1230 2289 nono
1252 2245 1508 2305 Metaphys.
1531 2247 1582 2305 (t.
1602 2261 1641 2291 c.
1663 2246 1765 2304 19.).
1788 2247 1914 2291 Deus
1937 2256 2090 2291 autem

84 2348 87 2350 —
131 2321 200 2359 est
223 2325 304 2359 ens
330 2322 449 2367 actu,
474 2325 569 2357 non
595 2312 642 2356 in
668 2312 887 2371 potentia,
913 2322 962 2356 ut
986 2326 1119 2372 supra
1153 2321 1387 2357 ostensum
1415 2322 1482 2357 est
1507 2314 1568 2372 (c.
1600 2312 1710 2372 16.);
1737 2323 1805 2359 est
1828 2314 1965 2373 igitur
1985 2328 2091 2359 vere

89 2424 91 2427 Α
131 2378 295 2426 bonus.

139 2456 143 2460 ’
176 2455 195 2474 2
218 2445 455 2505 Amplius:
483 2444 844 2490 communicatio
873 2458 972 2490 esse
999 2454 1043 2490 et
1067 2445 1296 2501 bonitatiS,
1318 2460 1374 2491 ex
1393 2446 1595 2491 bonitate
1613 2447 1832 2506 procedit,
1855 2448 1977 2506 quod
1999 2447 2092 2507 qui-

130 2511 234 2559 dem
262 2522 386 2573 patet
415 2526 470 2557 ex
496 2514 594 2571 ipsa
617 2522 778 2556 natura
803 2512 928 2567 boni,
955 2521 999 2556 et
1024 2526 1078 2556 ex
1111 2514 1209 2571 ejus
1234 2512 1434 2568 ratione3
1466 2513 1730 2558 naturaliter
1762 2514 1885 2558 enim
1915 2514 2090 2558 bonum

88 2586 96 2598 ²
130 2579 484 2639 uniuscujusque
509 2588 555 2624 et
580 2579 700 2623 actio
733 2588 802 2623 est
832 2578 1050 2638 perfectio
1071 2580 1181 2638 ejus.
1215 2579 1588 2639 Unumquodque
1618 2591 1772 2625 autem
1799 2595 1853 2624 ex
1877 2581 1969 2625 hoc
1997 2581 2092 2639 agit

76 2659 94 2701 a,
131 2648 254 2709 quod
279 2658 382 2693 actu
415 2657 513 2703 est;
538 2647 717 2707 agendo
751 2657 905 2692 autem
938 2661 1037 2692 esse
1070 2657 1115 2691 et
1144 2647 1395 2692 bonitatem
1428 2659 1474 2692 et
1505 2648 1594 2692 alia
1620 2647 1842 2692 diffundit.
1880 2648 2014 2692 Unde
2046 2657 2090 2692 et

130 2714 313 2775 signum
337 2714 627 2775 perfectionis
653 2723 722 2759 est
746 2713 936 2772 alicujus
968 2714 1091 2773 quod
1115 2714 1267 2759 simile
1298 2714 1383 2758 sibi
1414 2715 1558 2773 possit
1588 2715 1854 2774 producere,
1888 2725 1937 2759 ut
1966 2723 2089 2774 patet

71 2785 113 2843 ²34,
130 2794 212 2843 per
233 2781 568 2843 Philosophum
595 2782 644 2826 in
669 2791 830 2840 quarto
857 2780 1234 2826 Metheoreorum
1260 2782 1312 2839 (t.
1335 2795 1373 2825 c.
1400 2781 1503 2838 18.).
1526 2781 1660 2826 Ratio
1682 2795 1792 2826 vero
1818 2782 1928 2825 boni
1951 2791 2018 2826 est
2034 2795 2089 2826 ex

70 2842 108 2907 ’ἶῆῗ
129 2848 221 2894 hoc
245 2848 368 2908 quod
394 2858 463 2892 est
487 2847 742 2907 appetibile,
767 2847 890 2906 quod
918 2857 985 2891 est
1010 2847 1126 2900 finis,
1153 2861 1269 2906 quae
1296 2848 1435 2892 etiam
1462 2858 1619 2892 movet
1641 2858 1853 2907 agentem
1877 2848 1932 2892 ad
1956 2861 2092 2907 agen·

122 2914 268 2970 dmm
292 2923 476 2974 propter
501 2914 623 2974 quod
645 2914 808 2958 dicitur
832 2914 1007 2958 bonum
1034 2927 1132 2958 esse
1156 2913 1415 2958 diffusivum
1443 2915 1513 2958 sui
1538 2928 1649 2960 esse.
1678 2915 1804 2959 Haec
1832 2923 1984 2959 autem
2011 2913 2090 2958 dif-

81 2999 86 3001 ·
130 2979 251 3027 fusio
272 2981 377 3027 Deo
403 2981 645 3041 competit;
678 2990 914 3025 ostensum
947 2990 1014 3025 est
1046 2981 1169 3024 enim
1196 2994 1331 3040 supra
1356 2982 1418 3039 (c.
1451 2981 1553 3040 13.),
1587 2981 1709 3040 quod
1742 2981 1868 3026 Deus
1894 2992 1963 3026 est
1989 2981 2088 3025 aliis

132 3060 268 3093 eausa
291 3048 482 3103 essendi,
507 3048 624 3093 sicut
648 3061 728 3106 per
752 3061 800 3092 se
822 3062 902 3092 ens
926 3061 1115 3092 necesse
1141 3061 1254 3092 esse.
1283 3048 1362 3093 Est
1386 3048 1523 3106 igitur
1547 3062 1653 3092 vere
1678 3048 1840 3093 bonus.

220 3114 340 3159 Hinc
365 3124 434 3159 est
457 3114 580 3174 quod
606 3116 652 3159 in
669 3114 837 3158 Psalm.
861 3114 1047 3160 LXXII.
1070 3128 1104 3157 1.
1123 3114 1305 3158 dicitur:
1328 3115 1472 3172 Quam
1498 3117 1626 3160 bonus
1647 3115 1777 3160 Israiil
1797 3116 1912 3160 Deus
1934 3115 1995 3160 his
2016 3117 2089 3175 qui

83 3221 85 3223 .
131 3186 240 3226 racto
263 3187 358 3226 sunt
381 3181 526 3234 συνείη
553 3190 598 3226 et
622 3180 817 3240 (Thren.
845 3181 923 3225 III.
951 3181 1044 3239 25.)
1071 3181 1255 3226 dicitur:
1284 3183 1420 3227 Bonus
1445 3189 1502 3227 est
1525 3183 1736 3226 Dominus
1753 3183 2016 3241 sperantibus
2041 3184 2086 3227 in

36 3280 43 3291 ς
130 3261 186 3305 so,
209 3249 375 3294 animae
398 3249 612 3308 quaerenti
641 3248 777 3293 illum.
