2332 3854
262 240 369 294 330
909 240 1063 278 LIBER
1102 239 1178 277 111.
1221 238 1340 279 cAP.
1383 235 1574 279 xxxm.

348 342 485 388 Item:
518 341 775 387 intellectus
809 353 877 387 est
909 342 1073 386 melior
1110 357 1258 394 sensu.
1297 342 1479 387 Bonum
1514 343 1651 402 igitur
1676 344 1933 389 intellectus
1960 350 2028 390 es‘t
2053 339 2217 392 melius

259 424 397 469 quam
414 410 587 454 bonum
614 424 786 454 sensuS.
808 410 916 452 Non
938 409 1073 466 igitur
1099 423 1333 452 summum
1349 409 1552 454 hominis
1574 410 1751 454 bo‘num
1769 413 1813 454 in
1837 425 1972 455 sensu
1998 404 2217 457 consistit.

346 477 535 521 Adhuc:
571 477 799 520 maximae
827 475 1152 519 delectationes
1180 475 1432 520 secundum
1459 489 1644 520 sensum
1670 487 1774 521 sunt
1799 477 1845 520 in
1874 477 1985 522 cibis
2017 486 2063 525 et
2087 490 2219 523 vene-

257 544 358 597 reis,
390 543 436 586 in
463 543 623 601 quibus
651 551 881 600 oporteret
914 554 1012 585 esse
1044 554 1278 586 summum
1310 542 1499 597 bonum,
1533 543 1572 587 si
1601 543 1649 587 in
1682 557 1819 588 sensu
1852 549 1984 588 esset.
2010 536 2120 589 Non
2140 550 2220 590 >est

257 619 409 653 autem
438 610 481 652 in
509 610 591 652 his.
620 608 726 651 Non
754 618 822 651 est
847 607 984 665 igitur
1005 608 1050 650 in
1080 622 1213 652 sensu
1239 622 1473 652 summum
1498 609 1702 653 hominis
1728 610 1916 654 bonum.

344 675 579 734 Amplius:
617 689 775 718 sensus
818 673 1068 732 diliguntur
1102 685 1287 734 propter
1323 674 1566 720 utilitatem
1594 686 1637 720 et
1663 686 1846 735 propter
1883 676 2212 736 cognitionem.

258 742 379 786 Tota
404 752 556 786 autem
575 741 742 785 utilitas
761 755 978 784 sensuum
997 741 1050 785 ad
1071 742 1274 801 corporis
1294 742 1414 787 bona
1434 742 1637 797 refertur,
1657 744 1860 802 cognitio
1881 753 2034 788 autem
2058 748 2217 788 sensus

259 810 314 852 ad
339 808 664 852 intellectivam
687 808 942 862 ordinatur;
969 807 1088 852 unde
1111 808 1327 853 animalia
1343 809 1576 854 intellectu
1597 811 1797 854 carentia
1813 825 1908 855 non
1934 811 2216 856 delectantur

257 877 302 919 in
329 876 564 919 sentiendo
598 876 683 919 nisi
719 889 799 934 per
831 874 1225 934 comparationem
1267 877 1323 920 ad
1349 876 1589 921 utilitatem
1619 877 1674 921 ad
1702 891 1867 937 corpus
1893 878 2211 936 pertinentem,

260 942 510 986 secundum
538 942 660 1001 quod
678 957 759 1001 per
776 956 933 986 sensus
951 943 1267 1001 cognitionem
1285 953 1625 1003 consequuntur
1643 944 1768 988 cibos
1789 944 1863 989 vel
1878 948 2087 989 venerea.
2106 940 2212 989 Non

257 1019 323 1053 est
347 1009 483 1068 igitur
508 1010 554 1053 in
581 1019 706 1068 parte
733 1009 947 1053 sensitiva
973 1024 1207 1054 summurn
1232 1010 1435 1055 hominis
1460 1011 1649 1067 bonum,
1676 1011 1799 1071 quod
1825 1020 1895 1056 est
1918 1010 2126 1056 felicitas.

962 1209 1217 1266 CAPUT
1253 1211 1518 1268 XXXIV.

491 1346 649 1392 QUOD
690 1345 903 1384 ULTIMA
942 1345 1173 1385 HOMINIS
1214 1347 1498 1386 FELICITAS
1538 1348 1655 1387 NON
1697 1346 1991 1388 CONSISTIT

730 1429 786 1468 IN
826 1428 1058 1467 ACTIBUS
1100 1429 1390 1468 VIRTUTUM
1429 1430 1739 1468 MORALIUM.

345 1546 548 1605 Apparet
574 1556 725 1591 autem
753 1547 875 1606 quod
896 1561 980 1591 nec
1007 1547 1054 1591 in
1087 1547 1429 1606 operationibus
1456 1548 1707 1594 moralibus
1733 1548 1942 1593 consistit
1965 1547 2127 1592 ultima
2150 1545 2211 1592 fe-

256 1612 402 1657 licitas
428 1614 644 1658 hominis.
1633 1619 1636 1622 ’

345 1679 555 1724 Felicitas
581 1681 703 1725 enim
734 1681 939 1725 humana
975 1696 1068 1725 non
1103 1691 1171 1726 est
1207 1681 1263 1725 ad
1299 1682 1564 1726 ulteriorem
1599 1681 1740 1727 finem
1775 1681 2054 1736 ordinabilis,
2087 1681 2127 1726 si
2155 1681 2214 1725 sit

255 1746 429 1790 ultima.
460 1747 638 1792 Omnes
666 1758 819 1791 autem
847 1749 1135 1807 operationes
1162 1748 1360 1793 morales
1387 1759 1491 1793 sunt
1517 1748 1790 1792 ordinabiles
1813 1749 1868 1792 ad
1887 1747 2055 1807 aliquid
2078 1747 2231 1802 aliud,

257 1814 378 1872 quod
405 1825 528 1872 patet
554 1829 606 1858 ex
634 1814 704 1859 his
731 1829 846 1873 quae
872 1816 989 1859 inter
1021 1829 1097 1859 eas
1129 1826 1232 1859 sunt
1264 1816 1531 1874 praecipue;
1565 1815 1853 1874 operationes
1888 1815 2012 1860 enirn
2042 1813 2216 1859 fortitu-

256 1881 385 1934 dinis,
413 1895 527 1939 quae
554 1891 658 1925 sunt
683 1882 729 1925 in
752 1882 884 1925 rebus
910 1882 1100 1936 bellicis,
1124 1883 1390 1928 ordinantur
1413 1883 1468 1926 ad
1491 1883 1732 1926 victoriam
1756 1891 1799 1926 et
1821 1882 1878 1927 ad
1897 1879 2216 1942 pacem-,stul-

253 1957 351 1990 tum
379 1948 501 1991 enim
528 1958 644 1992 esset
670 1959 852 2008 propter
878 1963 926 1993 se
952 1959 1132 1993 tantum
1159 1948 1356 2003 bellare;
1384 1948 1591 1993 similiter
1623 1950 1910 2009 operationes
1935 1943 2132 2007 iustitiae
2159 1947 2214 1991 ad

253 2015 523 2058 servandam
536 2029 700 2074 pacem
716 2016 832 2059 inter
849 2015 1061 2060 homines
1081 2016 1360 2071 ordinantur,
1381 2031 1460 2075 per
1482 2016 1572 2060 hoc
1593 2015 1714 2075 quod
1737 2011 2047 2075 unusquisque
2064 2014 2215 2075 quiete

253 2082 374 2140 quod
403 2097 535 2126 suum
563 2093 630 2127 est
654 2084 876 2143 possidet;
906 2094 949 2128 et
975 2084 1183 2128 similiter
1214 2094 1339 2143 patet
1370 2084 1416 2127 in
1449 2084 1662 2128 omnibus
1696 2082 1810 2128 aliis.
1845 2076 1954 2129 Non
1986 2077 2056 2128 est
2078 2083 2216 2142 igitur

251 2150 297 2192 in
325 2149 664 2208 operationibus
692 2150 940 2194 moralibus
968 2150 1127 2195 ultima
1153 2151 1354 2195 hominis
1380 2150 1587 2195 felicitas.
1835 2169 1839 2173 ·
1959 2146 1965 2153 ’
1994 2159 1997 2162 “
2161 2149 2178 2162 ”

342 2217 531 2262 Adhuc:
558 2217 744 2261 virtutes
771 2217 970 2262 morales
998 2218 1054 2261 ad
1081 2218 1170 2262 hoc
1198 2227 1303 2262 sunt
1328 2227 1376 2261 ut
1402 2231 1481 2277 per
1508 2232 1583 2262 eas
1612 2226 1910 2262 conservetur
1932 2214 2138 2262 medium
2167 2216 2215 2260 in

257 2283 544 2342 passionibus
572 2283 825 2328 intrinsecis
854 2294 899 2328 et
924 2285 1217 2328 exterioribus
1252 2285 1396 2328 rebus.
1425 2284 1530 2328 Non
1566 2294 1633 2328 est
1665 2294 1818 2328 autem
1849 2282 2065 2344 possibile
2090 2280 2215 2344 φοά

253 2349 534 2394 modificatio
562 2351 829 2409 passionum
851 2351 924 2394 vel
950 2365 1102 2395 rerum
1130 2352 1406 2395 exteriorum
1425 2351 1483 2395 sit
1498 2350 1685 2395 ultimus
1706 2350 1809 2395 finis
1830 2349 2062 2395 humanae
2077 2348 2213 2405 vitae,

253 2432 395 2476 quum
412 2417 537 2475 ipsae
554 2417 789 2476 passiones
807 2427 851 2461 et
872 2418 1118 2462 exteriores
1135 2432 1205 2462 res
1229 2419 1319 2462 sint
1341 2418 1396 2462 ad
1422 2417 1543 2461 aliud
1562 2417 1850 2462 ordinabiles.
1866 2417 1976 2462 Non
1993 2416 2214 2477 e'st'sgitur

252 2483 466 2543 possibile
493 2483 614 2543 quod
642 2485 686 2528 in
714 2484 887 2528 actibus
914 2485 1131 2529 virtutum
1158 2485 1405 2529 moralium
1431 2485 1488 2529 sit
1514 2483 1675 2528 ultima
1700 2485 1902 2528 hominis
1927 2480 2135 2528 felicitas.

342 2549 576 2609 Amplius:
605 2565 745 2609 quum
771 2551 916 2595 homo
944 2551 1001 2595 sit
1026 2551 1171 2595 homo
1196 2567 1250 2596 ex
1278 2565 1333 2596 eo
1353 2552 1474 2610 quod
1494 2562 1561 2596 est
1577 2552 1803 2595 rationem
1819 2550 2009 2605 habens,
2032 2552 2214 2610 oportet

255 2618 377 2677 quod
404 2619 638 2676 proprium
672 2619 767 2676 ejus
803 2618 991 2672 bonum,
1026 2619 1147 2677 quod
1186 2629 1260 2672 est⁴
1291 2618 1500 2672 felicitas,
1534 2618 1591 2662 sit
1624 2618 1876 2662 secundum
1908 2616 1959 2661 id
1989 2616 2112 2676 quod
2145 2627 2213 2662 est

252 2683 489 2743 proprium
515 2684 717 2728 rationis.
745 2685 894 2744 Magis
921 2695 1074 2729 autem
1102 2695 1169 2729 est
1194 2685 1429 2745 proprium
1450 2685 1638 2729 rationis
1661 2684 1783 2744 quod
1809 2684 1908 2744 ipsa
1932 2683 1979 2727 in
2005 2683 2213 2728 sehabet

255 2766 393 2810 quam
424 2752 546 2811 quod
573 2752 619 2794 in
648 2751 737 2795 alio
763 2751 884 2796 facit.
915 2751 1074 2804 Quum
1107 2752 1244 2810 igitur
1270 2753 1443 2796 bonum
1470 2752 1657 2796 moralis
1682 2751 1858 2814 virtutis
1891 2750 1948 2796 sit
1978 2749 2210 2810 quoddam

254 2833 278 2861 a
302 2819 477 2862 ratione
504 2818 551 2861 in
578 2818 709 2862 rebus
743 2818 841 2862 aliis
869 2833 894 2863 a
926 2833 975 2863 se
1003 2819 1271 2873 institutum,
1304 2833 1398 2863 non
1424 2819 1589 2878 poterit
1615 2832 1712 2863 esse
1739 2818 1965 2876 optimum
1990 2816 2209 2872 hominis,

257 2885 378 2944 quod
406 2895 474 2929 est
499 2884 718 2939 felicitas;
750 2885 828 2929 sed
862 2884 1008 2944 magis
1037 2887 1208 2930 bonum
1236 2885 1358 2944 quod
1386 2885 1515 2930 estin
1540 2885 1638 2945 ipsa
1664 2885 1840 2930 ratione
1866 2882 2016 2929 situm.

342 2953 479 2996 Item:
515 2962 747 2996 ostensum
778 2963 844 2996 est
870 2967 1004 3011 supra
1031 2953 1091 3009 (c.
1125 2953 1211 3012 19.)
1241 2952 1362 3011 quod
1390 2952 1488 2996 finis
1518 2952 1727 2996 omnium
1754 2964 1906 2995 rerum
1932 2948 2123 2995 ultimus*
2145 2955 2213 2995 est

251 3019 493 3064 assimilari
521 3019 575 3062 ad
604 3019 769 3063 Deum.
797 3019 913 3062 Illud
936 3020 1073 3077 igitur
1099 3019 1351 3063 secundum
1379 3019 1501 3077 quod
1527 3019 1673 3062 homo
1701 3019 1900 3062 maxime
1937 3016 2212 3062 assimilatur

250 3088 352 3131 Deo
380 3087 465 3130 erit
487 3088 585 3145 ejus
611 3085 818 3130 felicitas.
846 3086 947 3129 Hoc
976 3096 1131 3130 autern
1163 3100 1257 3130 non
1292 3094 1359 3130 est
1384 3086 1638 3129 secundum
1674 3095 1800 3130 actus
1828 3083 2043 3138 morales,
2071 3097 2210 3143 quum

248 3155 363 3199 tales
403 3165 529 3198 actus
576 3154 679 3198 Deo
713 3154 892 3197 attribui
918 3167 1011 3197 non
1038 3154 1215 3213 possint
1241 3154 1326 3197 nisi
1354 3153 1691 3212 metaphorice;
1718 3166 1811 3197 non
1835 3152 1958 3197 enim
1976 3151 2080 3196 Deo
2102 3163 2211 3196 con·

248 3223 372 3266 venit
398 3222 566 3266 habere
592 3221 829 3280 passiones
855 3220 929 3265 vel
952 3220 1102 3279 aliqua
1125 3220 1390 3278 hujusmodi
1418 3234 1533 3278 quae
1567 3231 1671 3264 sunt
1696 3220 1815 3267 circa
1850 3228 1980 3265 actus
1998 3216 2211 3266 morales.

247 3288 354 3332 Non
377 3300 443 3332 est
468 3289 604 3347 igitur
631 3287 791 3332 ultima
818 3287 1011 3332 felicitas
1033 3287 1250 3341 hominis,
1269 3301 1384 3346 quae
1404 3297 1471 3331 est
1489 3287 1677 3331 ultimus
1701 3288 1797 3346 ejus
1818 3285 1934 3341 finis,
1960 3285 2227 3356 consistens.¹

248 3356 295 3400 in
323 3355 495 3399 actibus
522 3354 784 3399 moralibus.

340 3423 603 3467 Praeterea:
631 3421 823 3466 felicitas
858 3431 925 3466 est
957 3419 1192 3480 proprium
1227 3419 1430 3464 hominis
1464 3420 1651 3465 bonum.
1679 3418 1795 3463 Illud
1821 3418 1959 3478 igitur
1984 3417 2117 3479 quod,
2139 3426 2208 3462 est
2275 3431 2281 3458 ἱ
2320 3411 2332 3465 [s

250 3489 449 3533 maxime
476 3490 711 3548 proprium
738 3488 941 3533 hominis
968 3488 1084 3533 inter
1111 3486 1268 3532 omnia
1295 3486 1415 3530 bona
1432 3486 1650 3542 humana,
1668 3495 1876 3547 respectu
1899 3478 2095 3532 alibrum
2112 3482 2211 3530 ani·
2268 3496 2294 3551 3:
2313 3519 2330 3541 3,

250 3556 455 3610 malium,
483 3566 549 3599 est
574 3556 620 3599 in
643 3570 734 3615 quo
753 3555 1011 3615 quaerenda
1029 3563 1096 3599 est
1114 3555 1210 3613 ejus
1232 3553 1393 3598 ultima
1411 3552 1617 3598 felicitas.
1643 3543 1926 3615 Huiusmodi
1938 3550 2093 3607 autem
2108 3533 2212 3596 ubil
2265 3593 2316 3612 ἢ,

251 3633 316 3667 cst
343 3623 560 3666 virtutum
580 3621 825 3667 moralium
855 3631 1005 3676 actus;
1033 3634 1140 3665 nam
1164 3619 1250 3664 alia
1279 3618 1493 3664 animalia
1523 3619 1690 3679 aliquid
1709 3613 1982 3679 participant
2000 3613 2076 3663 Q‘re'l
2101 3607 2208 3663 libe-
