2332 3854
309 185 414 237 602
969 195 1127 235 L1BER
1166 195 1237 233 1v.
1279 194 1399 233 CAP.
1441 193 1590 233 xxix.

298 299 444 343 homo
471 310 569 341 esse
594 297 755 356 potuit,
782 297 859 341 sed
887 310 1131 356 apparens;
1157 309 1306 355 neque
1331 309 1386 340 ea
1411 309 1528 355 quae
1553 294 1803 340 secundum
1830 295 2070 342 hominem
2102 297 2256 356 gessit,

297 365 413 410 sicut
438 364 561 424 quod
592 374 725 408 natus
752 374 831 418 est,
859 363 981 422 quod
1009 363 1224 416 comedit,
1249 362 1374 416 bibit,
1402 361 1664 416 ambulavit,
1689 376 1848 421 passus
1874 373 1942 408 est
1967 373 2012 408 et
2035 362 2255 422 sepultus,

296 432 345 476 in
362 432 550 476 veritate
582 429 732 484 fuisse,
755 430 833 474 sed
854 430 902 473 in
924 430 1122 487 quadam
1145 427 1472 472 assimilatione
1494 428 1801 487 consequitur.
1823 428 1881 474 Et
1899 429 1965 474 sic
1987 437 2110 489 patet
2133 428 2256 489 quod

296 507 447 542 totum
473 496 800 541 incarnationis
827 495 1097 554 mysterium
1123 494 1180 538 ad
1206 494 1456 553 quamdam
1481 493 1720 538 fictionem
1747 493 1990 539 deducunt.

385 564 511 608 Haec
532 573 685 606 autem
703 561 870 620 positio
889 562 1037 618 primo
1054 560 1240 620 quidem
1264 561 1523 619 Scripturae
1542 560 1858 605 auctoritatem
1875 570 2079 608 evacuat.
2098 560 2259 614 Quum

296 630 419 673 enim
453 629 601 672 carnis
633 627 883 672 similitudo
918 641 1026 670 caro
1058 641 1154 670 non
1185 626 1256 680 sit,
1288 641 1436 685 neque
1469 626 1718 671 similitudo
1752 625 2074 672 ambulationis
2107 627 2261 675 ambu-

294 695 421 748 latio,
448 704 493 738 et
517 694 564 737 in
591 694 779 737 caeteris
806 692 1028 747 similiter,
1050 692 1268 737 mentitur
1296 693 1529 751 Scriptura
1551 692 1732 737 dicens:
1769 693 1949 738 Verbum
1969 707 2069 740 caro
2090 693 2259 752 sactum

298 768 367 816 est,
399 761 436 804 si
469 759 620 804 solum
646 759 933 818 phantastica
959 773 1066 803 caro
1098 758 1204 813 fuit;
1231 760 1448 803 mentitur
1480 759 1618 803 etiam
1651 759 1806 803 dicens
1831 758 1988 817 Jesum
2021 759 2259 805 Christum

297 826 569 881 ambulasse,
597 825 867 879 comedisse,
895 835 1130 869 mortuum
1154 826 1291 870 fuisse
1318 835 1363 870 et
1389 825 1632 884 sepultum,
1665 825 1703 869 si
1727 825 1842 870 haec
1868 825 1915 870 in
1941 825 2049 872 sola·
2071 826 2259 886 phanta-

274 894 412 938 ,stica
455 892 736 952 apparitione
778 892 1080 951 contigerunt.
1125 892 1175 935 Si
1214 903 1366 936 autem
1392 892 1467 936 vel
1502 892 1547 935 in
1584 891 1770 936 modico
1806 891 2064 937 auctoritati
2103 906 2259 938 sacrae

296 960 556 1018 Scripturae
583 958 839 1017 derogetur,
865 959 958 1017 jam
985 958 1100 1002 nihil
1125 958 1264 1003 fixum
1291 959 1337 1002 in
1363 958 1452 1003 fide
1478 968 1634 1003 nostra
1656 972 1754 1002 esse
1780 959 1959 1017 poterit,
1981 971 2098 1018 quae
2118 958 2258 1004 sacris

297 1026 537 1084 Scripturis
562 1025 783 1079 innititur,
814 1025 1066 1069 secundum
1099 1024 1212 1070 illud
1245 1025 1433 1083 (Joann.
1458 1025 1560 1068 XX.
1590 1025 1707 1083 31.):
1740 1025 1858 1070 Haec
1887 1026 2045 1085 scripta
2074 1031 2182 1081 sunt,
2211 1032 2260 1071 ut

296 1092 486 1138 credatis.

383 1159 541 1204 Potest
558 1168 711 1203 autem
729 1157 890 1218 aliquis
908 1159 1058 1203 dicere
1078 1157 1337 1217 Scripturae
1349 1157 1534 1217 quidem
1551 1172 1707 1203 sacrae
1718 1157 1958 1203 veritatem
1973 1172 2069 1203 non
2085 1158 2256 1218 deesse,

294 1227 403 1271 dum
428 1227 472 1271 id
502 1227 624 1285 quod
657 1227 864 1286 apparuit
894 1226 1031 1271 refert
1056 1241 1109 1270 ac
1140 1229 1179 1271 si
1209 1226 1383 1271 factum
1413 1226 1585 1280 fuisset,
1618 1227 1725 1286 quia
1755 1240 1907 1272 rerum
1938 1226 2258 1281 similitu-,dines

295 1294 545 1353 aequivoce
579 1307 630 1337 ac
662 1293 853 1352 figurate
883 1293 1086 1352 ipsarum
1117 1307 1272 1338 rerum
1303 1293 1565 1338 nominibus
1596 1303 1931 1352 nuncupantur,
1962 1294 2079 1339 sicut
2107 1293 2253 1339 homo

291 1361 437 1420 pictus
464 1360 713 1419 aequivoce
740 1360 902 1404 dicitur
925 1360 1098 1415 h0m03
1125 1370 1170 1404 et
1195 1361 1292 1419 ipsa
1317 1374 1447 1404 sacra
1473 1360 1706 1419 Scriptura
1731 1360 1968 1407 consuevit
1987 1359 2244 1405 hoc-modo
2268 1387 2274 1394 -

292 1427 511 1487 loquendi
536 1429 614 1482 uti,
642 1436 691 1471 ut
712 1437 780 1472 est
803 1426 915 1471 illud
941 1427 998 1481 (I.
1028 1427 1237 1472 Corinth.
1258 1427 1315 1470 X.
1341 1427 1433 1484 4.):
1465 1427 1594 1472 Petra
1618 1433 1757 1472 autem
1789 1433 1879 1472 erat
1911 1427 2124 1480 Christuss
2144 1425 2256 1486 >plu-

292 1494 409 1538 rima
431 1504 583 1538 autem
612 1493 868 1553 corporalia
891 1494 939 1537 in
967 1493 1209 1553 Scripturis
1232 1493 1287 1537 de
1313 1494 1418 1538 Deo
1449 1493 1741 1545 inveniuntur
1767 1493 1858 1538 dici
1883 1502 2068 1554 propter
2097 1493 2251 1538 simili-

291 1561 498 1605 tudinem
524 1560 687 1614 solam,
711 1562 826 1605 sicut
851 1560 975 1619 quod
999 1560 1263 1605 nominatur
1289 1574 1448 1618 agnus,
1474 1560 1547 1604 vel
1573 1559 1664 1614 leo,
1688 1559 1764 1604 vel
1784 1558 1954 1619 aliquid
1975 1560 2255 1619 hujusmodi·

382 1627 487 1682 Sed,
520 1626 626 1671 licet
662 1641 816 1671 rerum
849 1626 1167 1671 similitudines
1203 1627 1453 1686 aequivoce
1486 1641 1639 1671 rerum
1676 1627 1760 1672 sibi
1796 1627 1987 1673 nomina
2024 1626 2256 1672 interdum

293 1704 541 1750 assumant,
566 1709 662 1739 non
687 1704 842 1739 tamen
877 1696 1098 1752 competit
1123 1708 1279 1739 sacrae
1303 1694 1562 1752 Scripturae
1590 1703 1639 1738 ut
1662 1693 1973 1739 narrationem
1993 1693 2127 1739 unius
2147 1692 2257 1739 facti

290 1772 438 1807 totam
470 1762 549 1806 sub
583 1761 663 1806 tali
697 1761 1075 1820 aequivocatione
1106 1770 1347 1820 proponat,
1381 1762 1442 1805 ita
1475 1760 1597 1819 quod
1631 1775 1685 1805 ex
1717 1759 1815 1805 aliis
1849 1760 2109 1819 Scripturae
2138 1759 2256 1805 locis
2328 1760 2332 1763 ’

291 1828 532 1873 manifesta
557 1828 723 1873 veritas
748 1828 907 1872 haberi
931 1842 1026 1872 non
1051 1830 1208 1887 possit,
1235 1828 1341 1887 quia
1367 1842 1422 1872 ex
1452 1828 1544 1872 hoc
1566 1841 1660 1871 non
1683 1827 1876 1879 eruditio
1896 1826 2156 1882 hominum,
2178 1822 2257 1871 sed

290 1896 441 1954 magis
459 1895 667 1954 deceptio
686 1905 972 1954 sequeretur;
993 1909 1136 1953 quum
1152 1904 1307 1938 tamen
1325 1894 1577 1954 Apostolus
1609 1894 1730 1938 dicat
1747 1894 1904 1951 (Rom.
1920 1892 2022 1938 XV.
2038 1892 2104 1950 4.)
2132 1893 2258 1953 quod

291 1977 568 2021 quaecumque
587 1963 746 2020 scripta
767 1968 874 2015 sunt,
894 1961 948 2005 ad
965 1967 1150 2006 nostram
1171 1960 1407 2006 doctrinam
1423 1963 1577 2020 scripta
1598 1967 1692 2005 sunt
1699 1976 1715 2013 ,·
1736 1970 1782 2004 et
1798 1960 1875 2018 (ΙΙ.
1895 1958 2018 2004 Tim.
2037 1959 2120 2004 ΙΙΙ.
2140 1957 2255 2017 16.):

295 2031 447 2074 Omnis
485 2030 708 2088 Scriptura
740 2028 942 2073 divinitus
974 2030 1185 2087 inspirata
1219 2029 1332 2073 utilis
1363 2035 1422 2073 est
1452 2028 1506 2072 ad
1541 2027 1793 2073 docendum.
1812 2061 1823 2071 .
1843 2062 1854 2072 .
1895 2033 1934 2072 et
1973 2025 2257 2072 erudiendum.

287 2096 418 2141 Esset
439 2105 673 2155 praeterea
697 2105 794 2139 tota
820 2095 1090 2153 evangelica
1114 2096 1314 2139 narratio
1341 2095 1523 2154 po'e'tica
1555 2105 1600 2140 et
1629 2093 1859 2148 fabularis,
1884 2093 1925 2139 si
1949 2108 2105 2139 rerum
2133 2093 2255 2139 simi-

285 2162 498 2207 litudines
526 2172 791 2221 apparentes
818 2162 948 2221 quasi
973 2176 1043 2206 res
1070 2162 1191 2221 ipsas
1222 2171 1439 2217 narraret,
1465 2176 1607 2221 quum
1638 2171 1794 2206 tamen
1819 2161 1995 2206 dicatur
2019 2160 2099 2218 (11.
2127 2160 2250 2206 Petr.

287 2230 323 2273 I.
357 2227 466 2287 16.)=
494 2229 594 2274 Non
624 2230 734 2273 enim
760 2228 901 2274 doctas
932 2229 1096 2284 fabulas
1124 2230 1267 2283 secuti,
1298 2236 1444 2274 notam
1466 2230 1648 2288 fecimus
1671 2229 1789 2273 vobis
1809 2228 1989 2272 Domini
2007 2228 2142 2273 nostri
2154 2227 2250 2284 Jesu

300 2295 460 2341 Christi
489 2297 701 2340 virtutem.

378 2362 534 2406 Sicubi
558 2375 666 2406 vero
696 2361 928 2421 Scriptura
952 2370 1105 2406 narrat
1126 2362 1250 2421 quod
1278 2361 1429 2420 aliqua
1453 2363 1766 2420 apparentiam
1789 2370 1835 2406 et
1853 2374 1950 2405 non
1971 2373 2125 2406 rerum
2145 2359 2259 2406 exsi-

295 2428 509 2474 stentiam
533 2428 804 2483 habuerunt,
836 2442 889 2472 ex
920 2429 1021 2487 ipso
1048 2442 1179 2472 more
1210 2429 1482 2473 narrationis
1514 2428 1605 2473 hoc
1637 2427 1893 2486 intelligere
1923 2426 2061 2483 facit3
2094 2426 2257 2472 dicitur

293 2496 417 2540 enim
443 2494 582 2554 (Gen.
609 2494 776 2538 XVIII.
804 2494 889 2552 2.):
920 2496 1143 2554 Quumque
1174 2495 1362 2540 elevasset
1393 2495 1541 2549 oculos,
1570 2495 1808 2539 Abraham
1833 2493 2022 2548 scilicet,
2046 2501 2255 2554 apparue-

288 2569 386 2607 runt
412 2568 491 2606 tres
520 2563 636 2620 viri;
671 2576 725 2606 ex
752 2576 842 2620 quo
871 2562 999 2605 datur
1031 2561 1224 2620 intelligi
1263 2561 1385 2621 quod
1419 2561 1672 2606 secundum
1710 2560 2022 2621 apparentiam
2040 2560 2133 2605 viri
2159 2560 2255 2606 fue·

287 2638 414 2682 runt3
438 2627 557 2672 unde
580 2638 624 2672 et
645 2628 691 2671 in
714 2628 778 2672 eis
800 2629 954 2672 Deum
982 2628 1188 2672 adoravit
1211 2638 1255 2672 et
1276 2629 1491 2673 deitatem
1513 2627 1750 2672 confessus
1772 2637 1854 2682 est,
1876 2627 2055 2672 dicens.
2077 2628 2253 2686 Loquar

288 2695 343 2739 ad
368 2697 604 2740 Dominum
629 2709 780 2749 meum,
809 2710 936 2754 quum
960 2697 1039 2739 sim
1053 2695 1197 2754 pulvis
1223 2702 1259 2740 et
1285 2697 1416 2750 cinis;
1440 2705 1485 2739 et
1509 2695 1696 2740 iterum:
1723 2695 1823 2740 Non
1848 2700 1903 2739 est
1923 2700 2040 2739 tuum
2064 2694 2159 2749 hoc,
2178 2695 2253 2753 qui

283 2761 449 2820 judicas
471 2776 634 2806 omnem
655 2767 826 2806 terram.
853 2760 994 2814 Quod
1015 2776 1124 2806 vero
1151 2762 1291 2806 Isaias
1315 2772 1358 2807 et
1384 2761 1596 2806 Ezechiel
1631 2771 1677 2806 et
1710 2761 1788 2805 alii
1817 2761 2070 2821 prophetae
2102 2760 2266 2820 aliqua,

287 2828 376 2872 alia
411 2828 745 2887 descripserunt
791 2842 906 2887 quae
945 2828 1216 2887 imaginarie
1247 2829 1345 2873 visa
1385 2838 1503 2883 sunt,
1545 2842 1747 2872 errorem
1781 2841 1878 2872 non
1913 2827 2251 2887 generanquia
2303 2875 2306 2878 ,

286 2895 551 2954 huJusmodi
569 2904 744 2953 ponunt
759 2909 854 2938 non
876 2894 923 2938 in
946 2897 1205 2939 narratione
1222 2895 1457 2949 historiae,
1474 2895 1554 2939 sed
1577 2895 1623 2938 in
1647 2894 1949 2954 descriptione
1971 2893 2252 2953 prophetiae,
2296 2887 2304 2936 J:

288 2967 332 3005 et
362 2971 516 3005 tamen
542 2975 724 3020 semper
756 2961 924 3020 aliquid
958 2960 1129 3005 addunt
1164 2976 1244 3020 per
1280 2962 1400 3020 quod
1439 2962 1660 3021 apparitio
1698 2961 1976 3020 designatur,
2001 2961 2119 3006 sicut
2143 2960 2261 3018 (Ιςει.Δ

289 3026 367 3070 VI.
401 3028 481 3080 1.):
517 3027 611 3071 Vidi
642 3029 879 3071 Dominum
909 3027 1104 3073 sedentem
1125 3037 1247 3087 super
1275 3029 1425 3073 solium
1457 3028 1657 3072 excelsum
1668 3043 1685 3080 ‚·
1713 3027 1900 3086 (Ezech.
1927 3026 1962 3071 Ι.
1986 3027 2079 3085 4.);
2109 3027 2247 3073 Facta

288 3099 342 3137 est
372 3101 495 3153 super
516 3109 579 3139 me
604 3109 752 3139 manus
777 3096 971 3147 Domini,
999 3102 1038 3139 et
1057 3094 1161 3148 vidi,
1185 3101 1221 3139 et
1245 3110 1332 3139 ecce
1353 3102 1499 3139 ventus
1531 3095 1709 3139 turbinis
1729 3095 1918 3138 veniebat
1937 3094 1990 3138 ab
2022 3093 2214 3152 aquilone
2228 3107 2247 3146 ‚⁰
2296 3094 2304 3129 f

288 3169 333 3203 et
353 3159 541 3237 (Eznech.
568 3160 689 3205 VIII.
719 3175 736 3219 3
747 3162 802 3218 .):
832 3162 994 3205 Emissa
1018 3161 1245 3206 similitudo
1271 3176 1419 3206 manus
1444 3160 1714 3221 apprehendit
1737 3175 1829 3205 me.
1908 3193 1952 3215 .,
1983 3166 2020 3205 et
2050 3158 2240 3216 adduxit,

284 3232 320 3270 et
345 3228 440 3270 veni
465 3228 510 3270 in
536 3227 765 3283 Jerusalem
798 3230 842 3271 in
870 3229 1030 3272 visione
1057 3228 1154 3272 Dei.
2296 3228 2325 3304 ἶξξ

378 3292 517 3345 Quod
550 3293 687 3338 etiam
720 3293 872 3353 aliqua
902 3294 949 3338 in
984 3294 1227 3354 Scripturis
1260 3294 1316 3339 de
1348 3294 1481 3339 rebus
1508 3294 1670 3339 divinis
1702 3307 1783 3353 per
1813 3291 2159 3353 similitudinem
2190 3289 2309 3336 di·

288 3369 463 3413 cuntur,
497 3373 697 3403 errorem
731 3375 947 3419 generare
985 3375 1079 3404 non
1114 3370 1285 3419 potest:
1323 3371 1422 3405 tum
1460 3360 1562 3419 quia
1601 3358 1919 3404 similitudines
1951 3366 2193 3404 sumuntur
2220 3369 2248 3402 a
2291 3371 2314 3422 2}-

284 3426 417 3469 rebus
449 3435 544 3469 tam
570 3425 732 3471 vilibus
765 3437 814 3470 ut
845 3436 1007 3471 notum
1034 3427 1091 3471 sit
1115 3428 1222 3483 hoc,
1250 3427 1372 3486 quod
1405 3427 1659 3472 secundum
1691 3425 2052 3480 similitudinem,
2084 3433 2132 3470 et
2151 3428 2248 3469 non

285 3491 533 3536 secundum
552 3507 704 3537 rerum
727 3492 1050 3547 exsistentiam,
1069 3493 1301 3548 dicuntur;
1324 3501 1423 3538 tum
1445 3493 1551 3552 quia
1577 3492 1868 3538 inveniuntur
1889 3490 2042 3552 aliqua
2064 3489 2261 3550 propri&

286 3557 405 3601 dicta
441 3557 488 3601 in
526 3557 782 3618 Scripturis,
808 3573 888 3618 per
914 3573 1030 3618 quae
1063 3559 1143 3605 sub
1178 3558 1548 3605 similitudinibus
1580 3558 1627 3604 in
1663 3558 1779 3604 locis
1807 3557 1907 3604 aliis
1935 3555 2266 3603 occultantem}
