2332 3854
254 233 362 287 450
949 230 1103 268 LIBER
1143 230 1218 267 111.
1261 230 1380 268 CAP.
1423 230 1511 269 CV.

254 348 334 392 per
369 332 535 391 figuras
577 332 897 375 determinatas
931 331 1109 388 disponi
1141 330 1333 374 materia
1369 330 1424 374 ad
1463 330 1663 390 aliquem
1704 331 1917 376 effectum
1956 333 2210 379 naturalem

254 400 607 459 suscipiendum.
634 399 741 443 Non
762 411 871 454 ergo
903 406 1088 440 utuntur
1108 398 1231 455 magi
1258 397 1398 455 signis
1425 396 1648 457 aliquibus
1672 398 1804 458 quasi
1822 399 2211 458 dispositionibus.

256 466 544 525 Relinquitur
568 476 677 523 ergo
704 464 826 523 quod
860 474 1046 508 utuntur
1071 463 1136 507 eis
1168 465 1297 538 quasi
1323 462 1487 540 signis:
1510 478 1658 523 neque
1686 466 1810 509 enim
1834 475 1903 510 est
1924 465 2045 511 aliud
2070 467 2211 512 deter-

257 534 481 577 minatum
508 532 629 576 dare.
658 530 809 588 Signis
837 540 989 573 autem
1015 543 1108 573 non
1142 530 1311 574 utimur
1335 531 1423 574 nisi
1453 531 1510 574 ad
1538 531 1652 575 alios
1683 531 2003 591 intelligentes.
2031 533 2212 578 Habent

258 601 392 659 igitur
424 599 631 657 magicae
665 607 780 640 artes
814 595 1067 640 efficaciam
1101 595 1154 639 ab
1192 595 1283 640 alio
1319 596 1613 656 ingelligente
1646 598 1702 642 ad
1737 611 1875 657 quem
1907 611 2060 644 sermo
2086 600 2213 659 magi

256 667 473 725 dirigitur.
1774 673 1843 703 ΞΝ
1887 675 1895 682 ’
2110 663 2119 701 ἴ
2274 691 2305 717 :.

346 732 393 776 Si
421 731 520 790 quis
554 740 705 774 autem
732 728 867 783 dicat,
899 729 1022 787 quod
1047 727 1224 788 figurae
1245 728 1425 790 aliquae
1449 703 1799 789 appropriantur
1817 689 2041 791 aliqifibus
2068 731 2214 779 coele·
2300 773 2307 780 ι

257 800 394 843 stium
428 810 689 855 corporum,
716 806 761 840 et
785 796 847 839 ita
882 808 1101 855 corpora
1104 794 1338 846 inferiora
1348 796 1710 841 determinantur
1729 811 1809 856 per
1840 797 2013 858 aliquas
2045 798 2213 859 figuras

256 865 310 915 ad
338 864 595 922 aliquorum
629 862 895 906 coelestium
937 875 1180 922 corporum
1206 860 1529 923 impressiones
1557 863 1884 923 suscipiendas,
1914 865 2094 910 videtur
2118 879 2213 911 non

254 930 582 975 rationabiliter
609 930 709 974 dici.
737 929 845 973 Non
873 929 996 973 enim
1019 929 1254 974 ordinatur
1281 929 1464 990 aliquod
1487 930 1662 989 patiens
1689 930 1745 974 ad
1771 931 2107 991 suscipiendam
2130 935 2214 978 im-

255 998 538 1058 pressionem
572 998 761 1055 agentis‚
779 996 863 1040 nisi
891 1010 971 1055 per
994 996 1086 1053 hoc
1120 996 1241 1056 quod
1274 1006 1342 1041 est
1371 997 1418 1041 in
1449 997 1666 1055 potentia.
1694 995 1777 1041 Illa
1803 1010 1915 1056 ergo
1938 1005 2116 1043 tantum
2142 999 2216 1043 de·

253 1065 499 1109 terminant
516 1066 664 1122 ipsum
692 1062 747 1108 ad
774 1062 1023 1121 specialem
1055 1063 1405 1122 impressionem
1438 1063 1790 1123 suscipiendam,
1820 1077 1898 1123 per
1923 1077 2040 1124 quae
2064 1064 2112 1109 in
2137 1079 2215 1124 po-

253 1132 394 1176 tentia
426 1131 475 1174 fit
508 1130 868 1189 quodammodo.
896 1129 983 1174 Per
1008 1129 1176 1189 figuras
1203 1140 1355 1174 autem
1382 1143 1476 1174 non
1509 1130 1763 1189 disponitur
1788 1131 1980 1174 materia
2005 1140 2054 1174 ut
2080 1130 2138 1175 sit
2167 1131 2214 1174 in

255 1199 458 1258 potentia
486 1199 540 1241 ad
560 1197 760 1256 aliquam
782 1196 996 1250 formam,
1023 1197 1128 1256 quia
1154 1197 1297 1256 figura
1322 1197 1539 1240 abstrahit
1561 1196 1814 1241 secundum
1831 1210 1964 1240 suam
1989 1197 2215 1242 rationem

255 1267 308 1309 ab
343 1266 469 1309 omni
503 1265 708 1318 materia,
735 1274 780 1308 et
803 1263 953 1307 forma
980 1263 1195 1317 sensibili,
1223 1277 1329 1316 cum
1352 1264 1409 1307 sit
1433 1263 1666 1322 quoddam
1689 1263 2067 1308 mathematicum
2107 1264 2216 1309 Non

256 1347 365 1391 ergo
393 1347 472 1391 per
497 1332 680 1391 figuras,
706 1339 750 1375 et
774 1341 1024 1375 caracteres
1056 1330 1382 1375 determinatur
1399 1329 1583 1390 aliquod
1601 1344 1765 1389 corpus
1792 1330 1847 1374 ad
1866 1330 2215 1425 suscipiendam

258 1400 459 1458 aliquam
492 1398 774 1443 influentiam
803 1398 1015 1442 coelestis
1048 1399 1266 1456 corporis.

343 1468 609 1511 Praeterea·
633 1465 805 1525 figurae
823 1465 1002 1524 aliquae
1022 1465 1369 1524 appropriantur
1386 1464 1652 1523 corporibus
1675 1463 1958 1508 coelestibus
1959 1457 2216 1511 mmor-‘ms

257 1535 485 1593 ipsorum:
507 1547 616 1577 nam
641 1532 815 1592 figurae
848 1532 1113 1576 inferiorum
1147 1546 1392 1591 corporum
1426 1541 1669 1580 causantur
1701 1547 1725 1575 a
1759 1531 2049 1591 corporibus
2048 1531 2217 1578 -toele-

256 1602 408 1645 stibus.
437 1601 704 1645 Praedictae
731 1610 884 1643 autem
911 1609 1029 1644 artes
1053 1613 1147 1643 non
1170 1609 1355 1643 utuntur
1382 1599 1698 1652 caracteribus,
1727 1608 1804 1643 aut
1828 1598 1984 1658 figuris
2006 1599 2139 1658 quasi
2152 1598 2219 1645 --οἱ

254 1668 444 1712 fectibus
463 1667 731 1711 coelestium
760 1673 1023 1725 corporum,
1042 1666 1120 1710 sed
1143 1675 1248 1710 sunt
1268 1665 1456 1710 effectus
1477 1665 1680 1709 hominis
1703 1667 1934 1724 operantis
1955 1678 2036 1724 per
2057 1675 2216 1712 artem.

254 1734 579 1793 ApproprIatio
601 1734 738 1793 igitur
760 1733 1008 1792 figurarum
1036 1733 1092 1777 ad
1110 1732 1262 1792 aliqua
1279 1732 1494 1777 coelestia
1513 1746 1707 1791 corpora
1724 1728 1840 1777 nihil
1846 1732 1921 1783 ad
1928 1732 2213 1793 propomam

257 1801 408 1846 facere
441 1802 631 1845 videtur.

342 1870 481 1912 Item:
510 1883 589 1927 per
615 1868 781 1927 figuras
808 1882 902 1911 non
925 1867 1177 1925 disponitur
1195 1866 1452 1925 aliqualiter
1473 1866 1664 1910 materia
1685 1864 1904 1910 naturalis
1916 1864 1978 1910 ad
2001 1864 2218 1921 formam,
2290 1855 2314 1885 ’Ὗ

257 1946 306 1980 ιιι
332 1945 566 1979 ostensum
589 1945 668 1978 est.
700 1925 909 1992 Corpora
930 1934 1066 1992 igitur
1091 1933 1138 1976 in
1165 1933 1326 1992 qmbus
1353 1943 1456 1977 sunt
1477 1933 1725 1992 impressae
1756 1932 2027 1992 hujusmodi
2044 1931 2217 1993 figurae

255 2012 359 2046 sunt
385 2002 590 2060 ejusdem
617 2001 862 2045 habilitatis
886 2001 941 2044 ad
968 2000 1277 2059 recipiendam
1299 1999 1584 2043 influentiam
1609 1998 1859 2043 coelestem
1878 1999 2117 2045 cumanis
2119 2013 2219 2044 cor-
2292 2008 2300 2045 ζΤ

257 2069 441 2129 poribus
460 2069 665 2127 ejusdem
682 2067 864 2126 speciei.
890 2067 1030 2119 Quod
1059 2065 1413 2125 autem··aliquid
1441 2066 1772 2125 agat2in>unum
1794 2059 2219 2189 effevum
2285 2077 2289 2115 ζ

257 2135 504 2195 aequaliter
530 2135 747 2194 disposita
772 2145 955 2194 propter
982 2133 1149 2192 aliquid
1183 2134 1267 2178 sibi
1294 2133 1636 2193 appropriatum
1668 2132 1731 2177 ibi
1761 2132 1840 2176 inv
1998 2149 2023 2176 ὰ
2046 2142 2093 2179 et
2112 2147 2218 2179 >non
2284 2148 2303 2173 1⁴

252 2203 299 2246 in
326 2202 462 2256 aliud,
499 2216 594 2246 non
626 2211 693 2246 est
729 2201 958 2260 operantis
995 2215 1076 2260 per
1106 2201 1430 2245 necessitatem
1463 2210 1666 2254 naturae,
1702 2199 1781 2244 sed
1816 2213 1897 2259 per
1927 2199 2217 2246 electionem.
2287 2196 2294 2208 ²

253 2269 384 2314 Patet
411 2283 520 2328 ergo
547 2269 670 2329 quod
696 2268 963 2327 hujusmodi
988 2277 1106 2312 artes
1142 2267 1297 2326 figuris
1334 2276 1511 2312 utentes
1548 2267 1605 2310 ad
1638 2266 1825 2311 effectus
1856 2266 2035 2326 aliquos
2058 2267 2220 2327 prodo}-
2325 2293 2326 2296 =

255 2336 424 2380 cendos
451 2350 546 2380 non
577 2335 748 2380 habent
779 2334 1032 2379 efficaciam
1072 2335 1124 2378 ab
1153 2334 1307 2393 aliquo
1336 2344 1499 2392 agente
1524 2348 1606 2393 per
1631 2343 1858 2388 naturam,
1884 2333 1965 2379 sed
1989 2334 2044 2378 ab
2066 2333 2220 2394 aliqua
2278 2318 2304 2397 l}

251 2403 549 2447 intellectuali
574 2403 823 2446 substantia
850 2416 930 2461 per
955 2401 1238 2446 intellectum
1266 2412 1444 2461 agente.
1975 2411 2002 2422 ’

346 2471 448 2514 Hoc
477 2471 614 2514 etiam
641 2469 922 2513 demonstrat
955 2478 999 2512 et
1031 2469 1183 2527 ipsum
1209 2482 1382 2512 nomen
1420 2467 1544 2527 quod
1578 2467 1742 2512 talibus
1778 2466 1936 2526 figuris
1961 2467 2219 2528 imponunt,

258 2547 509 2581 caracteres
547 2551 626 2580 eos
660 2537 874 2580 dicentes.
915 2536 1133 2579 Caracter
1166 2535 1288 2579 enim
1322 2535 1505 2611 signum
1542 2545 1624 2597 est,
1659 2535 1706 2578 in
1740 2548 1832 2594 quo
1865 2535 1996 2579 datur
2025 2535 2223 2596 intelligi
2269 2536 2328 2566 ’τῇ

256 2604 377 2663 quod
405 2604 558 2662 figuris
585 2603 850 2662 hujusmodi
871 2617 966 2646 non
985 2613 1168 2646 utuntur
1189 2602 1276 2646 nisi
1294 2612 1342 2646 ut
1368 2602 1509 2661 signis
1528 2601 1737 2646 exhibitis
1760 2601 1898 2646 alicui
1923 2601 2222 2648 intellectuah

256 2682 456 2715 naturae.
494 2671 615 2723 Quia
651 2685 760 2715 vero
798 2670 969 2729 figurae
1012 2670 1058 2713 in
1101 2669 1409 2713 artificialibus
1441 2679 1546 2715 sunt
1567 2669 1707 2729 quasi
1747 2668 1925 2713 formae
1964 2668 2237 2729 specificas

258 2739 371 2782 nihil
399 2739 607 2797 prohibet
634 2740 742 2796 quin
769 2738 908 2782 etiam
936 2737 1310 2780 constitutionem
1331 2736 1518 2795 figurae,
1542 2748 1659 2796 quae
1685 2737 1762 2780 dat
1787 2736 1990 2795 speciem
2013 2736 2221 2796 imagini,
2243 2755 2245 2757 r

257 2806 399 2865 possit
433 2805 594 2865 aliquis
628 2805 778 2848 dicere
812 2804 934 2863 quod
969 2813 1274 2862 consequatur
1307 2803 1456 2862 aliqua
1489 2804 1629 2847 virtus
1663 2817 1718 2847 ex
1749 2802 1999 2854 influentia
2017 2803 2220 2859 coelesti,

258 2888 352 2918 non
378 2872 631 2917 secundum
669 2872 790 2930 quod
823 2871 966 2930 figura
1000 2880 1081 2924 est,
1119 2870 1197 2914 sed
1234 2871 1486 2914 secundum
1519 2870 1641 2930 quod
1675 2879 1832 2914 causat
1863 2870 2064 2930 speciem
2091 2869 2221 2925 artifi—
2267 2868 2327 2931 ἧς,

259 2940 378 2995 ciati,
412 2940 538 3018 quod
563 2939 824 2997 adipiscitur
855 2939 1070 2982 virtutem
1104 2951 1156 2980 ex
1189 2936 1343 2981 stellis.
1380 2937 1469 2981 Sed
1503 2938 1558 2982 de
1585 2937 1743 2981 litteris
1775 2936 1948 2996 quibus
1961 2936 2222 2985 inscribitur
2269 2955 2280 2967 ⁴
2314 2933 2328 2952 ³*

260 3007 428 3067 aliquid
454 3008 500 3052 in
527 3007 744 3065 imagine,
772 3017 816 3051 et
848 3006 947 3050 aliis
982 3005 1299 3058 caracteribus,
1322 3004 1437 3049 nihil
1464 3005 1584 3049 aliud
1616 3014 1767 3064 potest
1791 3003 1906 3060 dici;
1914 2995 2066 3065 ᾖεςῃ
2099 3002 2222 3066 quau

259 3076 389 3134 signa
415 3084 542 3120 sunt:
569 3075 688 3119 unde
714 3087 808 3118 non
834 3073 1003 3117 habent
1029 3072 1238 3116 ordinem
1265 3071 1352 3116 nisi
1376 3072 1431 3115 ad
1459 3071 1658 3148 aliquem
1683 3069 1986 3116 intellectum.

352 3141 492 3195 Quod
515 3140 654 3187 etiam
685 3140 937 3185 ostenditur
970 3154 1050 3198 per
1085 3138 1320 3192 sacrificia,
1357 3139 1696 3198 prostrationes,
1730 3147 1775 3182 et
1813 3136 1903 3181 alia
1938 3136 2219 3196 hujusmodi,

257 3209 416 3268 quibus
444 3219 652 3263 utuntur3
679 3222 794 3267 quae
819 3219 913 3252 non
936 3216 1125 3267 possunt
1142 3219 1240 3250 esse
1263 3205 1350 3249 nisi
1366 3205 1497 3264 signa
1533 3204 1812 3250 reverentiae
1833 3203 2059 3250 exhibitae
2081 3203 2271 3251 alicui

258 3274 555 3321 intellectuali
581 3285 782 3324 naturae
