2332 3854
234 203 339 258 370
926 201 1078 239 LIBER
1118 199 1193 238 111.
1237 199 1371 237 cAP..
1397 197 1484 236 Lx.

1003 411 1258 470 CAPUT
1283 399 1416 468 LX.

409 552 568 598 QUOD
609 550 881 588 VIDENTES
922 549 1078 587 DEUM
1117 548 1296 586 OMNIA
1327 549 1488 586 SIMUL
1529 548 1735 587 VIDENT
1777 549 1833 586 IN
1871 547 2007 588 Ipso.
2060 596 2073 614 K

833 651 886 706 (I.
912 657 1024 710 part.
1053 656 1204 709 quaest.
1227 650 1325 695 XII.
1359 657 1440 695 art.
1473 650 1576 707 τα).

317 767 437 810 Cum
466 774 618 807 autem
652 774 886 807 ostensum
909 764 976 808 -sit
1006 763 1130 822 quod
1160 763 1416 807 intellectus
1450 773 1626 807 creatus
1659 762 2180 810 divinamsubstantiam

226 834 397 885 videns,
425 833 468 874 in
494 832 593 889 ipsa
619 832 708 875 Dei
734 831 984 874 substantia
1015 844 1178 874 omnes
1209 831 1382 888 species
1414 843 1566 874 rerum
1597 829 1838 888 intelligat,
1864 844 2181 908 quaec-umque

227 911 377 944 autem
405 913 494 942 una
521 898 671 956 specie
699 898 921 951 videntur,
949 907 1129 956 oportet
1155 897 1292 942 simul
1317 911 1406 940 una
1427 897 1603 940 visione
1624 896 1780 950 videri,
1803 911 1910 942 cum
1934 897 2050 942 visio
2066 899 2182 957 prin-

225 967 346 1025 cipio
377 965 564 1009 visionis
586 965 872 1040 respondeat,
898 978 1086 1008 necesse
1113 974 1181 1008 est
1205 973 1254 1007 ut
1279 963 1536 1008 intellectus
1563 962 1640 1021 qui
1661 963 1868 1008 divinam
1885 962 2180 1010 substantiam

223 1034 358 1086 videt,
391 1046 485 1076 non
511 1032 782 1086 successive,
806 1032 884 1076 sed
913 1030 1050 1074 simul
1076 1031 1232 1074 omnia
1260 1029 1606 1088 contempletur.

313 1101 447 1144 Item:
482 1113 664 1143 summa
696 1109 740 1142 et
773 1097 973 1157 perfecta
1009 1097 1202 1141 felicitas
1237 1096 1557 1141 intellectualis
1588 1106 1775 1141 naturae
1810 1098 1865 1151 {a
1889 1096 1976 1142 Dei
2006 1098 2182 1143 visione

224 1167 444 1220 consistit,
471 1176 520 1210 ut
541 1180 674 1224 supra
702 1167 761 1221 (c.
790 1166 881 1222 25.)
910 1174 1145 1208 ostensum
1179 1174 1259 1208 est.
1291 1163 1502 1207 Felicitas
1535 1173 1687 1207 autem
1713 1177 1807 1208 non
1833 1173 1902 1209 est
1931 1164 2181 1210 secundum

222 1235 443 1286 habitum,
470 1233 548 1277 sed
576 1232 828 1276 secundum
856 1241 1024 1285 actum,
1053 1245 1158 1274 cum
1185 1231 1241 1275 sit
1263 1229 1422 1274 ultima
1448 1229 1677 1289 perfectio
1699 1240 1744 1274 et
1764 1229 1951 1276 ultimus
1975 1229 2090 1277 finis.
2114 1231 2184 1281 Ea

221 1302 358 1359 igitur
375 1314 491 1359 quae
507 1300 718 1345 videntur
738 1313 816 1357 per
830 1299 1058 1342 visionem
1081 1298 1260 1342 divinae
1283 1297 1573 1350 substantiae,
1595 1311 1683 1356 qua
1699 1297 1820 1342 beati
1835 1311 2009 1352 sumus,
2025 1298 2183 1344 omnia

221 1368 473 1412 secundum
506 1377 658 1411 actum
690 1366 924 1410 videntur·
949 1379 1044 1409 non
1071 1379 1180 1423 ergo
1213 1378 1356 1408 unum
1387 1364 1510 1422 prius
1543 1374 1587 1408 et
1619 1363 1740 1408 aliud
1766 1366 2014 1430 posterius.-
2100 1370 2108 1409 ,’

311 1435 501 1478 Adhuc.
524 1447 824 1509 unaquaeque
842 1447 928 1486 res,
946 1447 1052 1475 cum
1069 1431 1326 1491 pervenerit
1342 1431 1398 1474 ad
1413 1445 1547 1475 suum
1570 1430 1783 1475 ultimum
1799 1422 1961 1486 finem,
1973 1432 2182 1491 quiescit,

223 1516 328 1546 cum
363 1502 514 1546 omnis
545 1511 698 1545 motus
730 1501 788 1545 sit
820 1500 876 1543 ad
909 1499 1236 1558 acquirendum
1273 1498 1425 1541 finem.
1459 1497 1660 1542 Ultimus
1692 1507 1846 1542 autem
1879 1497 1982 1543 finis
2010 1499 2183 1545 intelle-

223 1579 320 1612 ctus
348 1579 416 1613 est
438 1569 554 1623 visio
588 1567 767 1612 divinae
800 1567 1091 1620 substantiae,
1123 1575 1173 1609 ut
1204 1579 1337 1624 supra
1363 1565 1512 1623 (ibid.)
1547 1574 1781 1609 ostensum
1813 1575 1893 1610 est.
1918 1565 2181 1612 Intellectus

220 1636 358 1693 igitur
385 1636 586 1679 divinam
612 1634 909 1679 substantiam
940 1634 1101 1677 videns
1126 1646 1220 1676 non
1252 1642 1462 1675 movetur
1485 1632 1539 1676 de
1566 1645 1658 1675 uno
1680 1631 1984 1691 intelligibili
1971 1647 2020 1676 m
2043 1632 2180 1679 aliud.

224 1703 398 1747 Omnia
423 1703 559 1760 igitur
584 1715 701 1760 quae
731 1715 811 1760 per
841 1701 961 1744 hanc
993 1700 1220 1743 visionem
1247 1698 1500 1757 cognoscit,
1531 1698 1670 1742 simul
1696 1707 1800 1743 actu
1826 1699 2099 1744 considerat.

310 1769 580 1828 Amplius:
569 1782 615 1812 m
641 1769 792 1812 divina
819 1767 1067 1812 substantia
1089 1766 1345 1810 intellectus
1369 1779 1529 1809 omnes
1555 1779 1707 1810 rerum
1730 1766 1906 1824 species
1930 1767 2182 1826 cognoscit,

221 1845 269 1880 ut
287 1851 341 1880 ex
363 1836 493 1880 dictis
519 1837 580 1893 (c.
613 1836 699 1895 59.)
722 1845 857 1894 patet.
884 1833 1208 1886 Quorumdam
1227 1842 1380 1877 autem
1403 1846 1622 1891 generum
1645 1842 1750 1877 sunt
1773 1833 1947 1892 species
1963 1833 2181 1888 infinitae,

221 1904 338 1948 sicut
368 1916 681 1954 numerorum,
700 1913 744 1946 et
761 1901 1023 1960 figurarum,
1047 1911 1092 1944 et
1116 1900 1482 1959 proportionum.
1508 1899 1770 1944 Intellectus
1795 1899 1932 1958 igitur
1955 1900 2003 1944 in
2027 1900 2181 1945 divina

221 1970 470 2015 substantia
484 1970 607 2013 videt
623 1969 810 2012 infinita.
827 1969 935 2012 Non
955 1978 1105 2011 autem
1125 1967 1280 2010 omnia
1299 1980 1352 2009 ea
1368 1966 1521 2009 videre
1547 1975 1703 2024 posset
1726 1966 1815 2010 nisi
1835 1966 1972 2012 simul
1996 1966 2180 2023 videret,

220 2039 325 2116 quia
356 2036 531 2080 infinita
562 2050 656 2080 non
690 2046 757 2079 est
787 2035 993 2079 transire.
1029 2034 1228 2093 Oportet
1262 2034 1398 2092 igitur
1431 2032 1553 2092 quod
1586 2032 1743 2076 omnia
1775 2046 1891 2092 quae
1925 2032 2182 2079 intellectus

220 2107 266 2149 in
293 2105 445 2148 divina
471 2103 719 2148 substantia
743 2103 881 2155 videt,
907 2101 1045 2146 simul
1076 2100 1241 2144 videat.

310 2172 429 2215 Hinc
467 2181 534 2215 est
565 2170 688 2230 quod
722 2169 1004 2230 Augustinus
1038 2168 1146 2212 dicit
1178 2169 1224 2211 in
1251 2167 1432 2212 decimo
1470 2167 1628 2226 quinto
1660 2130 1732 2211 De
1771 2165 2182 2225 Trinit.(c.1'6.):

224 2239 372 2283 «Non
396 2249 527 2283 erunt
551 2248 658 2282 tunc
686 2237 910 2291 volubiles
932 2245 1114 2280 nostrae
1143 2235 1460 2294 cogitationeS,
1487 2235 1540 2278 ab
1576 2234 1674 2279 aliis
1701 2244 1746 2279 et
1769 2234 1817 2278 iu
1843 2234 1932 2280 alia
1957 2244 2116 2280 euntes
2138 2244 2184 2280 et
2243 2262 2246 2263 ν

221 2307 460 2351 redeuntes
478 2321 501 2347 »
522 2322 532 2360 ;
565 2305 644 2350 sed
666 2318 855 2348 omnem
877 2303 1116 2348 scientiam
1138 2312 1343 2346 nostram
1360 2316 1452 2346 uno
1480 2301 1617 2347 simul
1639 2311 1888 2361 conspectu
1911 2301 2180 2347 videbimus.
2236 2307 2239 2309 ’

981 2502 1235 2559 CAPUT
1279 2503 1424 2558 LXI.

222 2648 380 2693 QUOD
416 2649 516 2686 PER
546 2648 822 2686 VISIONENs
845 2648 938 2685 DEI
972 2647 1192 2693 ALIQUIS
1227 2647 1312 2685 SIT
1346 2646 1640 2685 PARTICEPS
1674 2645 1841 2685 VITAE
1872 2646 2176 2685 AETERNAE.

309 2774 374 2816 Ex
399 2773 490 2817 hoc
518 2782 671 2816 autem
694 2781 891 2831 apparet,
919 2771 1041 2830 quod
1068 2785 1147 2830 per
1169 2771 1395 2814 visionem
1422 2771 1700 2828 praedictam
1724 2769 1981 2814 intellectus
2003 2779 2181 2815 creatus

218 2841 337 2884 vitae
365 2850 575 2883 aeternae
601 2839 647 2883 fit
681 2839 918 2898 particeps.
946 2838 998 2882 In
1029 2838 1120 2882 hoc
1148 2838 1272 2882 enim
1298 2832 1540 2882 aeternitas
1573 2852 1599 2881 a
1629 2847 1839 2897 tempore
1869 2835 2180 2895 differt,·;quod

218 2918 396 2966 tempus
425 2907 471 2949 in
495 2906 692 2965 quadam
725 2906 1017 2950 successione
1048 2905 1187 2949 habet
1213 2920 1336 2950 esse:
1364 2905 1640 2949 aeternitatis
1671 2919 1781 2949 vero
1814 2918 1912 2950 esse
1939 2913 2009 2949 est
2030 2913 2180 2948 totum

219 2973 369 3026 simul.
391 2974 492 3031 Jam
526 2982 678 3017 autem
712 2982 946 3016 ostensum
980 2982 1047 3016 est
1072 2974 1133 3031 (c.
1160 2971 1269 3029 60.)‚
1297 2973 1418 3031 quod
1443 2973 1491 3016 in
1518 2972 1748 3031 praedicta
1779 2971 1955 3017 visione
1986 2985 2080 3017 non
2113 2980 2182 3015 est

162 3085 166 3089 ,
220 3040 370 3099 aliqua
396 3040 643 3093 successio,
669 3041 747 3084 sed
786 3040 942 3083 omnia
975 3054 1090 3098 quae
1127 3053 1206 3097 per
1245 3038 1374 3083 illam
1413 3039 1636 3092 videntur,
1667 3037 1876 3084 simulet
1899 3037 2181 3084 unointuitu'

218 3108 438 3152 videntur.
468 3107 552 3151 Illa
580 3121 689 3166 ergo
716 3107 832 3151 visio
858 3107 905 3150 in
933 3105 1130 3165 quadarn
1158 3106 1433 3151 aeternitatis
1460 3106 1806 3165 participatione
1832 3104 2075 3165 perficitur.
2100 3103 2182 3150 Est

221 3185 373 3219 autem
406 3174 483 3218 illa
514 3175 631 3219 visio
658 3174 882 3233 quaedam
909 3174 1025 3226 vita;
1060 3173 1179 3217 actio
1207 3174 1329 3216 enirn
1355 3172 1611 3217 intellectus
1639 3182 1707 3216 est
1730 3173 1823 3217 vita
1848 3172 2087 3232 quaedam.
2108 3169 2181 3216 Fit

220 3256 329 3300 ergo
364 3256 442 3300 per
474 3240 602 3285 illam
627 3241 852 3285 visionem
886 3240 1142 3284 intellectus
1177 3250 1352 3284 creatus
1378 3240 1497 3283 vitae
1526 3249 1744 3284 aeternae·
1761 3238 2002 3298 particeps,

309 3309 448 3352 Item:
483 3323 562 3367 per
596 3309 774 3366 obJecta
802 3317 927 3351 actus
960 3306 1290 3365 specificantur.
1327 3307 1574 3364 Objectum
1608 3317 1760 3351 autem
1792 3306 1981 3351 visionis
2011 3304 2181 3365 praedi-

220 3386 318 3419 ctae
346 3386 412 3419 est
447 3375 598 3419 divina
625 3374 874 3418 substantia
907 3374 1159 3418 secundum
1192 3373 1405 3432 seipsam,
1437 3387 1530 3417 non
1567 3373 1819 3417 secundum
1847 3372 2046 3433 aliquam
2082 3372 2179 3431 ejus

219 3442 561 3487 similitudinem
591 3453 806 3496 creatam,
839 3452 887 3486 ut
924 3455 1057 3500 supra
1091 3442 1151 3497 (c.
1189 3441 1276 3498 51.)
1306 3450 1540 3484 ostensum
1567 3451 1647 3485 est.
1681 3440 1792 3485 Esse
1825 3450 1977 3486 autem
1999 3438 2178 3483 divinae

219 3510 495 3553 substantiae
521 3510 567 3553 in
594 3511 856 3553 aeternitate
884 3518 964 3562 est,
991 3507 1062 3552 vel
1090 3510 1236 3566 magis
1265 3517 1332 3552 est
1358 3508 1454 3565 ipsa
1479 3507 1743 3552 aeternitas:
1773 3520 1883 3566 ergo
1908 3505 2024 3553 visio
2055 3518 2179 3564 prae-

221 3576 338 3621 dicta
365 3576 409 3619 in
436 3576 779 3635 participatione
815 3575 1089 3620 aeternitatis
1118 3586 1196 3619 est.
