2332 3854
0 126 21 224 ἓ
811 279 966 320 mnan
1005 264 1082 318 m.
1123 279 1242 319 cAP.
1286 260 1431 317 Lxrx.
1991 261 2099 333 387

154 465 332 512 corpus,
350 451 522 496 scilicet
542 450 733 525 patiens,
751 448 1003 493 secundum
1030 462 1160 492 suam
1178 447 1432 500 materiam,
1458 456 1507 490 ut
1522 445 1825 504 subjectum,'
1813 459 1861 489 ιιι
1883 455 2103 504 quantum

154 519 343 566 materia
379 518 476 576 ejus
521 526 588 561 est
618 516 666 559 in
697 514 901 574 potentia
928 513 982 557 ad
1019 513 1217 558 formam
1254 512 1442 573 agentis.
1471 512 1519 556 Si
1551 522 1704 556 autem
1737 525 1762 556 e
1788 525 2013 556 converso
2046 511 2102 554 ad

153 584 351 631 formam
394 582 596 643 corporis
637 580 849 642 patientis
887 579 943 623 sit
980 579 1028 623 in
1068 579 1270 638 potentia
1298 579 1488 624 materia
1515 578 1719 639 corporis
1750 592 1776 622 a
1811 578 1940 632 entis,
1973 587 2105 622 erunt

155 650 333 714 agentia
359 659 404 694 et
428 649 644 709 patientia
670 647 725 691 ad
751 646 972 690 invicem·
1001 646 1116 690 sicut
1142 646 1341 690 accidit
1330 660 1377 689 ιιι
1409 645 1585 690 duobus
1611 593 1876 704 εοιροιιῗιιιε
1909 643 2105 689 elemen-

153 717 336 764 taribus.
365 715 445 760 Sin
469 724 640 769 autem,
672 714 754 758 erit
779 726 922 757 unum
947 722 1125 756 tantum
1153 726 1305 771 agens,
1333 722 1377 756 et
1417 711 1607 756 alterum
1632 720 1810 756 tantum
1834 711 2009 771 patiens
2040 724 2106 755 re·

154 793 311 845 spectu
332 781 473 827 illius:
502 781 617 826 sicut
644 790 710 825 est
736 778 1019 854 comparatio
1047 779 1250 837 corporis
1285 778 1497 823 coelestis
1531 779 1585 822 ad
1612 791 1777 837 corpus
1810 777 2104 822 elementare.

155 850 232 896 Sic
258 848 393 909 igitur
418 861 583 908 corpus
610 860 749 906 agens
792 845 884 904 agit
916 846 962 888 in
993 845 1246 903 subjectum
1279 859 1373 889 non
1399 845 1576 890 ratione
1607 844 1747 889 totius
1774 845 1994 904 corporis,
2026 843 2105 888 sed

85 889 332 1006 Uormae
363 928 443 974 per
474 927 611 973 quam
640 913 745 972 agit.
1707 940 1709 943 -

243 981 351 1027 Non
369 991 437 1026 est
454 980 591 1025 etiam
607 993 782 1032 verum,
805 978 926 1037 quod
946 991 1139 1036 corpora
1162 978 1251 1022 sint
1276 978 1322 1021 in
1339 977 1500 1022 ultima
1514 978 1770 1023 remotione
1795 990 1821 1021 a
1841 978 1961 1021 Deo.
1983 976 2106 1021 Cum

157 1049 280 1095 enim
311 1048 438 1092 Deus
481 1047 536 1092 sit
569 1055 694 1090 actus
733 1058 884 1104 purus,
922 1044 1173 1087 secundum
1209 1044 1300 1088 hoc
1334 1043 1485 1103 aliqua
1517 1044 1664 1102 magis
1690 1043 1765 1088 vel
1791 1044 1941 1088 minus
1968 1043 2023 1087 ab
2050 1056 2107 1087 eo

156 1116 339 1178 distant,
371 1113 622 1158 secundum
665 1111 787 1171 quod
814 1120 916 1155 sunt
948 1109 1048 1167 plus
1074 1109 1147 1154 vel
1179 1110 1330 1154 minus
1356 1111 1401 1154 in
1430 1121 1532 1154 actu
1558 1110 1632 1154 vel
1662 1110 1709 1154 in
1736 1110 1965 1169 potentia
1990 1109 2109 1170 Illud

157 1181 296 1227 etiam
321 1181 373 1224 ιιι
393 1179 568 1224 entibus
595 1187 662 1222 est
683 1188 881 1221 extreme
899 1176 1067 1220 distans
1095 1191 1120 1219 a
1147 1176 1249 1220 Deo
1276 1176 1395 1234 quod
1425 1186 1493 1221 est
1517 1176 1564 1220 in
1589 1176 1791 1236 potentia
1807 1186 2000 1230 tantum,
2027 1175 2110 1220 sci-

157 1247 264 1294 licet
288 1245 478 1291 materia
494 1245 652 1304 prima.
677 1243 811 1288 Unde
839 1245 934 1302 ejus
953 1252 1021 1286 est
1046 1242 1138 1301 pati
1163 1251 1355 1296 tantum,
1384 1252 1429 1286 et
1448 1257 1543 1287 non
1570 1256 1717 1301 agere.
1747 1242 1957 1302 Corpora
1981 1255 2108 1295 vero,

15 1358 23 1367 J
158 1327 264 1358 cum
289 1313 377 1357 sint
398 1311 654 1371 composita
672 1324 726 1354 ex
744 1310 933 1354 materia
950 1308 1176 1363 etforma,
1204 1308 1428 1353 accedunt
1453 1309 1508 1352 ad
1536 1308 1738 1352 divinam
1760 1306 2106 1354 similitudinem

0 1352 44 1427 ξ’
157 1378 207 1424 in
239 1388 460 1439 quantum
491 1378 662 1422 habent
691 1376 903 1431 formam,
941 1389 1079 1434 quam
1117 1375 1388 1419 Aristoteles
1419 1376 1465 1419 in
1499 1376 1648 1435 primo
1685 1375 1822 1435 Phys.
1858 1375 1908 1433 (t.
1937 1389 1976 1418 c.
2013 1374 2108 1431 48.)

0 1432 27 1595 ἓ
156 1445 366 1491 nominat
381 1445 585 1488 divinum
606 1443 851 1502 quoddam.
869 1443 924 1486 Et
949 1451 1132 1500 propter
1147 1442 1253 1496 hoc,
1272 1442 1526 1486 secundum
1552 1442 1674 1501 quod
1699 1441 1871 1487 habent
1891 1440 2108 1495 formam,

0 1658 17 1704 ἓ

0 1757 12 1776 ξι

0 1789 17 1821 ι

0 342 111 546 ἓν
152 387 244 433 hoc
276 398 415 430 omne
442 397 606 444 corpus
632 382 726 442 agit
750 382 1001 427 secundum
1027 394 1158 426 suam
1183 379 1382 425 formam
1409 378 1465 424 ad
1491 392 1629 438 quarn
1657 387 1948 439 comparatur
1980 376 2103 422 aliud

0 688 23 825 ἵ

0 814 99 998 ἱ

159 1521 322 1572 agunt:
348 1510 598 1555 secundum
624 1523 734 1553 vero
761 1509 883 1567 quod
915 1508 1084 1552 habent
1115 1508 1370 1560 materiam,
1401 1508 1643 1566 patiuntur.

247 1576 508 1622 Ridiculum
535 1586 687 1620 autem
726 1584 793 1619 est
828 1574 975 1618 dicere
1004 1574 1125 1632 quod
1150 1574 1254 1618 ideo
1284 1587 1447 1632 corpus
1479 1587 1574 1617 non
1611 1583 1731 1632 agat,
1761 1574 1867 1633 quia
1898 1572 2110 1619 accidens

100 1656 108 1662 ·’
162 1656 257 1690 ιιοιι
280 1643 446 1689 transit
471 1642 526 1686 de
563 1641 766 1699 subjecto
802 1640 849 1684 in
875 1640 1141 1698 subiectum.
1168 1639 1276 1684 Non
1298 1640 1421 1683 enim
1454 1640 1544 1683 hoc
1583 1639 1725 1684 modo
1753 1640 1916 1684 dicitur
1947 1654 2111 1700 corpus

161 1707 360 1775 calidum
386 1707 649 1762 calefacere,
677 1707 798 1766 quod
824 1707 947 1751 idem
963 1719 1155 1750 numero
1175 1705 1314 1759 calor,
1333 1706 1409 1764 qui
1427 1716 1493 1750 est
1510 1706 1557 1749 in
1585 1705 1878 1751 calefaciente
1901 1719 2109 1765 corpore,

159 1770 359 1823 transeat
383 1775 439 1820 ad
473 1788 635 1833 corpus
663 1772 959 1827 calefactum;
992 1771 1071 1816 sed
1107 1773 1213 1832 quia
1244 1773 1407 1816 virtute
1431 1772 1610 1826 caloris,
1639 1773 1716 1831 qui
1741 1783 1809 1817 est
1838 1773 1885 1816 in
1919 1785 2112 1832 corpore

161 1841 468 1895 calefaciente,
491 1840 603 1885 alius
622 1839 749 1884 calor
773 1853 965 1884 numero
991 1838 1042 1882 fit
1064 1849 1166 1882 actu
1192 1839 1239 1882 in
1267 1852 1459 1898 corpore
1493 1838 1728 1896 calefacto,
1762 1839 1838 1898 qui
1863 1838 1986 1898 prius
2019 1848 2114 1882 erat

158 1907 208 1955 in
233 1922 288 1954 eo
307 1909 352 1953 in
377 1906 594 1967 potentia.
617 1906 774 1965 Agens
801 1906 924 1949 enim
949 1905 1154 1949 naturale
1180 1919 1273 1948 non
1297 1915 1364 1949 est
1389 1904 1630 1950 traducens
1657 1906 1889 1965 propriam
1914 1904 2113 1949 formam

159 1975 208 2020 in
233 1975 427 2027 alterum
451 1974 720 2032 subjectum,
752 1972 832 2016 sed
857 1971 1078 2016 reducens
1106 1972 1360 2030 subJectum
1394 1971 1516 2030 quod
1542 1971 1709 2031 patitur
1742 1972 1797 2016 de
1833 1972 2036 2030 potentia
2066 1971 2114 2015 in

162 2051 328 2088 actum.

248 2108 356 2153 Non
379 2107 516 2166 igitur
541 2105 785 2150 auferimus
810 2104 1014 2164 proprias
1042 2104 1244 2148 actiones
1268 2104 1401 2150 rebus
1424 2104 1600 2158 creatis,
1626 2105 1834 2164 quamvis
1862 2117 2023 2149 omnes
2046 2103 2106 2150 ef-

161 2174 304 2221 fectus
323 2187 476 2220 rerum
502 2181 756 2217 creatarum
782 2171 885 2215 Deo
914 2170 1224 2225 attribuamus,
1250 2170 1379 2235 quasi
1404 2171 1451 2214 in
1478 2171 1690 2216 omnibus
1716 2171 1937 2230 operanti.

907 2316 1162 2382 CAPUT
1203 2325 1377 2381 LXX.

189 2461 474 2510 QUOMODO
514 2460 652 2499 IDEM
690 2459 966 2499 EFFECTUS
1008 2458 1092 2499 SIT
1126 2460 1162 2498 A
1200 2459 1314 2499 DEO
1355 2461 1426 2500 ET
1466 2460 1502 2498 A
1539 2460 1818 2501 NATURALI
1850 2460 2089 2502 AGENTE.

255 2570 559 2626 Quibusdam'
578 2579 732 2615 autem
767 2568 951 2614 difficile
985 2569 1163 2614 videtur
1195 2570 1250 2614 ad
1282 2570 1631 2629 intelligendum
1664 2572 1788 2630 quod
1820 2570 2008 2616 effectus
2040 2586 2117 2615 na-

163 2636 330 2683 turales
355 2637 650 2682 attribuantur
674 2636 793 2690 Deo,
820 2645 864 2680 et
887 2635 1082 2689 naturali
1108 2636 1284 2693 agenti3
1317 2651 1426 2680 nam
1454 2651 1543 2680 una
1570 2638 1689 2682 actio
1719 2652 1742 2681 a
1771 2638 1948 2682 duobus
1977 2652 2111 2696 agen-

1 2670 40 2692 flet

2 2703 47 2766 ξ
167 2704 285 2749 tibus
309 2717 404 2748 non
429 2703 605 2747 videtur
630 2702 843 2761 progredi
868 2715 1016 2759 posse.
1042 2701 1092 2745 Si
1116 2702 1252 2760 igitur
1281 2703 1413 2756 actio,
1436 2717 1515 2761 per
1534 2718 1671 2761 quam
1691 2703 1877 2748 effectus
1899 2703 2117 2748 naturalis

4 2762 33 2829 ἱζξι
168 2769 443 2829 producitur,
469 2768 674 2828 procedit
705 2782 730 2811 a
757 2781 948 2826 corpore
974 2766 1182 2821 naturali,
1207 2781 1302 2811 non
1323 2769 1529 2827 procedit
1556 2784 1579 2812 a
1606 2769 1723 2814 Deo.

5 2827 49 2906 ἶ
256 2835 391 2880 Item:
419 2836 540 2894 quod
566 2844 715 2893 potest
740 2834 836 2878 fieri
861 2833 1134 2879 sufficienter
1158 2849 1237 2894 per
1269 2849 1426 2890 unum,
1458 2836 1737 2894 superfluum
1774 2845 1840 2881 est
1877 2836 2000 2895 quod
2031 2851 2113 2896 per

7 2899 31 2932 ³2³
171 2901 315 2948 multa
339 2901 439 2956 fiat;
463 2901 672 2946 videmus
699 2901 820 2945 enim
843 2901 965 2977 quod
990 2911 1151 2945 natura
1176 2915 1269 2945 non
1300 2897 1409 2946 facit
1433 2916 1513 2962 per
1539 2902 1629 2947 duo
1656 2902 1956 2948 instrumenta
1994 2903 2118 2963 quod

27 3004 33 3015 ι
170 2978 321 3029 potest
344 2966 492 3013 facere
518 2982 598 3026 per
610 2981 765 3011 unum.
786 2967 935 3012 Cum
924 2967 1061 3026 1gitur
1076 2967 1215 3011 virtus
1233 2967 1385 3012 divina
1402 2967 1627 3013 sufficiens
1647 2969 1702 3013 sit
1725 2968 1780 3012 ad
1798 2969 2117 3028 producendos

11 3030 49 3096 Ξ
172 3034 357 3080 effectus
381 3032 625 3087 naturales,
651 3032 931 3092 superfluum
958 3044 1025 3078 est
1051 3033 1263 3078 adhibere
1287 3033 1342 3078 ad
1369 3035 1557 3079 eosdem
1584 3034 1772 3080 effectus
1799 3035 2122 3094 producendos

13 3098 59 3169 ξ,
174 3101 311 3146 etiam
328 3099 555 3145 naturales
571 3099 784 3154 virtutes;
810 3099 884 3144 vel
908 3100 948 3145 si
964 3099 1103 3144 virtus
1121 3099 1336 3145 naturalis
1360 3100 1634 3146 sufficienter
1652 3102 1887 3161 proprium
1909 3101 2122 3148 effectum

16 3187 59 3238 ᾗ,
171 3166 392 3228 producit,
417 3164 697 3225 superfluum
723 3176 803 3220 est,
831 3166 952 3225 quod
976 3165 1127 3221 divina
1149 3167 1290 3211 virtus
1318 3167 1373 3211 ad
1401 3167 1617 3212 eumdem
1643 3166 1857 3215 effectum
1883 3182 2002 3228 agat.

260 3233 526 3278 Praeterea:
554 3233 591 3277 si
612 3232 738 3277 Deus
764 3242 913 3277 toturn
939 3231 1152 3277 effectum
1183 3232 1438 3277 naturalem
1464 3233 1689 3292 producit,
1714 3234 1829 3280 nihil
1854 3234 2122 3296 relinquitur

173 3300 229 3346 de
255 3298 419 3345 effectu
443 3297 638 3343 naturali
675 3299 827 3358 agenti
865 3299 919 3344 ad
946 3299 1303 3358 producendum.
1330 3300 1438 3345 Non
1463 3300 1639 3346 videtur
1676 3301 1813 3360 igitur
1855 3315 1952 3347 esse
1984 3303 2126 3363 possi·

172 3365 278 3421 bile,
309 3365 431 3426 quod
462 3364 652 3411 eosdem
683 3363 869 3411 effectus
896 3366 1022 3411 Deus
1053 3366 1303 3425 producere
1329 3365 1517 3420 dicatur,
1544 3379 1658 3425 quos
1681 3381 1753 3412 res
1768 3367 1998 3414 naturales
2022 3383 2125 3429 pro-

176 3429 360 3481 duc-unt

242 3495 392 3549 Haec
420 3506 572 3543 autem
613 3495 925 3544 difficultatem
964 3512 1058 3542 non
1096 3496 1287 3543 afferunt
1322 3498 1360 3543 si
1394 3499 1644 3558 praemissa
1681 3499 2037 3548 considerentur.
2070 3502 2151 3557 In¹

178 3544 381 3624 quolibet
410 3564 533 3609 enim
560 3573 722 3623 agente
749 3572 816 3608 est
847 3562 938 3609 duo
965 3564 1265 3619 considerare,
1298 3563 1472 3610 scilicet
1495 3580 1594 3611 rem
1625 3565 1773 3626 ipsam
1800 3581 1916 3627 quae
1943 3568 2049 3628 agit,
2077 3579 2123 3614 et

179 3632 391 3677 virtutem
415 3631 462 3676 in
494 3645 582 3691 qua
614 3630 720 3691 agit,
753 3630 868 3676 sicut
898 3630 1015 3691 ignis
1057 3630 1265 3676 calefacit
1301 3646 1379 3690 per
1406 3630 1622 3678 calorem.
1649 3633 1804 3679 Virtus
1831 3644 1984 3681 autem
2015 3634 2124 3681 infe-
