2332 3854
283 152 388 207 512
944 147 1097 185 LIBER
1133 147 1210 184 111.
1252 146 1372 184 CAP.
1415 146 1597 184 CXLIV.

280 253 438 305 finem,
465 250 541 310 qui
568 259 637 295 est
662 249 864 294 felicitas.
903 248 953 292 Si
979 262 1089 306 ergo
1117 247 1278 306 aliquis
1312 257 1470 291 contra
1500 250 1715 293 virtutem
1742 259 1862 308 agat,
1895 250 1948 294 ab
1980 251 2233 298 intentione

280 318 429 363 ultimi
453 317 554 361 finis
582 331 780 369 aversus,
814 315 1090 358 conveniens
1117 322 1185 357 est
1209 314 1332 372 quod
1350 314 1513 359 ultimo
1538 314 1627 360 fine
1654 316 1866 374 privetur.

372 384 491 428 Hinc
525 393 592 427 est
616 382 737 442 quod
764 381 926 424 dicitur
952 380 1092 438 (Psal.
1119 378 1198 425 VI.
1220 393 1260 438 9.
1289 389 1335 424 et
1363 380 1814 442 Matth.V11.23.):
1852 383 2060 429 Discedite
2095 398 2122 429 a
2151 400 2231 440 me,

280 466 418 496 omnes
443 452 514 508 qui
531 450 766 509 operamini
791 448 1066 506 iniquitatem.

1004 598 1258 655 CAPUT
1292 599 1513 656 CXLV.

575 728 734 773 Quon
776 727 876 765 PER
914 726 1213 765 PECCATUM
1252 715 1514 766 MORTA'LE
1554 728 1769 767 ummo
1809 729 1936 769 rma

770 801 991 846 AQOs
1032 800 1089 840 m
1120 801 1416 841 AETERNUM
1448 802 1737 842 pawn-un.

368 913 566 971 Oportet
592 920 745 955 autem
771 911 891 954 hanc
917 925 1117 970 poenam
1145 926 1233 971 qua
1259 913 1358 971 quis
1379 914 1578 971 privatur
1603 913 1767 957 ultimo
1793 913 1883 958 fine
1910 926 2008 959 esse
2033 914 2233 959 intermi-

278 978 492 1023 nabilem.

365 1045 565 1090 Privatio
593 1045 716 1089 enim
743 1044 934 1103 aliquus
959 1059 1053 1089 non
1081 1053 1147 1089 est
1171 1045 1258 1089 nisi
1280 1046 1463 1104 quando
1488 1055 1648 1090 natum
1674 1057 1743 1091 est
1770 1046 1955 1101 haberi;
1978 1061 2073 1092 non
2106 1048 2231 1093 enim

279 1112 453 1158 catulus
477 1126 586 1155 mox
607 1120 739 1155 natus
765 1112 927 1156 dicitur
948 1112 1047 1156 visu
1062 1112 1275 1170 privatus.
1293 1112 1520 1157 Ultimum
1544 1124 1696 1158 autem
1717 1113 1858 1157 finem
1881 1127 1977 1157 non
1997 1123 2065 1158 est
2084 1114 2229 1173 homo

276 1189 404 1239 aptus
432 1189 563 1222 natus
600 1178 821 1237 consequi
851 1179 898 1222 in
935 1179 1022 1223 hac
1058 1180 1164 1234 vita,
1191 1187 1241 1222 ut
1275 1179 1518 1238 probatum
1551 1190 1617 1224 est
1642 1181 1704 1238 (c.
1737 1179 1845 1237 48.).
1884 1179 2087 1224 Privatio
2118 1194 2229 1240 ergo

272 1245 539 1305 hujusmodi
554 1245 657 1289 finis
675 1254 857 1303 oportet
883 1245 1005 1304 quod
1032 1245 1089 1289 sit
1104 1259 1254 1304 poena
1271 1255 1375 1304 post
1398 1246 1517 1290 hanc
1534 1248 1690 1290 vitam.
1718 1246 1808 1290 Sed
1824 1256 1932 1304 post
1942 1246 2063 1291 hanc
2087 1246 2230 1301 vitam

274 1327 368 1357 non
395 1321 603 1357 remanet
618 1312 797 1355 homini
814 1311 1005 1356 facultas
1025 1311 1304 1370 adipiscendi
1320 1312 1532 1356 ultimum
1550 1313 1714 1367 finem;
1740 1313 1894 1356 anima
1915 1313 2039 1358 enim
2057 1313 2231 1374 indiget

275 1393 469 1439 corpore
507 1379 562 1422 ad
605 1379 983 1423 consecutionem
1019 1379 1089 1422 sui
1123 1378 1239 1432 finis,
1277 1379 1323 1422 in
1350 1389 1570 1438 quantum
1597 1393 1677 1438 per
1710 1393 1876 1439 corpus
1900 1379 2228 1440 perfectionem

273 1447 477 1505 acquirit,
505 1447 611 1490 etin
637 1445 827 1489 scientia
847 1454 890 1489 et
917 1447 963 1489 in
989 1445 1174 1500 virtute3
1201 1447 1354 1489 anima
1381 1455 1549 1500 autem,
1566 1456 1810 1505 postquam
1829 1445 1966 1492 fuerit
1989 1460 2015 1506 a
2036 1450 2229 1506 corpore

271 1523 493 1573 separata,
514 1527 609 1556 non
635 1513 750 1557 redit
776 1513 940 1556 iterum
963 1513 1019 1556 ad
1045 1513 1167 1557 hunc
1185 1522 1353 1557 statum
1372 1513 1492 1572 quod
1510 1527 1590 1572 per
1617 1525 1781 1571 corpus
1806 1512 2136 1573 perfectionem
2160 1528 2230 1559 ac·

269 1581 419 1640 cipiat‚
457 1581 574 1625 sicut
615 1579 826 1624 dicebant
861 1580 1358 1638 transcorporationem
1395 1590 1631 1638 ponentes,
1669 1590 1828 1625 contra
1862 1593 1977 1639 quos
2017 1581 2224 1640 superius

271 1649 547 1707 disputatum
581 1657 662 1691 est.
687 1647 889 1691 Necesse
922 1657 990 1690 est
1014 1647 1151 1705 igitur
1177 1649 1298 1706 quod
1322 1646 1398 1690 ille
1424 1647 1502 1706 qui
1526 1647 1614 1690 hac
1657 1660 1808 1706 poena
1842 1648 2039 1705 punitur,
2055 1647 2231 1692 ultima

272 1715 362 1759 fine
387 1715 586 1774 privetur
612 1723 656 1757 et
680 1714 726 1757 in
759 1723 996 1758 aeternum
1023 1714 1221 1772 privatus
1247 1724 1494 1758 remaneat.

358 1782 548 1826 Adhuc:
573 1781 611 1825 si
638 1783 737 1839 quis
763 1781 962 1840 privatur
989 1795 1044 1824 eo
1070 1781 1193 1839 quod
1221 1791 1288 1825 est
1308 1781 1354 1824 in
1381 1782 1540 1824 natu'ra
1566 1781 1662 1839 ejus
1687 1790 1737 1825 ut
1760 1781 1994 1835 habeatur,
2020 1781 2228 1841 impossi-

266 1848 357 1893 bile
383 1859 451 1892 est
475 1848 587 1891 illud
613 1848 824 1906 reparari,
841 1848 927 1890 nisi
952 1847 1030 1891 fiat
1046 1847 1264 1891 resolutio
1290 1848 1336 1890 in
1354 1850 1690 1906 praejacentem
1715 1850 1969 1901 materiam,
1991 1858 2041 1893 ut
2059 1848 2224 1893 iterum

269 1915 389 1960 aliud
417 1915 472 1959 de
499 1928 623 1958 novo
651 1924 903 1972 generetur,
922 1914 1038 1958 sicut
1055 1929 1196 1973 quum
1216 1914 1385 1957 animal
1404 1916 1566 1959 amittit
1582 1915 1731 1958 visum
1758 1925 1835 1959 aut
1859 1914 2224 1961 aliums'ensum.

267 1981 555 2041 Impossibile
582 1991 650 2025 est
681 1991 834 2024 autem
861 1982 983 2039 quod
1009 1981 1054 2024 id
1081 1981 1203 2040 quod
1229 1983 1321 2039 jam
1364 1991 1629 2039 generatum
1658 1991 1740 2035 est,
1766 1982 1933 2026 iterum
1973 1987 2226 2040 generetur,

267 2051 354 2094 nisi
380 2050 578 2108 primum
597 2058 937 2107 corrumpatur3
966 2058 1010 2092 et
1031 2058 1139 2092 tunc
1167 2062 1222 2092 ex
1240 2049 1400 2092 eadem
1420 2049 1611 2092 materia
1638 2051 1805 2107 poterit
1830 2048 1952 2092 aliud
1970 2051 2134 2105 iterum
2154 2063 2228 2108 ge·

266 2117 430 2171 nerari,
463 2130 557 2160 non
589 2116 710 2159 idem
737 2129 947 2168 numero,
974 2115 1053 2159 sed
1080 2115 1245 2174 specie.
1284 2113 1375 2158 Res
1415 2125 1585 2159 autem‘
1603 2114 1863 2174 spiritualis,
1889 2125 1939 2159 ut
1970 2116 2123 2159 anima
2153 2114 2228 2160 vel

267 2183 473 2242 angelus,
498 2196 592 2241 non
619 2191 769 2240 potest
793 2181 962 2226 resolvi
987 2196 1067 2241 per
1094 2182 1432 2240 corruptionem
1459 2182 1506 2225 in
1534 2181 1735 2240 aliquam
1761 2183 2098 2240 praejacentem
2128 2196 2226 2226 ma·

264 2252 442 2304 teriam,
469 2259 518 2293 ut
543 2250 708 2293 iterum
741 2258 983 2307 generetur
1008 2248 1119 2292 illud
1141 2248 1264 2293 idem
1290 2249 1455 2307 specie.
1481 2248 1531 2292 Si
1556 2248 1693 2307 igitur
1713 2249 1913 2308 privetur
1933 2262 1991 2293 eo
2013 2248 2136 2308 quud
2157 2258 2226 2294 est
2260 2284 2263 2286 »

264 2319 310 2362 in
335 2327 496 2361 natura
521 2316 658 2375 ipsius
685 2323 733 2359 ut
757 2315 936 2370 habeat,
960 2324 1139 2374 oportet
1165 2315 1287 2374 quod
1308 2316 1355 2358 in
1376 2315 1646 2375 perpetuum
1672 2325 1859 2360 maneat
1886 2315 1992 2360 talis
2011 2315 2224 2375 privatio.

264 2385 345 2429 Est
371 2392 524 2427 autem
550 2383 596 2426 in
622 2392 783 2426 natura
817 2382 997 2426 animae
1020 2392 1064 2426 et
1086 2382 1237 2441 angeli
1268 2382 1382 2426 ordo
1406 2382 1462 2434 ad
1480 2382 1693 2426 ultimum
1709 2381 1864 2436 finem,
1881 2382 1965 2442 qui
1988 2384 2058 2427 est
2080 2382 2223 2427 Deus.

268 2452 318 2495 Si
340 2464 451 2509 ergo
478 2450 532 2494 ab
559 2449 650 2494 hoc
678 2448 837 2493 ordine
855 2449 1034 2493 decidat
1059 2463 1138 2508 per
1155 2448 1355 2508 aliquam
1373 2463 1586 2508 poenam,
1613 2448 1658 2492 in
1676 2459 1946 2508 perpetuum
1970 2448 2052 2494 tali
2072 2463 2223 2509 poena

266 2517 483 2562 manebit.

354 2585 495 2629 Item:
527 2582 746 2627 naturalis
783 2583 985 2641 aequitas
1014 2583 1105 2627 hoc
1143 2583 1311 2626 habere
1343 2582 1519 2627 videtur
1545 2583 1666 2642 quod
1693 2583 2001 2643 unusquisque
2026 2583 2224 2644 privetur

264 2653 388 2696 bono
417 2659 576 2695 contra
597 2650 719 2708 quod
747 2651 863 2708 agit3
891 2664 944 2693 ex
970 2650 1061 2693 hoc
1094 2650 1217 2693 enim
1244 2649 1389 2693 reddit
1420 2663 1468 2694 se
1494 2649 1574 2693 tali
1604 2650 1728 2694 bono
1754 2650 2019 2708 indignum;
2039 2659 2084 2695 et
2113 2650 2222 2695 inde

266 2730 333 2763 est
358 2718 495 2777 quod,
523 2717 775 2761 secundum
803 2716 984 2760 civilem
1010 2718 1242 2774 justitiam,
1269 2716 1532 2776 quicontra
1559 2716 1889 2775 rempublicam
1906 2727 2066 2776 peccat
2080 2717 2223 2761 socie-

265 2795 356 2830 tate
368 2784 642 2842 reipublicae
661 2784 862 2842 privatur
879 2784 1085 2838 omnino,
1102 2783 1175 2827 vel
1194 2797 1272 2842 per
1289 2794 1500 2837 mortem,
1518 2783 1592 2828 vel
1608 2798 1690 2842 per
1705 2783 1912 2829 exsilium
1931 2794 2220 2843 perpetuum;

263 2867 347 2896 nec
382 2850 621 2895 attenditur
647 2861 814 2909 quanta
840 2850 974 2894 fuerit
999 2864 1130 2894 mora
1152 2851 1370 2909 temporis
1396 2852 1441 2894 in
1465 2850 1713 2909 peccando,
1740 2850 1818 2894 sed
1844 2850 1953 2909 quid
1978 2851 2037 2895 sit
2060 2860 2219 2896 contra

265 2919 384 2977 quod
419 2917 635 2977 peccavit.
663 2917 835 2962 Eadem
864 2928 1016 2960 autern
1044 2927 1112 2961 est
1137 2918 1421 2975 comparatio
1447 2918 1587 2961 totius
1612 2918 1732 2962 vitae
1758 2918 2007 2975 praesentis
2032 2917 2089 2962 ad
2105 2931 2221 2962 rem-

262 2985 493 3043 publicam
529 2994 771 3037 terrenam,
799 2993 842 3027 et
882 2984 1021 3028 totius
1064 2984 1339 3028 aeternitatis
1373 2984 1428 3027 ad
1465 2984 1735 3027 societatem
1766 2984 2021 3038 beatorum,
2046 2984 2139 3044 qui,
2170 2993 2220 3028 ut

263 3066 395 3110 supra
428 3053 488 3110 (c.
526 3051 618 3109 62.)
661 3061 894 3095 ostensum
931 3060 1011 3104 est,
1046 3049 1208 3094 ultimo
1246 3050 1333 3094 fine
1376 3049 1660 3094 aeternaliter
1696 3050 1941 3110 potiuntur.
1977 3049 2073 3103 Qui
2103 3063 2216 3110 ergo

264 3128 422 3161 contra
463 3118 675 3162 ultimum
711 3117 850 3160 finem
886 3127 1047 3176 peccat
1082 3127 1126 3161 et
1160 3127 1318 3160 contra
1351 3118 1600 3170 caritatem,
1635 3121 1716 3176 'per
1752 3130 1890 3176 quam
1923 3126 1991 3161 est
2022 3116 2217 3161 societas

261 3185 501 3228 beatorum
528 3194 573 3228 et
596 3184 918 3228 tendentium
907 3198 953 3227 m
980 3183 1320 3237 beatitudinem,
1339 3184 1382 3227 in
1412 3194 1647 3228 aeternum
1673 3183 1806 3228 debet
1825 3182 1988 3244 puniri,
2009 3183 2218 3242 quamvis

264 3252 414 3311 aliqua
440 3253 566 3296 brevi
587 3253 807 3310 temporis
835 3266 966 3295 mora
999 3252 1269 3310 peccaverit.

349 3319 611 3364 Praeterea:
641 3319 758 3377 apud
787 3319 989 3372 divinum
1017 3319 1237 3377 judicium
1269 3316 1481 3362 voluntas
1507 3331 1589 3377 pro
1615 3317 1737 3362 facto
1764 3288 2078 3395 computatum
2093 3287 2215 3377 quia,

262 3386 378 3429 sicut
408 3386 621 3430 homines
653 3386 809 3429 vident
835 3400 888 3429 ea
915 3399 1031 3445 quae
1059 3385 1253 3429 exterius
1286 3394 1496 3443 aguntur,
1522 3386 1583 3428 ita
1615 3385 1741 3429 Deus
1766 3384 1949 3444 inspicit
1967 3384 2216 3429 hominum

263 3452 415 3495 corda.
446 3452 541 3504 Qui
568 3460 716 3496 autem
752 3462 936 3511 propter
969 3451 1152 3511 aliquod
1184 3451 1439 3511 temporale
1464 3451 1638 3495 bonum
1665 3464 1849 3496 aversus
1874 3460 1944 3496 est
1963 3448 2033 3495 ab
2049 3450 2213 3495 ultimo

264 3518 367 3573 fine,
409 3519 486 3578 qui
527 3518 572 3563 in
612 3529 848 3563 aeternum
884 3518 1154 3578 possidetur,
1181 3518 1444 3578 praeposuit
1469 3517 1734 3563 fruitionem
1764 3515 2068 3578 temporalem
2091 3516 2214 3563 illius
