2332 3854
251 155 358 226 418
855 168 1011 207 LIBER
1048 168 1126 206 111.
1169 166 1288 206 cAP.
1324 165 1573 230 *Lxxxym

248 273 366 316 sicut
391 271 674 330 praedictum
701 279 779 315 est.
807 269 1093 328 Impossibile
1112 279 1184 313 est
1203 282 1320 328 >ergo
1347 269 1469 328 quod
1502 269 1655 314 anima
1681 270 1891 315 coelestis
1917 270 2138 330 corporis,
2159 273 2202 316 ‘si

248 340 306 383 sit
331 339 598 391 animatum,
624 339 670 381 in
696 336 979 381 intellectum
1008 345 1052 379 et
1075 335 1361 380 voluntatem
1386 336 1619 395 imprimat
1644 337 1879 382 mediante
1905 347 2035 382 motu
2058 337 2208 383 coele-

248 405 326 449 stis
357 407 573 463 corporis.
1106 460 1110 463 ι
2130 428 2133 431 Δ

338 472 574 531 Amplius:
604 484 740 514 causa
768 483 907 527 agens
934 467 1216 527 particularis
1242 468 1588 514 similitudinem
1618 470 1666 513 in
1693 469 1873 528 agendo
1901 471 2016 528 geri-t
2040 484 2206 516 causae

249 539 423 598 agentis
450 537 728 589 universalis,
757 544 802 579 et
827 545 894 578 est
911 535 1172 594 exemplum
1194 537 1304 594 ejus.
1333 535 1383 580 Si
1409 546 1562 580 autem
1588 536 1742 580 anima
1767 536 1972 580 humana
1992 537 2040 580 in
2067 536 2206 584 aliam

248 606 450 650 animam
487 606 739 647 humanam
777 601 944 660 aliquid
981 616 1061 660 per
1093 603 1406 660 operationem
1439 602 1728 662 corporalem
1759 602 2059 661 imprimeret,
2087 603 2207 649 sicut

248 687 353 716 cum
380 686 459 730 per
491 669 873 728 significationem
899 668 1027 712 vocis
1059 682 1190 712 suam
1221 668 1570 728 intelligentiam
1602 669 1759 727 pandit
1795 669 1915 714 actio
1958 669 2207 729 corpora-lis

248 752 363 797 quae
391 748 457 781 est
483 737 535 779 ab
565 750 654 779 una
681 736 833 778 anima
865 749 959 778 non
985 735 1190 794 pervenit
1221 735 1278 779 ad
1310 735 1447 780 aliam
1483 736 1572 780 nisi
1607 736 1837 780 mediante
1873 750 2092 796 corpore3
2111 751 2207 782 vox

247 805 369 848 enim
406 803 582 862 prolata
617 802 831 845 immutat
867 815 1093 860 organum
1129 802 1321 856 auditus,
1357 813 1402 846 et
1432 803 1497 847 sic
1529 817 1554 846 a
1586 817 1720 847 sensu
1753 813 1968 862 percepta
1996 805 2206 863 pervenit

247 872 341 928 ejus
370 869 674 928 significatum
702 882 843 926 usque
871 868 927 911 ad
953 867 1250 913 intellectum.
1280 869 1329 913 Si
1354 869 1491 927 igitur
1517 870 1670 913 anima
1699 869 1910 915 coelestis
1931 870 2101 930 aliquid
2126 871 2208 915 irn-

243 938 410 996 primat
434 937 480 979 in
509 936 683 979 animas
709 945 887 979 nostras
913 949 993 994 per
1020 945 1199 979 motum
1226 950 1514 995 corporeum,
1548 937 1667 980 actio
1693 935 1772 981 illa
1795 950 1890 981 non
1916 938 2122 996 pervenit
2148 938 2205 982 ad

245 1004 447 1047 animam
473 1012 678 1046 nostram
699 1002 786 1045 nisi
811 1016 891 1060 per
917 1002 1220 1046 mutationem
1248 1003 1452 1060 corporis
1478 1005 1635 1058 nostri,
1661 1017 1778 1062 quae
1804 1002 1990 1062 quidem
2015 1017 2111 1048 non
2137 1015 2205 1049 est

245 1084 381 1114 causa
407 1069 686 1113 electionum
712 1078 987 1122 nostrarum,
1010 1069 1088 1112 sed
1111 1069 1295 1113 occasio
1317 1079 1510 1124 tanturn,
1532 1070 1648 1114 sicut
1674 1084 1729 1114 ex
1754 1069 2014 1128 praemissis
2031 1070 2092 1128 (c.
2105 1070 2203 1128 85.)

242 1146 377 1196 patet.
404 1137 512 1181 Non
537 1137 674 1195 igitur
700 1135 785 1180 erit
811 1145 962 1180 motus
989 1134 1201 1180 coelestis
1228 1149 1365 1180 causa
1386 1146 1569 1180 nostrae
1596 1135 1848 1191 electionis,
1864 1136 1953 1181 nisi
1974 1151 2055 1195 per
2068 1150 2206 1186 ›occa-

242 1204 421 1248 sionem
447 1213 638 1247 tantum.
2169 1239 2172 1242 Α

331 1271 470 1314 Item:
501 1284 605 1313 cum
629 1283 821 1313 movens
848 1278 892 1313 et
918 1278 1098 1313 motum
1120 1278 1329 1328 oporteat
1351 1283 1448 1313 esse
1470 1269 1622 1323 simul,
1639 1279 1689 1313 ut
1704 1269 1919 1328 probatur
1938 1270 1987 1316 in
2008 1270 2205 1330 septimo

242 1338 379 1397 Phys.
400 1338 450 1394 (t.
479 1352 517 1380 c.
545 1352 585 1396 9.
604 1346 649 1380 et
664 1335 815 1393 infra),
835 1345 1015 1394 oportet
1040 1336 1163 1395 quod
1181 1351 1206 1379 a
1223 1336 1372 1395 primo
1399 1346 1614 1380 movente
1640 1336 1879 1395 proveniat
1894 1347 2046 1382 motus
2060 1351 2205 1397 usque

244 1405 299 1448 ad
327 1404 554 1457 ultimum,
573 1403 694 1462 quod
710 1413 921 1447 movetur
941 1404 1143 1462 quodam
1170 1403 1342 1457 ordine,
1362 1413 1409 1447 ut
1433 1403 1606 1447 scilicet
1623 1417 1814 1448 movens
1827 1417 1910 1462 per
1932 1404 1979 1448 id
1994 1404 2118 1463 quod
2138 1414 2207 1449 est

242 1472 327 1516 sibi
353 1472 612 1530 proximum
655 1480 843 1514 moveat
869 1470 914 1513 id
948 1470 1070 1528 quod
1098 1480 1165 1514 est
1197 1471 1251 1514 ab
1285 1483 1340 1514 eo
1375 1470 1558 1514 distans.
1588 1469 1786 1529 Corpori
1817 1479 1971 1515 autem
2002 1470 2205 1526 coelesti,

241 1539 363 1597 quod
385 1538 562 1581 moveri
587 1538 768 1596 ponitur
785 1537 838 1580 ab
859 1537 1013 1580 anima
1030 1537 1115 1581 sibi
1133 1538 1390 1595 conjuncta,
1413 1537 1708 1596 propinquius
1728 1546 1795 1581 est
1812 1551 1978 1598 corpus
1993 1547 2205 1582 nostrum

240 1619 380 1663 quam
407 1604 574 1657 anima,
602 1618 718 1662 quae
740 1618 834 1647 non
859 1604 997 1648 habet
1019 1604 1227 1648 ordinem
1254 1604 1310 1647 ad
1337 1618 1500 1662 corpus
1526 1603 1724 1664 coeleste
1749 1604 1837 1648 nisi
1857 1603 2087 1648 mediante
2105 1618 2204 1649 cor-

240 1686 366 1731 pore,
393 1671 515 1730 quod
540 1686 593 1715 ex
618 1671 708 1714 hoc
731 1680 869 1729 patet,
896 1671 1001 1729 quia
1021 1670 1276 1715 intellectus
1299 1680 1532 1730 separatus
1558 1669 1736 1714 nullum
1762 1670 1971 1715 ordinem
1990 1670 2206 1716 'habetad

243 1753 408 1798 corpus
435 1737 647 1791 coeleste,
673 1738 760 1782 nisi
792 1737 908 1782 forte
946 1737 1173 1782 moventis
1210 1738 1266 1781 ad
1300 1747 1491 1781 motum.
1529 1738 1792 1781 Immutatio
1828 1737 1967 1795 igitur
1995 1738 2204 1797 corporis

241 1806 450 1850 coelestis
478 1806 531 1848 ab
560 1806 713 1848 anima
735 1806 830 1862 ejus
853 1805 1104 1863 procedens
1125 1819 1217 1848 non
1240 1804 1455 1863 pertingit
1478 1803 1533 1847 ad
1557 1804 1758 1848 animam
1779 1813 1986 1849 nostram
2007 1804 2095 1854 nisi
2111 1818 2204 1850 mea-

240 1873 390 1917 diante
419 1886 623 1930 corpore.
653 1872 726 1915 Ad
753 1882 933 1915 motum
966 1882 1119 1915 autem
1147 1872 1350 1930 corporis
1376 1886 1470 1915 non
1493 1881 1703 1915 movetur
1729 1872 1883 1916 anima
1913 1872 2002 1916 nisi
2027 1884 2204 1932 per-*ac-

239 1939 407 1992 cidens,
434 1938 524 1982 nec'
545 1938 917 1981 immutationem
945 1938 1147 1996 corporis
1171 1939 1374 1996 sequitur
1397 1937 1576 1991 electio,
1602 1938 1692 1981 nisi
1716 1952 1796 1996 per
1822 1938 2132 1993 occasionem,
2154 1949 2205 1984 ut

239 2006 411 2050 dictum
438 2015 505 2049 est
532 2005 591 2061 (c.
625 2005 732 2061 85.).
768 2004 922 2048 Motus
952 2005 1089 2063 igitur
1116 2003 1331 2048 coelestis
1362 2018 1459 2048 non
1492 2014 1641 2063 potest
1673 2019 1770 2049 esse
1804 2019 1943 2049 causa
1967 2003 2204 2051 electionis

239 2083 421 2117 nostrae
449 2086 528 2129 per
553 2071 643 2116 hoc
671 2070 793 2130 quod
817 2080 885 2115 est
908 2071 961 2114 ab
991 2071 1158 2114 anima.

327 2139 592 2183 Praeterea:
631 2136 882 2182 secundum
908 2137 1186 2196 positionem
1211 2137 1478 2184 Avicennae
1519 2138 1711 2198 (Comp.
1732 2138 1795 2184 de
1824 2137 1995 2193 anima,
2027 2153 2067 2184 c.
2098 2138 2203 2197 10.),

242 2216 288 2251 et
314 2205 621 2264 quorumdam
644 2203 841 2249 aliorum
860 2204 1245 2263 philosophorum
1282 2205 1436 2262 (tertio
1472 2205 1544 2249 De
1572 2205 1738 2261 anima,
1765 2220 1804 2252 c.
1836 2206 1910 2265 5.),
1945 2205 2203 2256 intellectus

239 2287 379 2332 agens
408 2282 476 2316 est
502 2271 729 2330 quaedam
747 2271 996 2315 substantia
1022 2281 1243 2329 separata,
1270 2287 1386 2330 quae
1413 2272 1598 2331 quidem
1625 2273 1719 2330 agit
1749 2273 1794 2316 in
1817 2273 1994 2317 animas
2019 2283 2200 2318 nostras

237 2340 284 2384 in
318 2349 539 2399 quantum
565 2338 674 2382 facit
705 2337 935 2382 intellecta
962 2338 1010 2381 in
1031 2338 1235 2396 potentia
1253 2353 1350 2383 esse
1375 2338 1607 2383 intellecta
1632 2339 1678 2382 in
1706 2349 1822 2383 actu.
1851 2339 1953 2384 Hoc
1975 2349 2133 2385 autem*
2152 2340 2203 2385 fit

239 2421 320 2466 per
348 2405 701 2450 abstractionem
735 2404 788 2448 ab
825 2404 1037 2448 omnibus
1059 2404 1368 2450 materialibus
1402 2405 1786 2464 dispositionibus,
1813 2417 1863 2451 ut
1891 2416 2016 2465 patet
2046 2421 2100 2452 ex
2130 2407 2203 2453 his

239 2488 355 2532 quae
383 2473 503 2517 dicta
530 2482 634 2516 sunt
650 2472 696 2515 in
714 2471 916 2516 secundo
935 2472 996 2530 (c.
1016 2470 1084 2528 76.
1105 2482 1148 2516 et
1163 2473 1269 2532 79.).
1301 2472 1442 2524 Quod
1459 2473 1595 2531 igitur
1622 2473 1715 2531 agit
1733 2473 1901 2518 directe
1917 2473 1964 2518 in
1983 2473 2200 2529 animam,

237 2554 333 2584 non
361 2539 454 2598 agit
470 2539 517 2583 in
537 2553 639 2583 eam
661 2553 741 2597 per
756 2548 938 2582 motum
957 2552 1248 2597 corporeum,
1265 2539 1345 2583 sed
1363 2541 1510 2598 magis
1527 2553 1608 2598 per
1630 2540 1983 2585 abstractionem
2000 2541 2054 2585 ab
2067 2541 2202 2586 omni

239 2619 479 2664 corporeo.
507 2605 678 2650 Anima
703 2605 841 2662 igitur
868 2604 999 2659 coeli,
1027 2605 1065 2649 si
1085 2605 1143 2648 sit
1168 2605 1436 2660 animatum,
1463 2620 1557 2650 non
1574 2616 1725 2665 potest
1742 2621 1841 2652 esse
1866 2620 2005 2653 causa
2020 2606 2202 2653 dectio-

238 2688 350 2717 num
376 2672 450 2717 vel
474 2672 881 2731 intelligentiarum
913 2682 1174 2716 nostrarum
1207 2687 1286 2730 per
1318 2683 1500 2717 motum
1533 2673 1663 2718 coeli.

327 2741 414 2784 Per
431 2740 616 2784 easdem
644 2740 782 2783 etiam
798 2739 998 2783 rationes
1017 2749 1167 2797 potest
1182 2739 1378 2798 probari,
1401 2740 1524 2799 quod
1551 2751 1704 2785 motus
1728 2739 1961 2786 coelinon
1977 2741 2041 2787 sit
2061 2754 2200 2787 causa

242 2807 522 2851 electionum
547 2816 808 2850 nostrarum
834 2820 914 2865 per
945 2805 1159 2866 virtutem
1186 2806 1463 2851 substantiae
1480 2817 1727 2866 separatae,
1748 2808 1790 2852 si
1815 2807 1915 2868 quis
1937 2818 2079 2868 ponat
2098 2821 2200 2854 coo-

238 2874 335 2919 lum
364 2888 462 2919 non
489 2888 587 2918 esse
615 2873 884 2927 animatum,
917 2872 996 2917 sed
1029 2887 1054 2916 a
1081 2873 1331 2918 substantia
1357 2884 1563 2933 separata
1596 2874 1788 2919 moveri.
1829 2872 1833 2874 ’

893 3019 1147 3076 CAPUT
1189 3020 1559 3097 LXXXVIIL

380 3141 538 3187 QUOD
581 3140 956 3180 SUBSTANTIAE
995 3140 1113 3181 NON
1151 3140 1401 3180 POSSUNT
1439 3141 1568 3179 ESSE
1604 3121 1787 3180 CAUSA
1823 3140 2064 3182 mRECTE

579 3215 944 3254 ELECTIONUM
976 3216 1046 3253 ET
1079 3215 1468 3259 VOLUNTATUM
1498 3215 1853 3268 NOSTRARUM.

497 3302 559 3365 (I.
586 3311 702 3364 part.
731 3310 882 3363 quaest.
914 3302 1047 3347 CXV.
1075 3309 1156 3348 art.
1183 3316 1226 3360 4.
1253 3309 1292 3347 et
1316 3303 1419 3347 Ι-ΙΙ.
1447 3309 1600 3362 quaest.
1633 3303 1709 3348 IX.
1742 3308 1824 3349 art.
1852 3302 1939 3370 9..)
1991 3366 1994 3370 ι
2040 3342 2045 3346 .

329 3400 437 3444 Non
464 3410 531 3445 est
565 3410 719 3444 autem
756 3398 1106 3454 aestimandum,
1133 3398 1256 3459 quod
1289 3398 1469 3444 animae
1496 3398 1815 3455 coelorum‚.si
1843 3397 2089 3460 quaesitu,
2116 3397 2197 3451 >vd

241 3481 556 3526 quaecumque
583 3467 699 3512 aliae
725 3466 1058 3512 intellectuales
1083 3466 1360 3512 substantiae
1386 3477 1620 3527 separatae
1635 3466 2196 3527 creataepossimfflreme

241 3532 523 3580 voluntatem
543 3533 679 3582 nobis
693 3533 956 3589 immittere,
979 3543 1056 3580 aut
1081 3532 1316 3587 electionis
1334 3543 1521 3580 nostrae
1532 3548 1675 3586 causa
1701 3546 1798 3581 esse
1811 3550 1824 3593 ;
1839 3532 2055 3588 (OQ
2070 3532 2194 3588 enim
2261 3564 2266 3571 -
