<?xml version="1.0" encoding="UTF-8"?>
<!DOCTYPE html PUBLIC "-//W3C//DTD XHTML 1.0 Transitional//EN"
    "http://www.w3.org/TR/xhtml1/DTD/xhtml1-transitional.dtd">
<html xmlns="http://www.w3.org/1999/xhtml" xml:lang="en" lang="en">
 <head>
  <title>
</title>
<meta http-equiv="Content-Type" content="text/html;charset=utf-8" />
  <meta name='ocr-system' content='tesseract 3.04.00' />
  <meta name='ocr-capabilities' content='ocr_page ocr_carea ocr_par ocr_line ocrx_word'/>
</head>
<body>
  <div class='ocr_page' id='page_1' title='image "./divithomaeaquina00thom_0387.png"; bbox 0 0 2332 3854; ppageno 0'>
   <div class='ocr_carea' id='block_1_1' title="bbox 817 229 2097 285">
    <p class='ocr_par' dir='ltr' id='par_1_1' title="bbox 817 229 2097 285">
     <span class='ocr_line' id='line_1_1' title="bbox 817 229 2097 285; baseline 0.005 -15"><span class='ocrx_word' id='word_1_1' title='bbox 817 230 971 272; x_wconf 82' lang='lat' dir='ltr'>LIBER</span> <span class='ocrx_word' id='word_1_2' title='bbox 1011 231 1087 271; x_wconf 86' lang='lat'>111.</span> <span class='ocrx_word' id='word_1_3' title='bbox 1128 231 1247 271; x_wconf 77' lang='lat' dir='ltr'>CAP.</span> <span class='ocrx_word' id='word_1_4' title='bbox 1289 230 1438 270; x_wconf 82' lang='lat' dir='ltr'>Lx111.</span> <span class='ocrx_word' id='word_1_5' title='bbox 1997 229 2097 285; x_wconf 77' lang='grc'>375</span> 
     </span>
    </p>
   </div>
   <div class='ocr_carea' id='block_1_2' title="bbox 137 331 2106 792">
    <p class='ocr_par' dir='ltr' id='par_1_2' title="bbox 137 331 2106 792">
     <span class='ocr_line' id='line_1_2' title="bbox 143 331 2102 395; baseline -0.002 -12"><span class='ocrx_word' id='word_1_6' title='bbox 143 336 244 384; x_wconf 77' lang='lat' dir='ltr'>hac</span> <span class='ocrx_word' id='word_1_7' title='bbox 269 335 375 382; x_wconf 87' lang='lat' dir='ltr'>vita.</span> <span class='ocrx_word' id='word_1_8' title='bbox 410 334 468 381; x_wconf 89' lang='lat' dir='ltr'>Et</span> <span class='ocrx_word' id='word_1_9' title='bbox 497 334 602 380; x_wconf 87' lang='lat' dir='ltr'>ideo</span> <span class='ocrx_word' id='word_1_10' title='bbox 638 334 916 395; x_wconf 83' lang='lat' dir='ltr'>philosophi,</span> <span class='ocrx_word' id='word_1_11' title='bbox 942 335 1019 394; x_wconf 91' lang='lat' dir='ltr'>qui</span> <span class='ocrx_word' id='word_1_12' title='bbox 1053 335 1109 380; x_wconf 92' lang='lat' dir='ltr'>de</span> <span class='ocrx_word' id='word_1_13' title='bbox 1143 334 1220 380; x_wconf 87' lang='lat' dir='ltr'>illa</span> <span class='ocrx_word' id='word_1_14' title='bbox 1252 334 1468 380; x_wconf 87' lang='lat' dir='ltr'>felicitate</span> <span class='ocrx_word' id='word_1_15' title='bbox 1501 331 1660 378; x_wconf 88' lang='lat' dir='ltr'>ultima</span> <span class='ocrx_word' id='word_1_16' title='bbox 1686 331 1870 391; x_wconf 87' lang='lat' dir='ltr'>plenam</span> <span class='ocrx_word' id='word_1_17' title='bbox 1895 333 2102 379; x_wconf 81' lang='lat' dir='ltr'>notitiam</span> 
     </span>
     <span class='ocr_line' id='line_1_3' title="bbox 137 398 2104 462; baseline -0.004 -13"><span class='ocrx_word' id='word_1_18' title='bbox 137 401 322 457; x_wconf 70' lang='lat' dir='ltr'>habere</span> <span class='ocrx_word' id='word_1_19' title='bbox 338 403 447 448; x_wconf 77' lang='lat' dir='ltr'>&#39;non</span> <span class='ocrx_word' id='word_1_20' title='bbox 468 402 726 462; x_wconf 81' lang='lat' dir='ltr'>potuerunt,</span> <span class='ocrx_word' id='word_1_21' title='bbox 747 402 794 445; x_wconf 87' lang='lat' dir='ltr'>in</span> <span class='ocrx_word' id='word_1_22' title='bbox 821 401 1208 460; x_wconf 82' lang='lat' dir='ltr'>contemplatione</span> <span class='ocrx_word' id='word_1_23' title='bbox 1235 415 1351 461; x_wconf 90' lang='lat' dir='ltr'>quae</span> <span class='ocrx_word' id='word_1_24' title='bbox 1379 411 1447 446; x_wconf 87' lang='lat' dir='ltr'>est</span> <span class='ocrx_word' id='word_1_25' title='bbox 1470 398 1697 460; x_wconf 88' lang='lat' dir='ltr'>possibilis</span> <span class='ocrx_word' id='word_1_26' title='bbox 1728 399 1774 443; x_wconf 91' lang='lat' dir='ltr'>in</span> <span class='ocrx_word' id='word_1_27' title='bbox 1801 399 1888 443; x_wconf 89' lang='lat' dir='ltr'>hac</span> <span class='ocrx_word' id='word_1_28' title='bbox 1913 400 2004 443; x_wconf 88' lang='lat' dir='ltr'>vita</span> <span class='ocrx_word' id='word_1_29' title='bbox 2043 399 2104 443; x_wconf 91' lang='lat' dir='ltr'>ul-</span> 
     </span>
     <span class='ocr_line' id='line_1_4' title="bbox 155 466 2104 527; baseline -0.004 -11"><span class='ocrx_word' id='word_1_30' title='bbox 155 471 317 516; x_wconf 82' lang='lat' dir='ltr'>timam</span> <span class='ocrx_word' id='word_1_31' title='bbox 337 469 600 514; x_wconf 83' lang='lat' dir='ltr'>felicitatem</span> <span class='ocrx_word' id='word_1_32' title='bbox 615 468 817 513; x_wconf 84' lang='lat' dir='ltr'>hominis</span> <span class='ocrx_word' id='word_1_33' title='bbox 835 479 1082 527; x_wconf 86' lang='lat' dir='ltr'>posuerunt</span> <span class='ocrx_word' id='word_1_34' title='bbox 1099 469 1302 526; x_wconf 88' lang='lat' dir='ltr'>(decimo</span> <span class='ocrx_word' id='word_1_35' title='bbox 1320 468 1465 512; x_wconf 89' lang='lat' dir='ltr'>Ethic.</span> <span class='ocrx_word' id='word_1_36' title='bbox 1485 481 1523 511; x_wconf 93' lang='lat' dir='ltr'>c.</span> <span class='ocrx_word' id='word_1_37' title='bbox 1546 468 1622 524; x_wconf 89' lang='lat'>8.).</span> <span class='ocrx_word' id='word_1_38' title='bbox 1641 466 1832 525; x_wconf 88' lang='lat' dir='ltr'>Propter</span> <span class='ocrx_word' id='word_1_39' title='bbox 1856 466 1947 510; x_wconf 87' lang='lat' dir='ltr'>hoc</span> <span class='ocrx_word' id='word_1_40' title='bbox 1966 466 2104 509; x_wconf 88' lang='lat' dir='ltr'>etiam</span> 
     </span>
     <span class='ocr_line' id='line_1_5' title="bbox 153 533 2106 595; baseline -0.003 -13"><span class='ocrx_word' id='word_1_41' title='bbox 153 537 271 582; x_wconf 87' lang='lat' dir='ltr'>inter</span> <span class='ocrx_word' id='word_1_42' title='bbox 302 537 413 582; x_wconf 87' lang='lat' dir='ltr'>alias</span> <span class='ocrx_word' id='word_1_43' title='bbox 437 536 551 580; x_wconf 85' lang='lat' dir='ltr'>vitas</span> <span class='ocrx_word' id='word_1_44' title='bbox 583 536 630 580; x_wconf 91' lang='lat' dir='ltr'>in</span> <span class='ocrx_word' id='word_1_45' title='bbox 653 535 885 593; x_wconf 86' lang='lat' dir='ltr'>Scriptura</span> <span class='ocrx_word' id='word_1_46' title='bbox 917 535 1068 579; x_wconf 89' lang='lat' dir='ltr'>divina</span> <span class='ocrx_word' id='word_1_47' title='bbox 1101 536 1247 595; x_wconf 88' lang='lat' dir='ltr'>magis</span> <span class='ocrx_word' id='word_1_48' title='bbox 1270 534 1627 594; x_wconf 82' lang='lat' dir='ltr'>contemplativa</span> <span class='ocrx_word' id='word_1_49' title='bbox 1653 533 2015 587; x_wconf 89' lang='lat' dir='ltr'>commendatur,</span> <span class='ocrx_word' id='word_1_50' title='bbox 2047 533 2106 577; x_wconf 88' lang='lat' dir='ltr'>di-</span> 
     </span>
     <span class='ocr_line' id='line_1_6' title="bbox 154 599 2106 662; baseline -0.003 -14"><span class='ocrx_word' id='word_1_51' title='bbox 154 614 285 649; x_wconf 80' lang='lat' dir='ltr'>cente</span> <span class='ocrx_word' id='word_1_52' title='bbox 307 603 513 648; x_wconf 88' lang='lat' dir='ltr'>Domino</span> <span class='ocrx_word' id='word_1_53' title='bbox 534 603 665 661; x_wconf 86' lang='lat' dir='ltr'>(Luc.</span> <span class='ocrx_word' id='word_1_54' title='bbox 683 602 740 647; x_wconf 90' lang='lat' dir='ltr'>X.</span> <span class='ocrx_word' id='word_1_55' title='bbox 760 601 879 659; x_wconf 86' lang='lat'>42.):</span> <span class='ocrx_word' id='word_1_56' title='bbox 904 603 1052 646; x_wconf 85' lang='lat' dir='ltr'>Maria</span> <span class='ocrx_word' id='word_1_57' title='bbox 1083 604 1284 661; x_wconf 81' lang='lat' dir='ltr'>optimam</span> <span class='ocrx_word' id='word_1_58' title='bbox 1294 608 1462 662; x_wconf 74' lang='lat' dir='ltr'>partem</span> <span class='ocrx_word' id='word_1_59' title='bbox 1482 602 1611 660; x_wconf 80' lang='lat' dir='ltr'>elegit,</span> <span class='ocrx_word' id='word_1_60' title='bbox 1634 600 1810 645; x_wconf 89' lang='lat' dir='ltr'>scilicet</span> <span class='ocrx_word' id='word_1_61' title='bbox 1827 599 2106 658; x_wconf 89' lang='lat' dir='ltr'>contempla·</span> 
     </span>
     <span class='ocr_line' id='line_1_7' title="bbox 152 667 2103 728; baseline -0.003 -12"><span class='ocrx_word' id='word_1_62' title='bbox 152 671 328 716; x_wconf 88' lang='lat' dir='ltr'>tionem</span> <span class='ocrx_word' id='word_1_63' title='bbox 353 671 567 724; x_wconf 88' lang='lat' dir='ltr'>veritatis,</span> <span class='ocrx_word' id='word_1_64' title='bbox 584 683 687 728; x_wconf 81' lang='lat' dir='ltr'>quae</span> <span class='ocrx_word' id='word_1_65' title='bbox 714 683 795 713; x_wconf 85' lang='lat' dir='ltr'>non</span> <span class='ocrx_word' id='word_1_66' title='bbox 821 669 1032 727; x_wconf 76' lang='lat' dir='ltr'>auferetur</span> <span class='ocrx_word' id='word_1_67' title='bbox 1057 671 1108 712; x_wconf 83' lang='lat' dir='ltr'>ab</span> <span class='ocrx_word' id='word_1_68' title='bbox 1126 684 1188 713; x_wconf 69' lang='lat' dir='ltr'>aa.</span> <span class='ocrx_word' id='word_1_69' title='bbox 1216 669 1379 727; x_wconf 92' lang='lat' dir='ltr'>Incipit</span> <span class='ocrx_word' id='word_1_70' title='bbox 1405 668 1527 714; x_wconf 88' lang='lat' dir='ltr'>enim</span> <span class='ocrx_word' id='word_1_71' title='bbox 1555 667 1883 727; x_wconf 88' lang='lat' dir='ltr'>contemplatio</span> <span class='ocrx_word' id='word_1_72' title='bbox 1904 668 2103 710; x_wconf 86' lang='lat' dir='ltr'>veritatis</span> 
     </span>
     <span class='ocr_line' id='line_1_8' title="bbox 150 733 2101 792; baseline -0.002 -10"><span class='ocrx_word' id='word_1_73' title='bbox 150 735 198 781; x_wconf 89' lang='lat' dir='ltr'>in</span> <span class='ocrx_word' id='word_1_74' title='bbox 229 737 317 782; x_wconf 83' lang='lat' dir='ltr'>hac</span> <span class='ocrx_word' id='word_1_75' title='bbox 347 737 454 790; x_wconf 89' lang='lat' dir='ltr'>vita,</span> <span class='ocrx_word' id='word_1_76' title='bbox 486 737 564 781; x_wconf 89' lang='lat' dir='ltr'>sed</span> <span class='ocrx_word' id='word_1_77' title='bbox 588 737 636 780; x_wconf 91' lang='lat' dir='ltr'>in</span> <span class='ocrx_word' id='word_1_78' title='bbox 667 735 815 780; x_wconf 88' lang='lat' dir='ltr'>futura</span> <span class='ocrx_word' id='word_1_79' title='bbox 847 736 1261 791; x_wconf 80' lang='lat' dir='ltr'>consummabitur3</span> <span class='ocrx_word' id='word_1_80' title='bbox 1294 737 1441 780; x_wconf 86' lang='lat' dir='ltr'>activa</span> <span class='ocrx_word' id='word_1_81' title='bbox 1470 750 1581 780; x_wconf 89' lang='lat' dir='ltr'>vero</span> <span class='ocrx_word' id='word_1_82' title='bbox 1608 745 1653 780; x_wconf 90' lang='lat' dir='ltr'>et</span> <span class='ocrx_word' id='word_1_83' title='bbox 1684 734 1829 780; x_wconf 87' lang='lat' dir='ltr'>civilis</span> <span class='ocrx_word' id='word_1_84' title='bbox 1848 734 1942 779; x_wconf 88' lang='lat' dir='ltr'>vita</span> <span class='ocrx_word' id='word_1_85' title='bbox 1967 733 2101 792; x_wconf 77' lang='lat' dir='ltr'>huJus</span> 
     </span>
    </p>
   </div>
   <div class='ocr_carea' id='block_1_3' title="bbox 150 802 1012 849">
    <p class='ocr_par' dir='ltr' id='par_1_3' title="bbox 150 802 1012 849">
     <span class='ocr_line' id='line_1_9' title="bbox 150 802 1012 849; baseline -0.003 0"><span class='ocrx_word' id='word_1_86' title='bbox 150 804 269 849; x_wconf 80' lang='lat' dir='ltr'>vitae</span> <span class='ocrx_word' id='word_1_87' title='bbox 299 803 521 848; x_wconf 88' lang='lat' dir='ltr'>terminos</span> <span class='ocrx_word' id='word_1_88' title='bbox 551 817 646 847; x_wconf 90' lang='lat' dir='ltr'>non</span> <span class='ocrx_word' id='word_1_89' title='bbox 676 802 1012 847; x_wconf 86' lang='lat' dir='ltr'>transcendunt.</span> 
     </span>
    </p>
   </div>
   <div class='ocr_carea' id='block_1_4' title="bbox 878 982 1375 1039">
    <p class='ocr_par' dir='ltr' id='par_1_4' title="bbox 878 982 1375 1039">
     <span class='ocr_line' id='line_1_10' title="bbox 878 982 1375 1039; baseline 0.002 -1"><span class='ocrx_word' id='word_1_90' title='bbox 878 982 1132 1038; x_wconf 91' lang='lat' dir='ltr'><strong>CAPUT</strong></span> <span class='ocrx_word' id='word_1_91' title='bbox 1174 982 1375 1039; x_wconf 89' lang='lat' dir='ltr'><strong>LXIV.</strong></span> 
     </span>
    </p>
   </div>
   <div class='ocr_carea' id='block_1_5' title="bbox 433 1083 1867 1280">
    <p class='ocr_par' dir='ltr' id='par_1_5' title="bbox 433 1083 1867 1280">
     <span class='ocr_line' id='line_1_11' title="bbox 433 1083 1867 1163; baseline 0.001 -8"><span class='ocrx_word' id='word_1_92' title='bbox 433 1117 592 1163; x_wconf 85' lang='lat' dir='ltr'>QUOD</span> <span class='ocrx_word' id='word_1_93' title='bbox 634 1116 774 1155; x_wconf 92' lang='lat' dir='ltr'>DEUS</span> <span class='ocrx_word' id='word_1_94' title='bbox 817 1117 919 1155; x_wconf 85' lang='lat' dir='ltr'>SUA</span> <span class='ocrx_word' id='word_1_95' title='bbox 958 1118 1335 1158; x_wconf 88' lang='lat' dir='ltr'><strong>PROVIDENTIA</strong></span> <span class='ocrx_word' id='word_1_96' title='bbox 1376 1117 1666 1159; x_wconf 88' lang='lat' dir='ltr'>GUBERNAT</span> <span class='ocrx_word' id='word_1_97' title='bbox 1706 1117 1820 1157; x_wconf 83' lang='lat' dir='ltr'>RES.</span> <span class='ocrx_word' id='word_1_98' title='bbox 1864 1083 1867 1085; x_wconf 21' lang='grc' dir='ltr'>Ι</span> 
     </span>
     <span class='ocr_line' id='line_1_12' title="bbox 743 1220 1506 1280; baseline 0.001 -17"><span class='ocrx_word' id='word_1_99' title='bbox 743 1220 798 1276; x_wconf 87' lang='grc' dir='ltr'>(Ι.</span> <span class='ocrx_word' id='word_1_100' title='bbox 823 1226 938 1280; x_wconf 86' lang='lat' dir='ltr'>part.</span> <span class='ocrx_word' id='word_1_101' title='bbox 970 1227 1124 1278; x_wconf 84' lang='lat' dir='ltr'>quaest.</span> <span class='ocrx_word' id='word_1_102' title='bbox 1149 1221 1287 1265; x_wconf 89' lang='lat' dir='ltr'><em>XXII.</em></span> <span class='ocrx_word' id='word_1_103' title='bbox 1320 1227 1402 1266; x_wconf 86' lang='lat' dir='ltr'>art.</span> <span class='ocrx_word' id='word_1_104' title='bbox 1428 1222 1506 1279; x_wconf 87' lang='lat'>2.).</span> 
     </span>
    </p>
   </div>
   <div class='ocr_carea' id='block_1_6' title="bbox 110 1329 2117 2995">
    <p class='ocr_par' dir='ltr' id='par_1_6' title="bbox 142 1329 2105 2178">
     <span class='ocr_line' id='line_1_13' title="bbox 163 1329 2104 1390; baseline -0.001 -15"><span class='ocrx_word' id='word_1_105' title='bbox 163 1355 166 1358; x_wconf 60' lang='grc'><strong><em>»</em></strong></span> <span class='ocrx_word' id='word_1_106' title='bbox 238 1329 306 1375; x_wconf 85' lang='lat' dir='ltr'>Ex</span> <span class='ocrx_word' id='word_1_107' title='bbox 339 1329 410 1374; x_wconf 87' lang='lat' dir='ltr'>his</span> <span class='ocrx_word' id='word_1_108' title='bbox 444 1340 597 1375; x_wconf 89' lang='lat' dir='ltr'>autem</span> <span class='ocrx_word' id='word_1_109' title='bbox 630 1345 748 1389; x_wconf 89' lang='lat' dir='ltr'>quae</span> <span class='ocrx_word' id='word_1_110' title='bbox 779 1331 1027 1390; x_wconf 89' lang='lat' dir='ltr'>praemissa</span> <span class='ocrx_word' id='word_1_111' title='bbox 1052 1341 1168 1385; x_wconf 90' lang='lat' dir='ltr'>sunt,</span> <span class='ocrx_word' id='word_1_112' title='bbox 1202 1330 1475 1376; x_wconf 87' lang='lat' dir='ltr'>sufficienter</span> <span class='ocrx_word' id='word_1_113' title='bbox 1514 1331 1704 1378; x_wconf 87' lang='lat' dir='ltr'>habetur</span> <span class='ocrx_word' id='word_1_114' title='bbox 1729 1329 1852 1390; x_wconf 90' lang='lat' dir='ltr'>quod</span> <span class='ocrx_word' id='word_1_115' title='bbox 1877 1330 2003 1375; x_wconf 90' lang='lat' dir='ltr'>Deus</span> <span class='ocrx_word' id='word_1_116' title='bbox 2036 1339 2104 1374; x_wconf 90' lang='lat' dir='ltr'>est</span> 
     </span>
     <span class='ocr_line' id='line_1_14' title="bbox 148 1396 2103 1458; baseline 0 -17"><span class='ocrx_word' id='word_1_117' title='bbox 148 1410 300 1442; x_wconf 88' lang='lat' dir='ltr'>rerum</span> <span class='ocrx_word' id='word_1_118' title='bbox 318 1397 527 1441; x_wconf 89' lang='lat' dir='ltr'>omnium</span> <span class='ocrx_word' id='word_1_119' title='bbox 544 1397 659 1442; x_wconf 90' lang='lat' dir='ltr'>finis.</span> <span class='ocrx_word' id='word_1_120' title='bbox 685 1398 751 1442; x_wconf 82' lang='lat' dir='ltr'>Ex</span> <span class='ocrx_word' id='word_1_121' title='bbox 778 1412 870 1457; x_wconf 92' lang='lat' dir='ltr'>quo</span> <span class='ocrx_word' id='word_1_122' title='bbox 895 1399 1051 1451; x_wconf 83' lang='lat' dir='ltr'>haberi</span> <span class='ocrx_word' id='word_1_123' title='bbox 1069 1409 1217 1458; x_wconf 90' lang='lat' dir='ltr'>potest</span> <span class='ocrx_word' id='word_1_124' title='bbox 1238 1399 1440 1453; x_wconf 92' lang='lat' dir='ltr'>ulterius,</span> <span class='ocrx_word' id='word_1_125' title='bbox 1460 1398 1581 1458; x_wconf 90' lang='lat' dir='ltr'>quod</span> <span class='ocrx_word' id='word_1_126' title='bbox 1597 1398 1695 1456; x_wconf 90' lang='lat' dir='ltr'>ipse</span> <span class='ocrx_word' id='word_1_127' title='bbox 1711 1412 1792 1443; x_wconf 89' lang='lat' dir='ltr'>sua</span> <span class='ocrx_word' id='word_1_128' title='bbox 1818 1396 2103 1457; x_wconf 86' lang='lat' dir='ltr'>providentia</span> 
     </span>
     <span class='ocr_line' id='line_1_15' title="bbox 149 1463 2105 1525; baseline 0.001 -18"><span class='ocrx_word' id='word_1_129' title='bbox 149 1463 384 1523; x_wconf 79' lang='lat' dir='ltr'>gubernat,</span> <span class='ocrx_word' id='word_1_130' title='bbox 406 1474 451 1509; x_wconf 93' lang='lat' dir='ltr'>et</span> <span class='ocrx_word' id='word_1_131' title='bbox 475 1464 591 1523; x_wconf 90' lang='lat' dir='ltr'>regit</span> <span class='ocrx_word' id='word_1_132' title='bbox 616 1465 839 1509; x_wconf 85' lang='lat' dir='ltr'>universa.</span> <span class='ocrx_word' id='word_1_133' title='bbox 875 1465 1275 1525; x_wconf 85' lang='lat' dir='ltr'>Quandocumque</span> <span class='ocrx_word' id='word_1_134' title='bbox 1308 1465 1441 1509; x_wconf 81' lang='lat' dir='ltr'>enim‘</span> <span class='ocrx_word' id='word_1_135' title='bbox 1459 1465 1609 1524; x_wconf 89' lang='lat' dir='ltr'>aliqua</span> <span class='ocrx_word' id='word_1_136' title='bbox 1643 1465 1908 1509; x_wconf 88' lang='lat' dir='ltr'>ordinantur</span> <span class='ocrx_word' id='word_1_137' title='bbox 1940 1464 1996 1509; x_wconf 90' lang='lat' dir='ltr'>ad</span> <span class='ocrx_word' id='word_1_138' title='bbox 2028 1463 2105 1508; x_wconf 91' lang='lat' dir='ltr'>ali-</span> 
     </span>
     <span class='ocr_line' id='line_1_16' title="bbox 149 1530 2104 1591; baseline 0 -16"><span class='ocrx_word' id='word_1_139' title='bbox 149 1545 287 1590; x_wconf 90' lang='lat' dir='ltr'>quem</span> <span class='ocrx_word' id='word_1_140' title='bbox 312 1530 464 1575; x_wconf 90' lang='lat' dir='ltr'>finem.</span> <span class='ocrx_word' id='word_1_141' title='bbox 500 1531 675 1576; x_wconf 90' lang='lat' dir='ltr'>Omnia</span> <span class='ocrx_word' id='word_1_142' title='bbox 701 1531 987 1591; x_wconf 88' lang='lat' dir='ltr'>dispositioni</span> <span class='ocrx_word' id='word_1_143' title='bbox 1010 1532 1131 1576; x_wconf 89' lang='lat' dir='ltr'>illius</span> <span class='ocrx_word' id='word_1_144' title='bbox 1164 1533 1380 1590; x_wconf 77' lang='lat' dir='ltr'>subJacet,</span> <span class='ocrx_word' id='word_1_145' title='bbox 1414 1533 1470 1576; x_wconf 89' lang='lat' dir='ltr'>ad</span> <span class='ocrx_word' id='word_1_146' title='bbox 1503 1545 1640 1591; x_wconf 91' lang='lat' dir='ltr'>quem</span> <span class='ocrx_word' id='word_1_147' title='bbox 1672 1531 1978 1591; x_wconf 79' lang='lat' dir='ltr'>principaliter</span> <span class='ocrx_word' id='word_1_148' title='bbox 2009 1544 2104 1589; x_wconf 89' lang='lat' dir='ltr'>per-</span> 
     </span>
     <span class='ocr_line' id='line_1_17' title="bbox 148 1596 2104 1658; baseline 0.001 -17"><span class='ocrx_word' id='word_1_149' title='bbox 148 1597 261 1642; x_wconf 90' lang='lat' dir='ltr'>tinet</span> <span class='ocrx_word' id='word_1_150' title='bbox 290 1596 368 1642; x_wconf 88' lang='lat' dir='ltr'>ille</span> <span class='ocrx_word' id='word_1_151' title='bbox 393 1597 511 1652; x_wconf 90' lang='lat' dir='ltr'>finis,</span> <span class='ocrx_word' id='word_1_152' title='bbox 542 1598 658 1642; x_wconf 90' lang='lat' dir='ltr'>sicut</span> <span class='ocrx_word' id='word_1_153' title='bbox 693 1600 739 1642; x_wconf 90' lang='lat' dir='ltr'>in</span> <span class='ocrx_word' id='word_1_154' title='bbox 775 1599 973 1643; x_wconf 88' lang='lat' dir='ltr'>exercitu</span> <span class='ocrx_word' id='word_1_155' title='bbox 1007 1609 1205 1658; x_wconf 90' lang='lat' dir='ltr'>apparet.</span> <span class='ocrx_word' id='word_1_156' title='bbox 1246 1599 1425 1644; x_wconf 90' lang='lat' dir='ltr'>Omnes</span> <span class='ocrx_word' id='word_1_157' title='bbox 1468 1599 1591 1643; x_wconf 90' lang='lat' dir='ltr'>enim</span> <span class='ocrx_word' id='word_1_158' title='bbox 1618 1608 1766 1657; x_wconf 88' lang='lat' dir='ltr'>partes</span> <span class='ocrx_word' id='word_1_159' title='bbox 1805 1598 2026 1642; x_wconf 81' lang='lat' dir='ltr'>exercitus</span> <span class='ocrx_word' id='word_1_160' title='bbox 2059 1607 2104 1642; x_wconf 88' lang='lat' dir='ltr'>et</span> 
     </span>
     <span class='ocr_line' id='line_1_18' title="bbox 147 1663 2103 1724; baseline -0.001 -15"><span class='ocrx_word' id='word_1_161' title='bbox 147 1677 310 1710; x_wconf 86' lang='lat' dir='ltr'>eorum</span> <span class='ocrx_word' id='word_1_162' title='bbox 335 1678 475 1724; x_wconf 88' lang='lat' dir='ltr'>opera</span> <span class='ocrx_word' id='word_1_163' title='bbox 502 1665 766 1709; x_wconf 88' lang='lat' dir='ltr'>ordinantur</span> <span class='ocrx_word' id='word_1_164' title='bbox 788 1665 844 1709; x_wconf 90' lang='lat' dir='ltr'>ad</span> <span class='ocrx_word' id='word_1_165' title='bbox 866 1666 1040 1709; x_wconf 89' lang='lat' dir='ltr'>bonum</span> <span class='ocrx_word' id='word_1_166' title='bbox 1062 1666 1204 1719; x_wconf 89' lang='lat' dir='ltr'>ducis,</span> <span class='ocrx_word' id='word_1_167' title='bbox 1231 1666 1354 1724; x_wconf 91' lang='lat' dir='ltr'>quod</span> <span class='ocrx_word' id='word_1_168' title='bbox 1371 1675 1437 1710; x_wconf 92' lang='lat' dir='ltr'>est</span> <span class='ocrx_word' id='word_1_169' title='bbox 1454 1665 1660 1718; x_wconf 81' lang='lat' dir='ltr'>victoria,</span> <span class='ocrx_word' id='word_1_170' title='bbox 1678 1665 1796 1709; x_wconf 92' lang='lat' dir='ltr'>sicut</span> <span class='ocrx_word' id='word_1_171' title='bbox 1820 1664 1867 1708; x_wconf 88' lang='lat' dir='ltr'>in</span> <span class='ocrx_word' id='word_1_172' title='bbox 1889 1663 2103 1709; x_wconf 88' lang='lat' dir='ltr'>ultimum</span> 
     </span>
     <span class='ocr_line' id='line_1_19' title="bbox 150 1730 2104 1791; baseline -0.001 -16"><span class='ocrx_word' id='word_1_173' title='bbox 150 1730 305 1785; x_wconf 83' lang='lat' dir='ltr'>finem,</span> <span class='ocrx_word' id='word_1_174' title='bbox 322 1740 382 1776; x_wconf 66' lang='lat' dir='ltr'>&#39;et</span> <span class='ocrx_word' id='word_1_175' title='bbox 407 1741 590 1790; x_wconf 89' lang='lat' dir='ltr'>propter</span> <span class='ocrx_word' id='word_1_176' title='bbox 615 1731 706 1776; x_wconf 91' lang='lat' dir='ltr'>hoc</span> <span class='ocrx_word' id='word_1_177' title='bbox 734 1732 788 1775; x_wconf 88' lang='lat' dir='ltr'>ad</span> <span class='ocrx_word' id='word_1_178' title='bbox 817 1732 979 1776; x_wconf 91' lang='lat' dir='ltr'>ducem</span> <span class='ocrx_word' id='word_1_179' title='bbox 1006 1733 1198 1791; x_wconf 87' lang='lat' dir='ltr'>pertinet</span> <span class='ocrx_word' id='word_1_180' title='bbox 1223 1742 1373 1776; x_wconf 89' lang='lat' dir='ltr'>totum</span> <span class='ocrx_word' id='word_1_181' title='bbox 1401 1734 1651 1776; x_wconf 84' lang='lat' dir='ltr'>exercitum</span> <span class='ocrx_word' id='word_1_182' title='bbox 1678 1732 1944 1791; x_wconf 85' lang='lat' dir='ltr'>gubernare.</span> <span class='ocrx_word' id='word_1_183' title='bbox 1973 1731 2104 1775; x_wconf 88' lang='lat' dir='ltr'>Simi-</span> 
     </span>
     <span class='ocr_line' id='line_1_20' title="bbox 145 1797 2104 1858; baseline 0 -16"><span class='ocrx_word' id='word_1_184' title='bbox 145 1797 248 1843; x_wconf 85' lang='lat' dir='ltr'>liter</span> <span class='ocrx_word' id='word_1_185' title='bbox 272 1804 360 1852; x_wconf 90' lang='lat' dir='ltr'>ars,</span> <span class='ocrx_word' id='word_1_186' title='bbox 386 1812 503 1857; x_wconf 90' lang='lat' dir='ltr'>quae</span> <span class='ocrx_word' id='word_1_187' title='bbox 529 1808 596 1843; x_wconf 91' lang='lat' dir='ltr'>est</span> <span class='ocrx_word' id='word_1_188' title='bbox 618 1798 673 1843; x_wconf 93' lang='lat' dir='ltr'>de</span> <span class='ocrx_word' id='word_1_189' title='bbox 700 1798 804 1853; x_wconf 90' lang='lat' dir='ltr'>fine,</span> <span class='ocrx_word' id='word_1_190' title='bbox 825 1799 1018 1858; x_wconf 88' lang='lat' dir='ltr'>imperat</span> <span class='ocrx_word' id='word_1_191' title='bbox 1034 1809 1079 1843; x_wconf 92' lang='lat' dir='ltr'>et</span> <span class='ocrx_word' id='word_1_192' title='bbox 1104 1800 1180 1843; x_wconf 91' lang='lat' dir='ltr'>dat</span> <span class='ocrx_word' id='word_1_193' title='bbox 1204 1798 1330 1858; x_wconf 87' lang='lat' dir='ltr'>leges</span> <span class='ocrx_word' id='word_1_194' title='bbox 1357 1799 1454 1853; x_wconf 90' lang='lat' dir='ltr'>arti,</span> <span class='ocrx_word' id='word_1_195' title='bbox 1474 1813 1590 1858; x_wconf 93' lang='lat' dir='ltr'>quae</span> <span class='ocrx_word' id='word_1_196' title='bbox 1608 1809 1674 1843; x_wconf 90' lang='lat' dir='ltr'>est</span> <span class='ocrx_word' id='word_1_197' title='bbox 1696 1799 1752 1843; x_wconf 86' lang='lat' dir='ltr'>de</span> <span class='ocrx_word' id='word_1_198' title='bbox 1778 1799 1849 1842; x_wconf 93' lang='lat' dir='ltr'>his</span> <span class='ocrx_word' id='word_1_199' title='bbox 1866 1812 1982 1857; x_wconf 91' lang='lat' dir='ltr'>quae</span> <span class='ocrx_word' id='word_1_200' title='bbox 1999 1808 2104 1842; x_wconf 90' lang='lat' dir='ltr'>sunt</span> 
     </span>
     <span class='ocr_line' id='line_1_21' title="bbox 146 1864 2102 1925; baseline -0.001 -16"><span class='ocrx_word' id='word_1_201' title='bbox 146 1865 203 1909; x_wconf 85' lang='lat' dir='ltr'>ad</span> <span class='ocrx_word' id='word_1_202' title='bbox 234 1864 395 1920; x_wconf 80' lang='lat' dir='ltr'>finem,</span> <span class='ocrx_word' id='word_1_203' title='bbox 420 1875 470 1910; x_wconf 90' lang='lat' dir='ltr'>ut</span> <span class='ocrx_word' id='word_1_204' title='bbox 500 1865 644 1910; x_wconf 89' lang='lat' dir='ltr'>civilis</span> <span class='ocrx_word' id='word_1_205' title='bbox 670 1865 869 1919; x_wconf 89' lang='lat' dir='ltr'>militari,</span> <span class='ocrx_word' id='word_1_206' title='bbox 896 1874 942 1910; x_wconf 91' lang='lat' dir='ltr'>et</span> <span class='ocrx_word' id='word_1_207' title='bbox 966 1865 1174 1911; x_wconf 88' lang='lat' dir='ltr'>militaris</span> <span class='ocrx_word' id='word_1_208' title='bbox 1200 1866 1411 1925; x_wconf 84' lang='lat' dir='ltr'>equestri,</span> <span class='ocrx_word' id='word_1_209' title='bbox 1439 1876 1483 1910; x_wconf 91' lang='lat' dir='ltr'>et</span> <span class='ocrx_word' id='word_1_210' title='bbox 1520 1880 1590 1911; x_wconf 90' lang='lat' dir='ltr'>ars</span> <span class='ocrx_word' id='word_1_211' title='bbox 1624 1865 1945 1924; x_wconf 86' lang='lat' dir='ltr'>gubernatoria</span> <span class='ocrx_word' id='word_1_212' title='bbox 1975 1865 2102 1909; x_wconf 91' lang='lat' dir='ltr'>navi-</span> 
     </span>
     <span class='ocr_line' id='line_1_22' title="bbox 143 1930 2100 1991; baseline 0 -16"><span class='ocrx_word' id='word_1_213' title='bbox 143 1930 496 1977; x_wconf 87' lang='lat' dir='ltr'>factivae..Cum</span> <span class='ocrx_word' id='word_1_214' title='bbox 521 1932 658 1991; x_wconf 90' lang='lat' dir='ltr'>igitur</span> <span class='ocrx_word' id='word_1_215' title='bbox 674 1933 831 1976; x_wconf 90' lang='lat' dir='ltr'>omnia</span> <span class='ocrx_word' id='word_1_216' title='bbox 853 1933 1118 1977; x_wconf 89' lang='lat' dir='ltr'>ordinentur</span> <span class='ocrx_word' id='word_1_217' title='bbox 1144 1932 1199 1977; x_wconf 88' lang='lat' dir='ltr'>ad</span> <span class='ocrx_word' id='word_1_218' title='bbox 1224 1933 1477 1976; x_wconf 88' lang='lat' dir='ltr'>bonitatem</span> <span class='ocrx_word' id='word_1_219' title='bbox 1504 1932 1706 1976; x_wconf 90' lang='lat' dir='ltr'>divinam</span> <span class='ocrx_word' id='word_1_220' title='bbox 1732 1932 1849 1976; x_wconf 87' lang='lat' dir='ltr'>sicut</span> <span class='ocrx_word' id='word_1_221' title='bbox 1873 1932 1920 1975; x_wconf 90' lang='lat' dir='ltr'>in</span> <span class='ocrx_word' id='word_1_222' title='bbox 1946 1931 2100 1986; x_wconf 89' lang='lat' dir='ltr'>finem,</span> 
     </span>
     <span class='ocr_line' id='line_1_23' title="bbox 145 1998 2101 2058; baseline -0.001 -15"><span class='ocrx_word' id='word_1_223' title='bbox 145 2009 193 2043; x_wconf 90' lang='lat' dir='ltr'>ut</span> <span class='ocrx_word' id='word_1_224' title='bbox 209 2009 446 2044; x_wconf 88' lang='lat' dir='ltr'>ostensum</span> <span class='ocrx_word' id='word_1_225' title='bbox 471 2009 540 2043; x_wconf 90' lang='lat' dir='ltr'>est</span> <span class='ocrx_word' id='word_1_226' title='bbox 563 2000 625 2058; x_wconf 89' lang='lat' dir='ltr'>(c.</span> <span class='ocrx_word' id='word_1_227' title='bbox 650 2012 717 2057; x_wconf 90' lang='lat'>17.</span> <span class='ocrx_word' id='word_1_228' title='bbox 742 2009 788 2044; x_wconf 90' lang='lat' dir='ltr'>et</span> <span class='ocrx_word' id='word_1_229' title='bbox 808 1998 912 2055; x_wconf 85' lang='lat'>18.)‚</span> <span class='ocrx_word' id='word_1_230' title='bbox 940 2009 1120 2058; x_wconf 88' lang='lat' dir='ltr'>oportet</span> <span class='ocrx_word' id='word_1_231' title='bbox 1145 1999 1267 2058; x_wconf 88' lang='lat' dir='ltr'>quod</span> <span class='ocrx_word' id='word_1_232' title='bbox 1294 2000 1436 2053; x_wconf 92' lang='lat' dir='ltr'>Deus,</span> <span class='ocrx_word' id='word_1_233' title='bbox 1454 1998 1509 2043; x_wconf 91' lang='lat' dir='ltr'>ad</span> <span class='ocrx_word' id='word_1_234' title='bbox 1533 2013 1671 2058; x_wconf 90' lang='lat' dir='ltr'>quem</span> <span class='ocrx_word' id='word_1_235' title='bbox 1697 1998 2005 2057; x_wconf 84' lang='lat' dir='ltr'>principaliter</span> <span class='ocrx_word' id='word_1_236' title='bbox 2022 1998 2101 2043; x_wconf 85' lang='lat' dir='ltr'>illa</span> 
     </span>
     <span class='ocr_line' id='line_1_24' title="bbox 143 2065 2099 2125; baseline 0 -16"><span class='ocrx_word' id='word_1_237' title='bbox 143 2065 323 2111; x_wconf 83' lang='lat' dir='ltr'>bonitas</span> <span class='ocrx_word' id='word_1_238' title='bbox 354 2066 561 2125; x_wconf 88' lang='lat' dir='ltr'>pertinet,</span> <span class='ocrx_word' id='word_1_239' title='bbox 587 2066 703 2110; x_wconf 91' lang='lat' dir='ltr'>sicut</span> <span class='ocrx_word' id='word_1_240' title='bbox 727 2065 1080 2111; x_wconf 88' lang='lat' dir='ltr'>substantialiter</span> <span class='ocrx_word' id='word_1_241' title='bbox 1098 2066 1252 2111; x_wconf 88' lang='lat' dir='ltr'>habita</span> <span class='ocrx_word' id='word_1_242' title='bbox 1270 2076 1314 2110; x_wconf 91' lang='lat' dir='ltr'>et</span> <span class='ocrx_word' id='word_1_243' title='bbox 1338 2065 1570 2110; x_wconf 88' lang='lat' dir='ltr'>intellecta</span> <span class='ocrx_word' id='word_1_244' title='bbox 1603 2075 1646 2110; x_wconf 91' lang='lat' dir='ltr'>et</span> <span class='ocrx_word' id='word_1_245' title='bbox 1674 2075 1840 2120; x_wconf 88' lang='lat' dir='ltr'>amata,</span> <span class='ocrx_word' id='word_1_246' title='bbox 1857 2065 1915 2110; x_wconf 90' lang='lat' dir='ltr'>sit</span> <span class='ocrx_word' id='word_1_247' title='bbox 1936 2065 2099 2124; x_wconf 86' lang='lat' dir='ltr'>guber·</span> 
     </span>
     <span class='ocr_line' id='line_1_25' title="bbox 142 2133 717 2178; baseline 0.003 -2"><span class='ocrx_word' id='word_1_248' title='bbox 142 2142 278 2177; x_wconf 84' lang='lat' dir='ltr'>nator</span> <span class='ocrx_word' id='word_1_249' title='bbox 308 2133 518 2178; x_wconf 90' lang='lat' dir='ltr'>omnium</span> <span class='ocrx_word' id='word_1_250' title='bbox 550 2146 717 2178; x_wconf 85' lang='lat' dir='ltr'>rerum.</span> 
     </span>
    </p>

    <p class='ocr_par' dir='ltr' id='par_1_7' title="bbox 125 2197 2117 2594">
     <span class='ocr_line' id='line_1_26' title="bbox 262 2197 2097 2259; baseline 0 -16"><span class='ocrx_word' id='word_1_251' title='bbox 262 2199 451 2244; x_wconf 88' lang='lat' dir='ltr'>Adhuc:</span> <span class='ocrx_word' id='word_1_252' title='bbox 492 2199 768 2258; x_wconf 89' lang='lat' dir='ltr'>quicumque</span> <span class='ocrx_word' id='word_1_253' title='bbox 809 2197 918 2243; x_wconf 86' lang='lat' dir='ltr'>facit</span> <span class='ocrx_word' id='word_1_254' title='bbox 950 2199 1120 2258; x_wconf 88' lang='lat' dir='ltr'>aliquid</span> <span class='ocrx_word' id='word_1_255' title='bbox 1151 2210 1333 2259; x_wconf 88' lang='lat' dir='ltr'>propter</span> <span class='ocrx_word' id='word_1_256' title='bbox 1374 2199 1529 2254; x_wconf 88' lang='lat' dir='ltr'>finem,</span> <span class='ocrx_word' id='word_1_257' title='bbox 1569 2199 1709 2244; x_wconf 90' lang='lat' dir='ltr'>utitur</span> <span class='ocrx_word' id='word_1_258' title='bbox 1742 2198 1824 2244; x_wconf 94' lang='lat' dir='ltr'>illo</span> <span class='ocrx_word' id='word_1_259' title='bbox 1856 2199 1913 2243; x_wconf 91' lang='lat' dir='ltr'>ad</span> <span class='ocrx_word' id='word_1_260' title='bbox 1943 2198 2097 2244; x_wconf 89' lang='lat' dir='ltr'>finem.</span> 
     </span>
     <span class='ocr_line' id='line_1_27' title="bbox 144 2265 2097 2326; baseline 0 -14"><span class='ocrx_word' id='word_1_261' title='bbox 144 2265 398 2312; x_wconf 85' lang='lat' dir='ltr'>Ostensum</span> <span class='ocrx_word' id='word_1_262' title='bbox 429 2275 496 2311; x_wconf 86' lang='lat' dir='ltr'>est</span> <span class='ocrx_word' id='word_1_263' title='bbox 508 2276 662 2311; x_wconf 85' lang='lat' dir='ltr'>autem</span> <span class='ocrx_word' id='word_1_264' title='bbox 678 2280 814 2324; x_wconf 90' lang='lat' dir='ltr'>supra</span> <span class='ocrx_word' id='word_1_265' title='bbox 835 2266 956 2325; x_wconf 92' lang='lat' dir='ltr'>(Lib.</span> <span class='ocrx_word' id='word_1_266' title='bbox 998 2266 1053 2310; x_wconf 88' lang='lat'>11.</span> <span class='ocrx_word' id='word_1_267' title='bbox 1090 2282 1128 2311; x_wconf 92' lang='lat' dir='ltr'>c.</span> <span class='ocrx_word' id='word_1_268' title='bbox 1166 2267 1270 2323; x_wconf 84' lang='lat'>15.),</span> <span class='ocrx_word' id='word_1_269' title='bbox 1307 2267 1430 2326; x_wconf 91' lang='lat' dir='ltr'>quod</span> <span class='ocrx_word' id='word_1_270' title='bbox 1463 2267 1619 2311; x_wconf 88' lang='lat' dir='ltr'>omnia</span> <span class='ocrx_word' id='word_1_271' title='bbox 1649 2280 1765 2325; x_wconf 89' lang='lat' dir='ltr'>quae</span> <span class='ocrx_word' id='word_1_272' title='bbox 1797 2266 1967 2311; x_wconf 90' lang='lat' dir='ltr'>habent</span> <span class='ocrx_word' id='word_1_273' title='bbox 1998 2280 2097 2312; x_wconf 89' lang='lat' dir='ltr'>esse</span> 
     </span>
     <span class='ocr_line' id='line_1_28' title="bbox 125 2331 2099 2393; baseline -0.001 -15"><span class='ocrx_word' id='word_1_274' title='bbox 125 2346 433 2392; x_wconf 64' lang='lat' dir='ltr'>quocumque</span> <span class='ocrx_word' id='word_1_275' title='bbox 454 2332 612 2387; x_wconf 86' lang='lat' dir='ltr'>mod0,</span> <span class='ocrx_word' id='word_1_276' title='bbox 634 2342 739 2393; x_wconf 68' lang='lat' dir='ltr'>sunt</span> <span class='ocrx_word' id='word_1_277' title='bbox 763 2331 950 2377; x_wconf 87' lang='lat' dir='ltr'>effectus</span> <span class='ocrx_word' id='word_1_278' title='bbox 975 2333 1078 2388; x_wconf 89' lang='lat' dir='ltr'>Dei,</span> <span class='ocrx_word' id='word_1_279' title='bbox 1105 2343 1150 2378; x_wconf 91' lang='lat' dir='ltr'>et</span> <span class='ocrx_word' id='word_1_280' title='bbox 1180 2333 1301 2392; x_wconf 91' lang='lat' dir='ltr'>(Lib.</span> <span class='ocrx_word' id='word_1_281' title='bbox 1328 2333 1406 2377; x_wconf 93' lang='lat' dir='ltr'>III.</span> <span class='ocrx_word' id='word_1_282' title='bbox 1435 2347 1472 2377; x_wconf 90' lang='lat' dir='ltr'>c.</span> <span class='ocrx_word' id='word_1_283' title='bbox 1506 2332 1594 2391; x_wconf 88' lang='lat'>17.)</span> <span class='ocrx_word' id='word_1_284' title='bbox 1628 2332 1751 2391; x_wconf 92' lang='lat' dir='ltr'>quod</span> <span class='ocrx_word' id='word_1_285' title='bbox 1783 2333 1910 2378; x_wconf 92' lang='lat' dir='ltr'>Deus</span> <span class='ocrx_word' id='word_1_286' title='bbox 1942 2333 2099 2377; x_wconf 88' lang='lat' dir='ltr'>omnia</span> 
     </span>
     <span class='ocr_line' id='line_1_29' title="bbox 140 2397 2117 2459; baseline -0.001 -15"><span class='ocrx_word' id='word_1_287' title='bbox 140 2397 251 2445; x_wconf 64' lang='lat' dir='ltr'>ficit</span> <span class='ocrx_word' id='word_1_288' title='bbox 275 2411 460 2459; x_wconf 87' lang='lat' dir='ltr'>propter</span> <span class='ocrx_word' id='word_1_289' title='bbox 480 2398 635 2453; x_wconf 86' lang='lat' dir='ltr'>finem,</span> <span class='ocrx_word' id='word_1_290' title='bbox 661 2399 739 2458; x_wconf 90' lang='lat' dir='ltr'>qui</span> <span class='ocrx_word' id='word_1_291' title='bbox 769 2407 837 2444; x_wconf 75' lang='lat' dir='ltr'>eSt</span> <span class='ocrx_word' id='word_1_292' title='bbox 860 2400 972 2459; x_wconf 89' lang='lat' dir='ltr'>ipse.</span> <span class='ocrx_word' id='word_1_293' title='bbox 1005 2400 1107 2459; x_wconf 88' lang='lat' dir='ltr'>Ipse</span> <span class='ocrx_word' id='word_1_294' title='bbox 1133 2401 1270 2459; x_wconf 88' lang='lat' dir='ltr'>igitur</span> <span class='ocrx_word' id='word_1_295' title='bbox 1295 2400 1433 2444; x_wconf 91' lang='lat' dir='ltr'>utitur</span> <span class='ocrx_word' id='word_1_296' title='bbox 1460 2401 1673 2444; x_wconf 88' lang='lat' dir='ltr'>omnibus</span> <span class='ocrx_word' id='word_1_297' title='bbox 1700 2400 1937 2458; x_wconf 88' lang='lat' dir='ltr'>dirigendo</span> <span class='ocrx_word' id='word_1_298' title='bbox 1971 2414 2025 2444; x_wconf 91' lang='lat' dir='ltr'>ea</span> <span class='ocrx_word' id='word_1_299' title='bbox 2050 2400 2117 2444; x_wconf 89' lang='lat' dir='ltr'>in.</span> 
     </span>
     <span class='ocr_line' id='line_1_30' title="bbox 136 2466 2097 2527; baseline -0.001 -15"><span class='ocrx_word' id='word_1_300' title='bbox 136 2466 303 2512; x_wconf 84' lang='lat' dir='ltr'>finem:</span> <span class='ocrx_word' id='word_1_301' title='bbox 330 2467 421 2512; x_wconf 90' lang='lat' dir='ltr'>hoc</span> <span class='ocrx_word' id='word_1_302' title='bbox 460 2476 613 2512; x_wconf 89' lang='lat' dir='ltr'>autem</span> <span class='ocrx_word' id='word_1_303' title='bbox 647 2477 715 2512; x_wconf 90' lang='lat' dir='ltr'>est</span> <span class='ocrx_word' id='word_1_304' title='bbox 750 2467 1015 2526; x_wconf 88' lang='lat' dir='ltr'>gubernare.</span> <span class='ocrx_word' id='word_1_305' title='bbox 1053 2467 1134 2512; x_wconf 89' lang='lat' dir='ltr'>Est</span> <span class='ocrx_word' id='word_1_306' title='bbox 1168 2468 1305 2527; x_wconf 87' lang='lat' dir='ltr'>igitur</span> <span class='ocrx_word' id='word_1_307' title='bbox 1340 2467 1467 2512; x_wconf 89' lang='lat' dir='ltr'>Deus</span> <span class='ocrx_word' id='word_1_308' title='bbox 1494 2481 1574 2527; x_wconf 88' lang='lat' dir='ltr'>per</span> <span class='ocrx_word' id='word_1_309' title='bbox 1599 2481 1730 2512; x_wconf 86' lang='lat' dir='ltr'>suam</span> <span class='ocrx_word' id='word_1_310' title='bbox 1762 2467 2097 2526; x_wconf 88' lang='lat' dir='ltr'>providentiam</span> 
     </span>
     <span class='ocr_line' id='line_1_31' title="bbox 141 2534 670 2594; baseline -0.002 -15"><span class='ocrx_word' id='word_1_311' title='bbox 141 2534 351 2579; x_wconf 87' lang='lat' dir='ltr'>omnium</span> <span class='ocrx_word' id='word_1_312' title='bbox 382 2534 670 2594; x_wconf 87' lang='lat' dir='ltr'>gubernator.</span> 
     </span>
    </p>

    <p class='ocr_par' dir='ltr' id='par_1_8' title="bbox 110 2601 2097 2995">
     <span class='ocr_line' id='line_1_32' title="bbox 110 2601 2096 2663; baseline -0.001 -17"><span class='ocrx_word' id='word_1_313' title='bbox 110 2655 114 2663; x_wconf 35' lang='grc' dir='ltr'>Ι</span> <span class='ocrx_word' id='word_1_314' title='bbox 146 2608 150 2611; x_wconf 90' lang='grc'><strong>’</strong></span> <span class='ocrx_word' id='word_1_315' title='bbox 228 2601 463 2661; x_wconf 83' lang='lat' dir='ltr'>Amplius:</span> <span class='ocrx_word' id='word_1_316' title='bbox 490 2612 727 2647; x_wconf 88' lang='lat' dir='ltr'>ostensum</span> <span class='ocrx_word' id='word_1_317' title='bbox 748 2611 816 2647; x_wconf 87' lang='lat' dir='ltr'>est</span> <span class='ocrx_word' id='word_1_318' title='bbox 840 2602 960 2660; x_wconf 88' lang='lat' dir='ltr'>(Lib.</span> <span class='ocrx_word' id='word_1_319' title='bbox 986 2603 1021 2646; x_wconf 95' lang='lat' dir='ltr'>I.</span> <span class='ocrx_word' id='word_1_320' title='bbox 1049 2616 1087 2647; x_wconf 92' lang='lat' dir='ltr'>c.</span> <span class='ocrx_word' id='word_1_321' title='bbox 1120 2603 1224 2660; x_wconf 82' lang='lat'>13.),</span> <span class='ocrx_word' id='word_1_322' title='bbox 1250 2601 1374 2661; x_wconf 93' lang='lat' dir='ltr'>quod</span> <span class='ocrx_word' id='word_1_323' title='bbox 1409 2602 1536 2646; x_wconf 89' lang='lat' dir='ltr'>Deus</span> <span class='ocrx_word' id='word_1_324' title='bbox 1577 2611 1645 2646; x_wconf 91' lang='lat' dir='ltr'>est</span> <span class='ocrx_word' id='word_1_325' title='bbox 1677 2601 1877 2660; x_wconf 87' lang='lat' dir='ltr'>primurn</span> <span class='ocrx_word' id='word_1_326' title='bbox 1903 2614 2096 2646; x_wconf 89' lang='lat' dir='ltr'>movens</span> 
     </span>
     <span class='ocr_line' id='line_1_33' title="bbox 139 2667 2097 2727; baseline -0.001 -14"><span class='ocrx_word' id='word_1_327' title='bbox 139 2681 235 2714; x_wconf 87' lang='lat' dir='ltr'>non</span> <span class='ocrx_word' id='word_1_328' title='bbox 261 2678 455 2713; x_wconf 88' lang='lat' dir='ltr'>motum.</span> <span class='ocrx_word' id='word_1_329' title='bbox 479 2669 686 2713; x_wconf 88' lang='lat' dir='ltr'>Primum</span> <span class='ocrx_word' id='word_1_330' title='bbox 714 2678 869 2713; x_wconf 87' lang='lat' dir='ltr'>autem</span> <span class='ocrx_word' id='word_1_331' title='bbox 901 2682 1094 2713; x_wconf 82' lang='lat' dir='ltr'>movens</span> <span class='ocrx_word' id='word_1_332' title='bbox 1118 2683 1213 2713; x_wconf 90' lang='lat' dir='ltr'>non</span> <span class='ocrx_word' id='word_1_333' title='bbox 1240 2669 1389 2712; x_wconf 89' lang='lat' dir='ltr'>minus</span> <span class='ocrx_word' id='word_1_334' title='bbox 1423 2679 1580 2713; x_wconf 89' lang='lat' dir='ltr'>movet</span> <span class='ocrx_word' id='word_1_335' title='bbox 1604 2682 1743 2727; x_wconf 89' lang='lat' dir='ltr'>quarn</span> <span class='ocrx_word' id='word_1_336' title='bbox 1769 2667 1970 2712; x_wconf 88' lang='lat' dir='ltr'>secunda</span> <span class='ocrx_word' id='word_1_337' title='bbox 2001 2682 2097 2711; x_wconf 89' lang='lat' dir='ltr'>mo-</span> 
     </span>
     <span class='ocr_line' id='line_1_34' title="bbox 140 2734 2095 2794; baseline -0.001 -14"><span class='ocrx_word' id='word_1_338' title='bbox 140 2734 309 2788; x_wconf 66' lang='lat' dir='ltr'>venda,</span> <span class='ocrx_word' id='word_1_339' title='bbox 333 2735 415 2779; x_wconf 91' lang='lat' dir='ltr'>sed</span> <span class='ocrx_word' id='word_1_340' title='bbox 440 2736 602 2793; x_wconf 87' lang='lat' dir='ltr'>magis,</span> <span class='ocrx_word' id='word_1_341' title='bbox 628 2735 734 2794; x_wconf 90' lang='lat' dir='ltr'>quia</span> <span class='ocrx_word' id='word_1_342' title='bbox 750 2736 846 2780; x_wconf 88' lang='lat' dir='ltr'>sine</span> <span class='ocrx_word' id='word_1_343' title='bbox 864 2749 920 2780; x_wconf 93' lang='lat' dir='ltr'>eo</span> <span class='ocrx_word' id='word_1_344' title='bbox 941 2749 1036 2780; x_wconf 91' lang='lat' dir='ltr'>non</span> <span class='ocrx_word' id='word_1_345' title='bbox 1054 2745 1244 2780; x_wconf 89' lang='lat' dir='ltr'>movent</span> <span class='ocrx_word' id='word_1_346' title='bbox 1270 2735 1371 2779; x_wconf 89' lang='lat' dir='ltr'>alia.</span> <span class='ocrx_word' id='word_1_347' title='bbox 1392 2735 1566 2780; x_wconf 90' lang='lat' dir='ltr'>Omnia</span> <span class='ocrx_word' id='word_1_348' title='bbox 1594 2745 1746 2779; x_wconf 88' lang='lat' dir='ltr'>autem</span> <span class='ocrx_word' id='word_1_349' title='bbox 1773 2749 1888 2793; x_wconf 90' lang='lat' dir='ltr'>quae</span> <span class='ocrx_word' id='word_1_350' title='bbox 1912 2748 2095 2779; x_wconf 85' lang='lat' dir='ltr'>moven-</span> 
     </span>
     <span class='ocr_line' id='line_1_35' title="bbox 141 2802 2095 2862; baseline -0.001 -15"><span class='ocrx_word' id='word_1_351' title='bbox 141 2813 239 2862; x_wconf 75' lang='lat' dir='ltr'>tur,</span> <span class='ocrx_word' id='word_1_352' title='bbox 260 2812 505 2848; x_wconf 83' lang='lat' dir='ltr'>moventur</span> <span class='ocrx_word' id='word_1_353' title='bbox 539 2809 723 2861; x_wconf 84' lang='lat' dir='ltr'>propter</span> <span class='ocrx_word' id='word_1_354' title='bbox 755 2802 909 2858; x_wconf 88' lang='lat' dir='ltr'>finem,</span> <span class='ocrx_word' id='word_1_355' title='bbox 947 2813 997 2847; x_wconf 90' lang='lat' dir='ltr'>ut</span> <span class='ocrx_word' id='word_1_356' title='bbox 1026 2818 1158 2862; x_wconf 91' lang='lat' dir='ltr'>supra</span> <span class='ocrx_word' id='word_1_357' title='bbox 1195 2804 1255 2861; x_wconf 91' lang='lat' dir='ltr'>(c.</span> <span class='ocrx_word' id='word_1_358' title='bbox 1295 2802 1358 2860; x_wconf 80' lang='lat'>2.)</span> <span class='ocrx_word' id='word_1_359' title='bbox 1396 2813 1632 2848; x_wconf 90' lang='lat' dir='ltr'>ostensum</span> <span class='ocrx_word' id='word_1_360' title='bbox 1658 2813 1738 2847; x_wconf 89' lang='lat' dir='ltr'>est.</span> <span class='ocrx_word' id='word_1_361' title='bbox 1770 2803 1929 2847; x_wconf 87' lang='lat' dir='ltr'>Movet</span> <span class='ocrx_word' id='word_1_362' title='bbox 1959 2802 2095 2861; x_wconf 91' lang='lat' dir='ltr'>igitur</span> 
     </span>
     <span class='ocr_line' id='line_1_36' title="bbox 141 2869 2094 2929; baseline -0.002 -14"><span class='ocrx_word' id='word_1_363' title='bbox 141 2871 269 2915; x_wconf 83' lang='lat' dir='ltr'>Deus</span> <span class='ocrx_word' id='word_1_364' title='bbox 301 2869 458 2914; x_wconf 88' lang='lat' dir='ltr'>omnia</span> <span class='ocrx_word' id='word_1_365' title='bbox 493 2869 548 2914; x_wconf 90' lang='lat' dir='ltr'>ad</span> <span class='ocrx_word' id='word_1_366' title='bbox 584 2869 696 2914; x_wconf 89' lang='lat' dir='ltr'>fines</span> <span class='ocrx_word' id='word_1_367' title='bbox 733 2883 855 2922; x_wconf 85' lang='lat' dir='ltr'>suos,</span> <span class='ocrx_word' id='word_1_368' title='bbox 884 2879 930 2914; x_wconf 90' lang='lat' dir='ltr'>et</span> <span class='ocrx_word' id='word_1_369' title='bbox 962 2884 1042 2929; x_wconf 88' lang='lat' dir='ltr'>per</span> <span class='ocrx_word' id='word_1_370' title='bbox 1076 2869 1374 2914; x_wconf 89' lang='lat' dir='ltr'>intellectum.</span> <span class='ocrx_word' id='word_1_371' title='bbox 1412 2870 1664 2915; x_wconf 87' lang='lat' dir='ltr'>Ostensum</span> <span class='ocrx_word' id='word_1_372' title='bbox 1701 2879 1770 2914; x_wconf 90' lang='lat' dir='ltr'>est</span> <span class='ocrx_word' id='word_1_373' title='bbox 1801 2869 1924 2914; x_wconf 89' lang='lat' dir='ltr'>enirn</span> <span class='ocrx_word' id='word_1_374' title='bbox 1958 2883 2094 2928; x_wconf 90' lang='lat' dir='ltr'>supra</span> 
     </span>
     <span class='ocr_line' id='line_1_37' title="bbox 139 2935 2095 2995; baseline -0.001 -14"><span class='ocrx_word' id='word_1_375' title='bbox 139 2935 270 2994; x_wconf 74' lang='lat' dir='ltr'>(Lib.</span> <span class='ocrx_word' id='word_1_376' title='bbox 287 2935 345 2980; x_wconf 93' lang='lat' dir='ltr'>II.</span> <span class='ocrx_word' id='word_1_377' title='bbox 372 2949 411 2980; x_wconf 92' lang='lat' dir='ltr'>c.</span> <span class='ocrx_word' id='word_1_378' title='bbox 444 2948 515 2994; x_wconf 88' lang='lat'>23.</span> <span class='ocrx_word' id='word_1_379' title='bbox 541 2945 587 2980; x_wconf 89' lang='lat' dir='ltr'>et</span> <span class='ocrx_word' id='word_1_380' title='bbox 611 2935 718 2992; x_wconf 73' lang='lat'>24),</span> <span class='ocrx_word' id='word_1_381' title='bbox 745 2936 868 2995; x_wconf 90' lang='lat' dir='ltr'>quod</span> <span class='ocrx_word' id='word_1_382' title='bbox 894 2942 988 2981; x_wconf 85' lang='lat' dir='ltr'>non</span> <span class='ocrx_word' id='word_1_383' title='bbox 1016 2937 1109 2995; x_wconf 88' lang='lat' dir='ltr'>agit</span> <span class='ocrx_word' id='word_1_384' title='bbox 1135 2951 1215 2995; x_wconf 89' lang='lat' dir='ltr'>per</span> <span class='ocrx_word' id='word_1_385' title='bbox 1239 2937 1561 2981; x_wconf 90' lang='lat' dir='ltr'>necessitatem</span> <span class='ocrx_word' id='word_1_386' title='bbox 1590 2946 1794 2990; x_wconf 78' lang='lat' dir='ltr'>naturae,</span> <span class='ocrx_word' id='word_1_387' title='bbox 1825 2935 1905 2980; x_wconf 90' lang='lat' dir='ltr'>sed</span> <span class='ocrx_word' id='word_1_388' title='bbox 1931 2949 2011 2995; x_wconf 90' lang='lat' dir='ltr'>per</span> <span class='ocrx_word' id='word_1_389' title='bbox 2030 2936 2095 2979; x_wconf 89' lang='lat' dir='ltr'>in-</span> 
     </span>
    </p>
   </div>
   <div class='ocr_carea' id='block_1_7' title="bbox 43 3000 2095 3061">
    <p class='ocr_par' dir='ltr' id='par_1_9' title="bbox 31 3000 2095 3061">
     <span class='ocr_line' id='line_1_38' title="bbox 43 3000 2095 3061; baseline -0 -14.006"><span class='ocrx_word' id='word_1_390' title='bbox 43 3000 49 3016; x_wconf 69' lang='grc'>”’</span> <span class='ocrx_word' id='word_1_391' title='bbox 121 3001 372 3048; x_wconf 83' lang='lat' dir='ltr'>¹tellectum</span> <span class='ocrx_word' id='word_1_392' title='bbox 406 3011 453 3047; x_wconf 89' lang='lat' dir='ltr'>et</span> <span class='ocrx_word' id='word_1_393' title='bbox 472 3001 770 3047; x_wconf 87' lang='lat' dir='ltr'>voluntatem.</span> <span class='ocrx_word' id='word_1_394' title='bbox 797 3002 904 3047; x_wconf 93' lang='lat' dir='ltr'>Non</span> <span class='ocrx_word' id='word_1_395' title='bbox 930 3013 998 3047; x_wconf 88' lang='lat' dir='ltr'>est</span> <span class='ocrx_word' id='word_1_396' title='bbox 1024 3013 1177 3047; x_wconf 90' lang='lat' dir='ltr'>autem</span> <span class='ocrx_word' id='word_1_397' title='bbox 1204 3003 1325 3046; x_wconf 89' lang='lat' dir='ltr'>aliud</span> <span class='ocrx_word' id='word_1_398' title='bbox 1351 3016 1509 3061; x_wconf 88' lang='lat' dir='ltr'>regere</span> <span class='ocrx_word' id='word_1_399' title='bbox 1543 3012 1586 3047; x_wconf 91' lang='lat' dir='ltr'>et</span> <span class='ocrx_word' id='word_1_400' title='bbox 1612 3002 1864 3061; x_wconf 87' lang='lat' dir='ltr'>gubernare</span> <span class='ocrx_word' id='word_1_401' title='bbox 1889 3016 1970 3061; x_wconf 88' lang='lat' dir='ltr'>per</span> <span class='ocrx_word' id='word_1_402' title='bbox 1994 3015 2095 3061; x_wconf 90' lang='lat' dir='ltr'>pro-</span> 
     </span>
    </p>
   </div>
   <div class='ocr_carea' id='block_1_8' title="bbox 137 3068 2093 3273">
    <p class='ocr_par' dir='ltr' id='par_1_10' title="bbox 137 3068 2093 3273">
     <span class='ocr_line' id='line_1_39' title="bbox 139 3068 2093 3128; baseline -0.001 -14"><span class='ocrx_word' id='word_1_403' title='bbox 139 3068 389 3114; x_wconf 71' lang='lat' dir='ltr'>videntiam</span> <span class='ocrx_word' id='word_1_404' title='bbox 417 3082 556 3128; x_wconf 90' lang='lat' dir='ltr'>quam</span> <span class='ocrx_word' id='word_1_405' title='bbox 587 3083 776 3114; x_wconf 88' lang='lat' dir='ltr'>movere</span> <span class='ocrx_word' id='word_1_406' title='bbox 803 3083 883 3128; x_wconf 90' lang='lat' dir='ltr'>per</span> <span class='ocrx_word' id='word_1_407' title='bbox 914 3068 1198 3114; x_wconf 88' lang='lat' dir='ltr'>intellectum</span> <span class='ocrx_word' id='word_1_408' title='bbox 1235 3069 1386 3128; x_wconf 89' lang='lat' dir='ltr'>aliqua</span> <span class='ocrx_word' id='word_1_409' title='bbox 1413 3070 1468 3113; x_wconf 88' lang='lat' dir='ltr'>ad</span> <span class='ocrx_word' id='word_1_410' title='bbox 1505 3069 1659 3114; x_wconf 88' lang='lat' dir='ltr'>finem.</span> <span class='ocrx_word' id='word_1_411' title='bbox 1695 3070 1822 3114; x_wconf 88' lang='lat' dir='ltr'>Deus</span> <span class='ocrx_word' id='word_1_412' title='bbox 1846 3069 1983 3127; x_wconf 90' lang='lat' dir='ltr'>igitur</span> <span class='ocrx_word' id='word_1_413' title='bbox 2013 3083 2093 3128; x_wconf 89' lang='lat' dir='ltr'>per</span> 
     </span>
     <span class='ocr_line' id='line_1_40' title="bbox 137 3135 2091 3195; baseline -0.001 -14"><span class='ocrx_word' id='word_1_414' title='bbox 137 3149 268 3194; x_wconf 79' lang='lat' dir='ltr'>suam</span> <span class='ocrx_word' id='word_1_415' title='bbox 292 3135 627 3194; x_wconf 70' lang='lat' dir='ltr'>providentiam</span> <span class='ocrx_word' id='word_1_416' title='bbox 659 3137 882 3195; x_wconf 87' lang='lat' dir='ltr'>gubernat</span> <span class='ocrx_word' id='word_1_417' title='bbox 917 3146 962 3180; x_wconf 90' lang='lat' dir='ltr'>et</span> <span class='ocrx_word' id='word_1_418' title='bbox 997 3136 1113 3195; x_wconf 89' lang='lat' dir='ltr'>regit</span> <span class='ocrx_word' id='word_1_419' title='bbox 1138 3135 1296 3180; x_wconf 90' lang='lat' dir='ltr'>omnia</span> <span class='ocrx_word' id='word_1_420' title='bbox 1323 3150 1438 3195; x_wconf 91' lang='lat' dir='ltr'>quae</span> <span class='ocrx_word' id='word_1_421' title='bbox 1465 3146 1708 3181; x_wconf 84' lang='lat' dir='ltr'>moventur</span> <span class='ocrx_word' id='word_1_422' title='bbox 1733 3137 1779 3180; x_wconf 93' lang='lat' dir='ltr'>in</span> <span class='ocrx_word' id='word_1_423' title='bbox 1810 3135 1964 3190; x_wconf 90' lang='lat' dir='ltr'>finem,</span> <span class='ocrx_word' id='word_1_424' title='bbox 1997 3136 2091 3180; x_wconf 88' lang='lat' dir='ltr'>sive</span> 
     </span>
     <span class='ocr_line' id='line_1_41' title="bbox 140 3201 2091 3273; baseline -0.002 -22"><span class='ocrx_word' id='word_1_425' title='bbox 140 3213 411 3251; x_wconf 81' lang='lat' dir='ltr'>moveantur</span> <span class='ocrx_word' id='word_1_426' title='bbox 436 3201 746 3261; x_wconf 87' lang='lat' dir='ltr'>corporaliter,</span> <span class='ocrx_word' id='word_1_427' title='bbox 772 3203 868 3248; x_wconf 86' lang='lat' dir='ltr'>sive</span> <span class='ocrx_word' id='word_1_428' title='bbox 900 3202 1204 3273; x_wconf 69' lang='lat' dir='ltr'>spiritpaliter,</span> <span class='ocrx_word' id='word_1_429' title='bbox 1230 3203 1348 3247; x_wconf 88' lang='lat' dir='ltr'>sicut</span> <span class='ocrx_word' id='word_1_430' title='bbox 1374 3202 1635 3247; x_wconf 90' lang='lat' dir='ltr'>desiderans</span> <span class='ocrx_word' id='word_1_431' title='bbox 1669 3203 1831 3247; x_wconf 89' lang='lat' dir='ltr'>dicitur</span> <span class='ocrx_word' id='word_1_432' title='bbox 1856 3203 2034 3248; x_wconf 85' lang='lat' dir='ltr'>moveri</span> <span class='ocrx_word' id='word_1_433' title='bbox 2064 3210 2091 3247; x_wconf 84' lang='lat' dir='ltr'>a</span> 
     </span>
    </p>
   </div>
   <div class='ocr_carea' id='block_1_9' title="bbox 118 3269 408 3317">
    <p class='ocr_par' dir='ltr' id='par_1_11' title="bbox 7 3256 408 3342">
     <span class='ocr_line' id='line_1_42' title="bbox 118 3269 408 3317; baseline 0.002 -3.723"><span class='ocrx_word' id='word_1_434' title='bbox 118 3269 408 3317; x_wconf 62' lang='lat' dir='ltr'>{desiderata</span> 
     </span>
    </p>
   </div>
   <div class='ocr_carea' id='block_1_10' title="bbox 0 0 52 3458">
    <p class='ocr_par' dir='ltr' id='par_1_12' title="bbox 0 0 52 3458">
     <span class='ocr_line' id='line_1_43' title="bbox 0 0 52 3458; baseline 0 0"><span class='ocrx_word' id='word_1_435' title='bbox 0 0 52 3458; x_wconf 95' lang='lat' dir='ltr'> </span> 
     </span>
    </p>
   </div>
   <div class='ocr_carea' id='block_1_11' title="bbox 120 3327 2091 3394">
    <p class='ocr_par' dir='ltr' id='par_1_13' title="bbox 120 3327 2091 3394">
     <span class='ocr_line' id='line_1_44' title="bbox 120 3327 2091 3394; baseline -0.001 -13"><span class='ocrx_word' id='word_1_436' title='bbox 120 3327 362 3381; x_wconf 32' lang='lat' dir='ltr'>nminem:</span> <span class='ocrx_word' id='word_1_437' title='bbox 394 3334 636 3394; x_wconf 87' lang='lat' dir='ltr'>probatum</span> <span class='ocrx_word' id='word_1_438' title='bbox 661 3345 730 3379; x_wconf 91' lang='lat' dir='ltr'>est</span> <span class='ocrx_word' id='word_1_439' title='bbox 758 3336 822 3394; x_wconf 88' lang='lat' dir='ltr'>(c.</span> <span class='ocrx_word' id='word_1_440' title='bbox 848 3346 889 3379; x_wconf 88' lang='lat'>2.</span> <span class='ocrx_word' id='word_1_441' title='bbox 923 3344 967 3380; x_wconf 90' lang='lat' dir='ltr'>et</span> <span class='ocrx_word' id='word_1_442' title='bbox 1011 3338 1085 3394; x_wconf 86' lang='lat'>3.),</span> <span class='ocrx_word' id='word_1_443' title='bbox 1123 3335 1246 3394; x_wconf 92' lang='lat' dir='ltr'>quod</span> <span class='ocrx_word' id='word_1_444' title='bbox 1283 3348 1476 3394; x_wconf 91' lang='lat' dir='ltr'>corpora</span> <span class='ocrx_word' id='word_1_445' title='bbox 1511 3334 1734 3380; x_wconf 89' lang='lat' dir='ltr'>naturalia</span> <span class='ocrx_word' id='word_1_446' title='bbox 1770 3345 2015 3380; x_wconf 87' lang='lat' dir='ltr'>moventur</span> <span class='ocrx_word' id='word_1_447' title='bbox 2046 3345 2091 3380; x_wconf 93' lang='lat' dir='ltr'>et</span> 
     </span>
    </p>
   </div>
   <div class='ocr_carea' id='block_1_12' title="bbox 0 3385 2092 3528">
    <p class='ocr_par' dir='ltr' id='par_1_14' title="bbox 0 3385 2092 3528">
     <span class='ocr_line' id='line_1_45' title="bbox 0 3385 2091 3468; baseline -0.001 -20"><span class='ocrx_word' id='word_1_448' title='bbox 0 3385 61 3468; x_wconf 46' lang='lat'>{³⁹}</span> <span class='ocrx_word' id='word_1_449' title='bbox 117 3408 382 3460; x_wconf 48' lang='lat' dir='ltr'>&amp;petantur</span> <span class='ocrx_word' id='word_1_450' title='bbox 406 3411 591 3460; x_wconf 88' lang='lat' dir='ltr'>propter</span> <span class='ocrx_word' id='word_1_451' title='bbox 615 3401 769 3455; x_wconf 87' lang='lat' dir='ltr'>finem,</span> <span class='ocrx_word' id='word_1_452' title='bbox 801 3400 909 3447; x_wconf 90' lang='lat' dir='ltr'>licet</span> <span class='ocrx_word' id='word_1_453' title='bbox 934 3401 1073 3446; x_wconf 89' lang='lat' dir='ltr'>finem</span> <span class='ocrx_word' id='word_1_454' title='bbox 1099 3416 1194 3445; x_wconf 90' lang='lat' dir='ltr'>non</span> <span class='ocrx_word' id='word_1_455' title='bbox 1221 3412 1519 3460; x_wconf 83' lang='lat' dir='ltr'>cognoscant.</span> <span class='ocrx_word' id='word_1_456' title='bbox 1553 3402 1618 3447; x_wconf 84' lang='lat' dir='ltr'>Ex</span> <span class='ocrx_word' id='word_1_457' title='bbox 1644 3402 1733 3447; x_wconf 93' lang='lat' dir='ltr'>hoc</span> <span class='ocrx_word' id='word_1_458' title='bbox 1761 3402 1884 3461; x_wconf 92' lang='lat' dir='ltr'>quod</span> <span class='ocrx_word' id='word_1_459' title='bbox 1908 3415 2091 3461; x_wconf 89' lang='lat' dir='ltr'>semper</span> 
     </span>
     <span class='ocr_line' id='line_1_46' title="bbox 34 3465 2092 3528; baseline -0.001 -13"><span class='ocrx_word' id='word_1_460' title='bbox 34 3469 47 3486; x_wconf 63' lang='lat'><strong><em>³</em></strong></span> <span class='ocrx_word' id='word_1_461' title='bbox 121 3465 515 3527; x_wconf 64' lang='lat' dir='ltr'>‹merequentius</span> <span class='ocrx_word' id='word_1_462' title='bbox 538 3469 702 3513; x_wconf 89' lang='lat' dir='ltr'>accidit</span> <span class='ocrx_word' id='word_1_463' title='bbox 725 3468 772 3512; x_wconf 89' lang='lat' dir='ltr'>in</span> <span class='ocrx_word' id='word_1_464' title='bbox 804 3468 868 3514; x_wconf 87' lang='lat' dir='ltr'>eis</span> <span class='ocrx_word' id='word_1_465' title='bbox 893 3469 1017 3528; x_wconf 88' lang='lat' dir='ltr'>quod</span> <span class='ocrx_word' id='word_1_466' title='bbox 1043 3467 1208 3513; x_wconf 89' lang='lat' dir='ltr'>melius</span> <span class='ocrx_word' id='word_1_467' title='bbox 1235 3478 1317 3522; x_wconf 91' lang='lat' dir='ltr'>est,</span> <span class='ocrx_word' id='word_1_468' title='bbox 1343 3478 1389 3513; x_wconf 92' lang='lat' dir='ltr'>et</span> <span class='ocrx_word' id='word_1_469' title='bbox 1409 3483 1502 3513; x_wconf 90' lang='lat' dir='ltr'>non</span> <span class='ocrx_word' id='word_1_470' title='bbox 1529 3468 1658 3513; x_wconf 88' lang='lat' dir='ltr'>aliter</span> <span class='ocrx_word' id='word_1_471' title='bbox 1679 3468 1851 3523; x_wconf 90' lang='lat' dir='ltr'>fierent,</span> <span class='ocrx_word' id='word_1_472' title='bbox 1873 3470 1911 3513; x_wconf 91' lang='lat' dir='ltr'>si</span> <span class='ocrx_word' id='word_1_473' title='bbox 1933 3468 2092 3514; x_wconf 89' lang='lat' dir='ltr'>fierent</span> 
     </span>
    </p>
   </div>
   <div class='ocr_carea' id='block_1_13' title="bbox 0 3618 40 3784">
    <p class='ocr_par' dir='ltr' id='par_1_15' title="bbox 0 3618 40 3784">
     <span class='ocr_line' id='line_1_47' title="bbox 0 3618 40 3784; baseline 0 70"><span class='ocrx_word' id='word_1_474' title='bbox 0 3618 40 3784; x_wconf 95' lang='lat' dir='ltr'> </span> 
     </span>
    </p>
   </div>
   <div class='ocr_carea' id='block_1_14' title="bbox 115 3534 2094 3662">
    <p class='ocr_par' dir='ltr' id='par_1_16' title="bbox 115 3534 2094 3662">
     <span class='ocr_line' id='line_1_48' title="bbox 115 3534 2094 3595; baseline -0.001 -14"><span class='ocrx_word' id='word_1_475' title='bbox 115 3543 399 3592; x_wconf 55' lang='lat' dir='ltr'>&#39;vetattem</span> <span class='ocrx_word' id='word_1_476' title='bbox 423 3534 711 3593; x_wconf 85' lang='lat' dir='ltr'>Impossibile</span> <span class='ocrx_word' id='word_1_477' title='bbox 737 3544 804 3580; x_wconf 80' lang='lat' dir='ltr'>est</span> <span class='ocrx_word' id='word_1_478' title='bbox 830 3545 983 3581; x_wconf 83' lang='lat' dir='ltr'>autem</span> <span class='ocrx_word' id='word_1_479' title='bbox 1010 3536 1132 3594; x_wconf 90' lang='lat' dir='ltr'>quod</span> <span class='ocrx_word' id='word_1_480' title='bbox 1160 3534 1310 3594; x_wconf 88' lang='lat' dir='ltr'>aliqua</span> <span class='ocrx_word' id='word_1_481' title='bbox 1341 3548 1435 3580; x_wconf 91' lang='lat' dir='ltr'>non</span> <span class='ocrx_word' id='word_1_482' title='bbox 1463 3535 1791 3595; x_wconf 88' lang='lat' dir='ltr'>cognoscentia</span> <span class='ocrx_word' id='word_1_483' title='bbox 1815 3534 1955 3581; x_wconf 89' lang='lat' dir='ltr'>finem</span> <span class='ocrx_word' id='word_1_484' title='bbox 1987 3549 2094 3595; x_wconf 88' lang='lat' dir='ltr'>ope·</span> 
     </span>
     <span class='ocr_line' id='line_1_49' title="bbox 123 3599 2089 3662; baseline -0.001 -15"><span class='ocrx_word' id='word_1_485' title='bbox 123 3609 289 3647; x_wconf 54' lang='lat' dir='ltr'>&lt;mr</span> <span class='ocrx_word' id='word_1_486' title='bbox 312 3611 495 3661; x_wconf 82' lang='lat' dir='ltr'>propter</span> <span class='ocrx_word' id='word_1_487' title='bbox 510 3599 663 3658; x_wconf 90' lang='lat' dir='ltr'>finem,</span> <span class='ocrx_word' id='word_1_488' title='bbox 681 3611 727 3647; x_wconf 89' lang='lat' dir='ltr'>et</span> <span class='ocrx_word' id='word_1_489' title='bbox 742 3602 947 3648; x_wconf 79' lang='lat' dir='ltr'>ordinate</span> <span class='ocrx_word' id='word_1_490' title='bbox 963 3602 1229 3660; x_wconf 85' lang='lat' dir='ltr'>perveniant</span> <span class='ocrx_word' id='word_1_491' title='bbox 1245 3604 1290 3647; x_wconf 90' lang='lat' dir='ltr'>in</span> <span class='ocrx_word' id='word_1_492' title='bbox 1306 3601 1471 3662; x_wconf 88' lang='lat' dir='ltr'>ipsum,</span> <span class='ocrx_word' id='word_1_493' title='bbox 1491 3602 1581 3648; x_wconf 88' lang='lat' dir='ltr'>nisi</span> <span class='ocrx_word' id='word_1_494' title='bbox 1600 3603 1689 3648; x_wconf 82' lang='lat' dir='ltr'>sint</span> <span class='ocrx_word' id='word_1_495' title='bbox 1706 3611 1836 3648; x_wconf 88' lang='lat' dir='ltr'>mota</span> <span class='ocrx_word' id='word_1_496' title='bbox 1857 3602 1911 3646; x_wconf 90' lang='lat' dir='ltr'>ab</span> <span class='ocrx_word' id='word_1_497' title='bbox 1936 3601 2089 3661; x_wconf 84' lang='lat' dir='ltr'>aliquo</span> 
     </span>
    </p>
   </div>
  </div>
 </body>
</html>
