2332 3854
248 207 358 263 334
905 202 1062 259 Lmen
1099 200 1176 239 111.
1216 200 1340 238 clun
1379 196 1529 238 xevr.

242 310 356 354 tinet
378 307 618 352 veritatem
644 316 690 352 et
710 318 982 366 expressam.
1009 303 1188 347 Dicitur
1212 302 1336 347 enim
1362 301 1523 359 (Num.
1547 299 1715 346 XXIII.
1746 301 1862 361 19.):
1885 302 1984 346 Non
2002 301 2197 351 affl

243 376 361 434 quasi
392 375 528 428 homo,
560 380 607 419 ut
638 375 878 426 mentiatur,
912 385 983 415 nec
1015 376 1061 414 ut
1081 370 1200 428 filius
1229 369 1420 422 hominis,
1452 374 1498 419 ut
1521 367 1714 413 mactatur.
1732 368 1871 412 Dixit
1899 382 2033 426 ergo,
2031 374 2087 413 ct
2103 371 2198 412 aim

232 443 398 502 faciet?
420 442 580 486 locutus
605 447 675 494 est,
698 446 736 484 et
755 453 839 482 non
865 437 1083 496 implebit?
1105 445 1150 479 et
1171 435 1226 492 (Ι.
1252 435 1366 493 Reg.
1388 434 1504 479 XV.
1517 434 1635 494 29.:)
1670 434 1974 493 Triumphater
1998 435 2044 478 in
2064 434 2198 488 Inui}

240 523 325 553 non
350 514 509 568 parcet,
543 514 580 551 et
601 504 865 565 poenitudine
895 517 979 546 non
999 503 1216 561 flectetur:
1248 517 1378 560 neque
1407 503 1516 549 enim
1540 501 1668 546 homo
1700 506 1769 555 est,
1804 506 1850 544 ut
1874 507 1974 559 agat
1988 502 2198 598 paenitens

241 576 369 627 tiam;
399 572 682 630 et(Malach.
710 569 898 626 111.6.:)
924 570 1012 626 Ego
1040 569 1264 623 Dominus,
1291 575 1329 613 et
1349 579 1431 612 non
1455 574 1610 613 mutor.
1644 594 1647 595 ν
1920 602 1923 607 «

331 641 380 685 Si
406 640 510 715 qumis
528 649 680 682 autem
707 637 946 693 diligenter
971 635 1229 681 consideret
1249 635 1369 679 circa
1390 634 1634 693 praedicta,
1659 633 1875 678 inveniet
1886 632 2018 692 quod
2046 600 2199 681 omnis

241 722 366 752 error
399 707 475 764 qui
499 706 546 748 in
572 705 643 748 his
681 703 856 756 accidit,
891 717 943 746 ex
975 702 1066 746 hoc
1093 701 1301 760 provenit
1332 701 1455 760 quod
1485 713 1581 744 non
1614 700 1923 744 consideratur
1948 694 2200 746 differentia

239 777 355 818 inter
380 770 682 816 universalem
711 769 920 813 ordinem
953 777 996 812 et
1022 767 1357 826 particularem.
1386 767 1509 812 Cum
1535 768 1659 811 enim
1685 780 1858 810 omnes.
1868 764 2062 810 effectus
2078 765 2201 811 mdi-

238 854 346 883 nem
379 839 434 881 ad
466 838 664 881 invicem
686 836 896 888 habeant,
924 835 1176 878 secundum
1199 834 1322 893 quod
1348 835 1395 877 in
1421 847 1512 876 una
1538 846 1676 876 causa
1703 832 2200 891 conveniunnopottet

237 916 363 949 tanto
399 903 766 948 communiorem
794 902 1002 945 ordinem
1035 914 1149 954 esse,
1182 910 1352 959 quanto
1384 910 1460 944 estv
1477 897 1776 943 universalior
1801 904 1963 952 causa}
1988 899 2109 943 unde
2142 898 2196 941 ab

239 971 482 1016 universali
515 984 665 1022 causa,
693 969 966 1027 quae'Deus
1000 978 1081 1021 est,
1115 968 1229 1012 ordo
1265 967 1538 1025 proveniens
1574 979 1760 1010 necesse
1793 975 1861 1010 est
1890 965 2016 1024 quod
2038 965 2199 1011 emnia

239 1039 582 1097 complectatur.
614 1035 740 1080 Nihil
773 1035 909 1094 igitur
940 1035 1151 1094 prohibet
1184 1033 1382 1093 aliquem
1414 1032 1736 1092 particularem
1766 1031 2200 1091 ordinemne-pet

239 1107 509 1157 orationem,
535 1102 610 1147 vel
636 1117 715 1163 per
742 1102 939 1161 aliquem
974 1101 1114 1146 alium
1147 1102 1338 1145 modum
1370 1101 1616 1144 immutari.
1648 1099 1727 1144 Est
1757 1099 1895 1149 enim
1913 1109 2038 1143 extra.
2067 1098 2199 1144 illum

238 1174 447 1217 ordinem
476 1170 597 1214 aliud
624 1169 747 1228 quod
773 1171 917 1228 possit
941 1170 1092 1228 ipsum
1116 1168 1386 1221 immutare3
1403 1177 1591 1226 propter
1615 1166 1739 1225 quod
1762 1179 1859 1210 non
1882 1175 1952 1210 est
1974 1165 2200 1222 mamni

236 1239 467 1298 Aegyptii,
493 1237 759 1281 reducentes
793 1249 945 1279 rerum
976 1236 1284 1279 humanarum
1315 1234 1523 1278 ordinem
1555 1233 1602 1276 in
1636 1246 1830 1291 corpora
1855 1230 2200 1290 .coelestia,ssfpo÷

236 1315 422 1350 suerunt
446 1304 591 1348 fatum
618 1317 671 1348 ex
703 1302 843 1348 stellis
869 1303 1144 1362 proveniens
1167 1300 1391 1360 aliquibus
1417 1299 1698 1345 orationibus
1721 1309 1766 1344 et
1786 1298 2200 1357 ritibuspolssezimfi

231 1375 425 1417 mutari:
460 1386 566 1415 nam
601 1379 721 1415 extra
755 1369 971 1414 coelestia
1005 1382 1213 1428 corpora,
1241 1378 1286 1413 et
1317 1381 1454 1426 supra
1479 1381 1534 1411 ea
1559 1378 1627 1412 est
1654 1366 1798 1420 Deus,
1829 1366 1918 1426 qui:
1937 1366 2201 1426 potestwim.

237 1440 390 1499 pedire
423 1437 692 1483 coelestium
734 1449 981 1495 corporum
1018 1435 1248 1490 effectum,
1273 1435 1351 1494 qui
1383 1435 1430 1478 in
1466 1434 1564 1481 istis
1603 1433 1976 1481 inferioribus-ex
1998 1432 2201 1477 ·fflorum

235 1506 534 1564 impressione
570 1513 804 1548 secuturus
838 1511 944 1547 erat.
982 1503 1073 1547 Sed
1105 1512 1229 1547 extra
1265 1500 1473 1549 ordinem
1500 1499 2201 1558 complectentemsomffiamun

236 1582 387 1631 potest
402 1572 512 1631 poni
529 1570 697 1629 aliquid
715 1583 794 1629 per
819 1569 941 1629 quod
967 1569 1109 1627 possit
1134 1568 1248 1613 ordo
1267 1569 1320 1612 ab
1338 1567 1582 1612 universali
1601 1574 1738 1611 causa
1756 1566 2016 1625 dependens
2035 1566 2199 1611 uertit

236 1649 420 1698 propter
451 1638 572 1696 quod
607 1638 764 1691 Stoici,
791 1636 940 1695 quiin
961 1637 1114 1680 Deum
1140 1636 1257 1680 sicut
1280 1636 1327 1678 in
1354 1648 1540 1678 causam
1563 1633 1869 1678 universalem
1894 1632 2106 1678 omnium
2131 1645 2201 1677 or·

237 1707 353 1750 dinis
385 1719 537 1749 rerum
570 1704 883 1748 reductionem
922 1703 1284 1756 considerabant,
1317 1701 1549 1760 ponebant
1587 1701 1709 1759 quod
1749 1700 1865 1744 ordo
1895 1699 2214 1757 institutumq-

235 1774 340 1817 Deo
372 1771 498 1815 nulla
530 1773 704 1815 ratione
725 1780 877 1832 potest
897 1771 1142 1814 immutari.
1172 1769 1262 1814 Sed
1287 1769 1334 1812 in
1356 1769 1447 1812 hoc
1473 1769 1640 1812 iterum
1667 1780 1692 1811 a
1715 1766 2080 1813 consideratione
2104 1767 2198 1818 uni·

236 1838 424 1883 versalis
457 1838 626 1882 ordinis
658 1838 944 1890 recedebant,
987 1836 1109 1895 quod
1146 1836 1375 1895 ponebant
1409 1835 1640 1879 orationes
1673 1835 1728 1878 ad
1761 1833 1877 1878 nihil
1914 1834 2054 1879 utiles
2080 1836 2197 1887 esee,

236 1917 474 1965 tamquam
509 1906 828 1948 arbitrarentur
859 1903 1118 1947 voluntates
1149 1903 1408 1955 hominum,
1435 1912 1480 1946 et
1511 1913 1672 1945 eorum
1700 1899 1935 1956 desideria,
1957 1913 2012 1945 ex
2032 1899 2198 1960 quibus

237 1974 468 2016 orationes
494 1971 760 2030 procedunt,
788 1970 868 2014 sub
895 1969 976 2013 illo
1000 1964 1244 2013 universali
1270 1969 1429 2012 ordine
1449 1982 1542 2011 non
1571 1967 1912 2026 comprehendi.
1934 1966 2068 2012 Cum·
2074 1979 2199 2012 emm

237 2040 406 2092 dicunt,
434 2038 555 2097 qnod
573 2038 667 2082 sive
691 2039 922 2081 orationes
949 2037 1072 2090 fiant,
1095 2037 1190 2080 sive
1206 2050 1316 2089 non,
1337 2035 1636 2079 nihilominus
1653 2035 1777 2079 idem
1795 2033 1984 2079 effectus
1998 2033 2200 2095 sequitur

235 2107 281 2150 in
307 2107 439 2150 rebus
466 2118 519 2150 ex
552 2105 796 2149 universali
822 2105 980 2148 ordine
1013 2117 1181 2156 rerum,
1213 2102 1451 2147 manifeste
1475 2102 1528 2146 ab
1547 2101 1628 2146 illo
1650 2101 2075 2146 universalisordine
2089 2110 2200 2146 vota

236 2173 464 2217 orantium
497 2180 803 2230 sequestrant3
835 2171 874 2215 si
906 2171 1028 2216 enim
1054 2171 1169 2215 haec
1195 2170 1278 2214 sub
1306 2169 1385 2214 illo
1409 2169 1568 2213 ordine
1596 2167 2054 2228 comprehendantur,
2078 2167 2199 2222 sicut

234 2255 313 2298 per
341 2240 451 2283 alias
479 2253 652 2295 causas,
677 2239 740 2282 ita
766 2252 844 2296 per
869 2238 984 2281 haec
1009 2252 1062 2281 ex
1090 2237 1240 2280 divina
1259 2235 1545 2280 ordinatione
1569 2235 1708 2294 aliqui
1730 2233 1918 2279 effeetus
1937 2244 2198 2294 sequuntur.

233 2307 362 2350 Idem
395 2320 504 2364 ergo
538 2305 622 2349 erit
653 2304 893 2349 excludere
920 2304 1140 2348 orationis
1163 2303 1391 2356 effectum,
1414 2313 1459 2347 et
1485 2302 1803 2346 communium
1825 2300 2020 2345 aliarulh'
2042 2306 2198 2349 causa·

234 2387 350 2418 rum.
387 2372 527 2424 Quod
560 2372 599 2416 si
631 2371 729 2415 aliis
762 2371 910 2415 causis
941 2370 1239 2415 immobilitas
1266 2369 1406 2413 divini
1431 2369 1603 2414 ordinis
1629 2368 1817 2413 effectus
1841 2380 1936 2413 non
1960 2367 2207 2423 subtrahit,¹

234 2455 385 2499 neque
419 2440 681 2500 orationum
714 2437 967 2482 efficaciam
998 2437 1130 2482 tollit.
1975 2455 1978 2458 ·
2003 2458 2005 2460 ·
2109 2469 2111 2472 ⁴

322 2506 490 2551 Valent
520 2507 657 2565 igitur
688 2506 919 2550 orationes
945 2519 1039 2549 non
1066 2505 1196 2563 quasi
1222 2504 1430 2548 ordinem
1463 2513 1674 2548 aeternae
1696 2501 2044 2561 dispositionis
2031 2512 2199 2547 immu-

235 2584 395 2628 tantes,
429 2573 506 2617 sed
534 2573 663 2632 quasi
689 2573 770 2616 sub
803 2571 882 2616 tali
915 2572 1074 2616 ordine
1107 2581 1152 2615 et
1183 2571 1307 2630 ipsae
1340 2570 1618 2615 exsistentes.
1644 2569 1771 2614 Nihil
1804 2579 1956 2614 antem
1988 2568 2199 2628 prohihet

235 2656 315 2699 per
347 2641 608 2685 orationum
642 2639 894 2684 efficaciam
922 2638 1120 2697 aliquem
1152 2637 1473 2696 particularem
1506 2637 1715 2680 ordinem
1747 2636 1943 2695 alicujus·
1962 2634 2195 2691 >inferioris

235 2722 399 2752 causae
425 2707 672 2760 immutari,
705 2707 808 2750 Deo
841 2705 1051 2758 faciente,
1079 2705 1156 2764 qui
1183 2719 1344 2748 omnes
1376 2704 1712 2762 supergreditur
1744 2716 1919 2747 causas.
1953 2701 2196 2756 Undexmb

234 2775 359 2819 nulla
383 2775 652 2818 necessitate
686 2773 856 2817 ordinis
889 2772 1081 2830 alicujus
1109 2771 1278 2815 'causae
1313 2771 1583 2823 continetur,
1624 2769 1702 2813 sed
1734 2782 1760 2813 e
1787 2768 2196 2827 conversosom'nis

234 2842 479 2886 necessitas
503 2841 673 2885 ordinis
696 2839 920 2883 inferioris
945 2851 1111 2882 causae
1138 2837 1396 2881 continetur
1413 2837 1494 2881 sub
1511 2837 1627 2895 ipso,
1649 2837 1777 2895 quasi
1800 2836 1854 2880 ab
1877 2845 1939 2880 eo·
1954 2835 2195 2880 instimmc.

233 2911 285 2953 In
317 2919 537 2968 quantum
570 2921 681 2965 ergo
714 2921 793 2966 per
830 2906 1087 2950 orationem
1126 2906 1394 2948 immutatur
1434 2902 1602 2962 aliquid
1640 2903 1699 2947 de¹
1728 2903 1888 2947 ordine
1927 2901 2196 2954 inferiorum

235 2990 476 3020 causarum
506 2976 711 3020 instituto
739 2988 764 3017 a
796 2975 898 3017 Deo
932 2981 1116 3031 propter
1148 2972 1378 3016 orationes
1411 2971 1606 3029 piorum,
1633 2970 1796 3014 dicitur
1818 2968 1947 3014 Deus
1977 2968 2197 3023 converti,

233 3043 307 3088 vel
338 3043 584 3102 poenitere,
617 3055 711 3085 non
738 3041 860 3100 quod
894 3050 1076 3085 aeterna
1109 3040 1204 3097 ejus
1236 3037 1472 3097 dispositio
1506 3046 1719 3091 mutetur,
1749 3035 1830 3080 sed
1861 3036 1967 3096 quia
1996 3045 2197 3081 mutatur

236 3110 397 3169 aliquis
424 3111 519 3167 ejus
547 3107 746 3153 effectus.
777 3107 910 3151 Unde
945 3116 988 3150 et
1015 3105 1266 3164 Gregorius
1298 3104 1420 3157 dicit,
1453 3104 1575 3162 quod
1602 3117 1697 3148 non
1728 3112 1884 3148 mutat
1897 3102 2033 3148 Deus·
2048 3101 2198 3155 oonsi-

235 3178 362 3232 lium,
382 3179 463 3220 etsi
491 3176 764 3234 quandoque
787 3183 932 3218 mutet
957 3172 1245 3225 sententiam,
1270 3184 1364 3215 non
1387 3173 1433 3215 in
1455 3179 1675 3229 quantum
1700 3169 1833 3219 inam
1850 3183 1966 3229 quae
1988 3168 2198 3228 ειμι-ἰωὴ

236 3243 580 3302 dispositionem
614 3250 860 3294 aeternam,
894 3241 973 3283 sed
998 3238 1122 3282 illam
1158 3237 1430 3283 sententiam
1463 3250 1580 3295 quae
1612 3236 1828 3296 exprimit
1842 3236 2070 3281 ¹·ordinem
2085 3233 2198 3280 infe·

235 3311 407 3354 riorum
434 3323 690 3362 causarum,
718 3307 971 3352 secundum
1003 3320 1141 3364 quam
1168 3304 1387 3349 Ezechias
1414 3314 1508 3348 erat
1540 3303 1814 3358 moriturus,
1821 3302 1906 3353 vei
1917 3315 2028 3362 gens
2043 3301 2196 3361 aliq&

236 3391 316 3434 pro
342 3376 541 3436 peccatis
573 3377 665 3419 suis
699 3374 940 3433 punienda.
975 3372 1103 3417 Talis
1130 3382 1282 3416 autem
1314 3373 1562 3415 sententiae
1595 3369 1856 3417 immutatio
1878 3369 2046 3414 dicimr
2073 3370 2198 3419 mi>

237 3444 460 3500 sumptiva
494 3442 725 3486 locutione
758 3440 1051 3500 poenitentia,
1084 3440 1129 3482 in
1162 3447 1383 3498 quantum
1414 3437 1541 3482 Deus
1574 3437 1630 3481 ad
1662 3435 2011 3482 sirnihtudinem
2037 3434 2196 3495 poeni*

236 3510 370 3553 tentis
403 3524 450 3553 se
475 3510 626 3564 habet,
660 3510 786 3567 cujus
820 3518 887 3553 est
926 3517 1101 3552 mutare
1138 3505 1260 3565 quod
1297 3504 1489 3559 fecerat3
1525 3516 1606 3563 per
1636 3513 1775 3563 quem
1809 3502 2013 3549 modu‘in
2027 3501 2196 3553 dicitnr

240 3576 378 3620 etiam
400 3577 711 3636 metaphorice
734 3575 883 3630 irasci,
908 3575 956 3619 in
987 3583 1208 3634 quantum
1234 3571 1464 3632 puniendo
1490 3570 1599 3616 facit
1621 3569 1857 3616 irascentis
1869 3558 2109 3615 Qum.
